4784 5970
189 367 253 432 491
1007 363 1391 433 Paauuuculoults
2145 362 2210 427 492

191 576 265 621 cum
289 555 439 629 Ieremia,
462 551 519 618 sed
538 552 624 636 apud
647 553 754 635 ipsum
775 552 923 635 deposuit
941 573 1023 635 quae
1040 550 1168 617 volebat
1191 577 1196 669 q
1219 551 1299 617 Ideo
1334 553 1493 636 repetitur
1526 553 1608 618 haec
1641 553 1838 634 exhortatio,
1873 553 1924 619 Nc
1955 553 2074 619 tinctae
2107 571 2208 616 aarum

192 641 261 706 eius
282 660 360 705 voce
381 639 519 721 perferri
542 636 583 702 ad
612 648 717 703 totum
747 639 912 721 populum.
957 636 1036 702 Ideo
1059 638 1168 719 sequi·
1192 676 1195 747 q
1220 639 1312 719 ipsis.
1350 639 1471 705 Postea
1492 639 1594 716 addit,
1619 638 1671 703 Ne
1692 640 1798 704 timere
1819 645 1847 704 te
1866 639 1999 721 facium,
2020 637 2079 703 vel
2103 650 2207 702 eonte-

193 738 254 803 tur,
278 724 322 790 Et
347 730 391 789 tu.
435 725 596 788 Videmus
619 744 698 807 ergo
728 724 923 807 prophetam
947 723 1048 787 fuisse
1071 723 1167 788 edoc-
1220 745 1300 790 ram.
1346 738 1393 792 nn
1418 724 1583 807 significat
1606 723 1772 789 interdum
1791 725 1919 802 timere,
1941 724 2115 808 signifieat
2132 743 2204 788 eon·

192 827 261 875 tum
284 833 303 874 a
323 811 474 886 Domino,
498 819 533 873 ut
552 821 662 890 posset
679 820 768 876 certo
785 819 818 875 et
839 807 1002 891 intrepide
1021 809 1167 891 proferre
1220 818 1335 875 terere.
1391 809 1614 894 Hieronymus
1655 811 1803 891 corrupit
1842 808 2025 893 prophatae
2072 829 2203 874 sensum

190 917 273 979 quae
310 906 423 977 postea
459 894 653 960 videbimus.
720 894 926 960 Coniunctim
968 913 1046 978 ergo
1086 894 1168 959 haec
1220 915 1321 978 quum
1344 894 1437 974 dixit,
1464 895 1639 978 Nunquam
1664 894 1781 959 faciam
1804 905 1836 959 te
1867 895 1993 961 timere.
2040 894 2108 959 Eat
2137 894 2204 976 qui·

190 981 329 1065 legenda
351 992 438 1056 sunt,
462 1001 590 1063 nempe,
614 981 699 1062 quod
725 982 816 1046 Deus
839 981 919 1046 velit
947 979 1167 1045 conscendere
1191 948 1194 1063 l
1220 981 1293 1045 dem
1317 982 1371 1065 pia
1395 980 1475 1046 haec
1502 980 1658 1057 doctrina,
1690 980 1798 1045 Deum
1821 981 2003 1064 prophetae
2024 1001 2088 1045 eun
2111 979 2202 1044 datu·

191 1067 350 1145 tribunal,
390 1078 427 1130 ut
461 1087 557 1147 quam
600 1066 727 1131 distulit
762 1066 918 1131 ultionem
952 1077 1166 1148 exsequatur:
1191 1084 1194 1135 l
1221 1088 1293 1130 rum
1315 1064 1552 1140 fortitudinem,
1576 1077 1613 1131 ut
1636 1074 1760 1149 perstet
1781 1066 1927 1131 invictus
1949 1076 2068 1132 eontra
2090 1085 2203 1129 omnes

192 1153 309 1217 deinde
338 1151 421 1233 quod
453 1152 531 1215 velit
564 1151 736 1216 Ieremiam
770 1172 960 1234 praeconem
992 1171 1061 1217 esse
1092 1151 1166 1215 vin·
1190 1150 1194 1253 j
1219 1151 1339 1218 hostes.
1384 1153 1429 1217 Et
1450 1166 1537 1217 certe
1560 1153 1682 1216 frustra
1703 1172 1763 1217 nos
1784 1152 1984 1229 hortaretur,
2013 1150 2083 1218 nisi
2105 1151 2202 1215 etiam

192 1238 304 1315 dictae,
327 1238 367 1300 ad
391 1258 488 1320 quam
512 1240 580 1319 ipse
600 1250 735 1321 paratus
753 1244 812 1303 eat.
849 1238 900 1302 Ta
921 1257 999 1320 erqo.
1034 1236 1166 1300 Illative
1190 1256 1194 1297 ι
1219 1238 1335 1320 spiritu
1357 1258 1415 1302 suo
1438 1242 1497 1303 nos
1520 1236 1560 1302 ad
1585 1236 1807 1302 fortitudinem
1829 1239 2018 1315 instruerat,
2045 1237 2110 1303 hoc
2132 1236 2202 1319 qui·

191 1324 253 1388 lroc
274 1323 421 1386 additur:
444 1324 559 1404 copula
581 1325 666 1387 enim
687 1325 732 1387 ita
751 1322 844 1388 debet
862 1323 992 1400 resolvi,
1017 1323 1068 1387 Ta
1085 1342 1166 1405 erpo,
1190 1326 1193 1395 l
1219 1322 1293 1387 dem
1317 1335 1367 1388 est
1388 1341 1520 1388 verum:
1546 1323 1602 1388 sed
1626 1322 1839 1414 particulata
1863 1343 1928 1387 uon
1957 1322 2088 1408 patitur
2115 1322 2201 1388 huno

190 1409 250 1474 hoc
274 1419 333 1487 est,
357 1410 434 1491 quia
457 1408 574 1473 audisti
597 1430 649 1473 me
672 1410 732 1472 iam
757 1410 825 1473 fore
848 1409 987 1473 ultorem
1006 1408 1166 1472 scelerum
1191 1404 1193 1491 l
1219 1407 1324 1474 locum
1350 1410 1396 1473 ita
1417 1409 1549 1491 exponi.
1583 1407 1672 1488 Quid
1695 1429 1774 1493 ergo
1797 1409 1858 1474 sibi
1877 1408 1950 1473 uult
1973 1405 2090 1473 Deus?
2123 1407 2201 1473 Sive

189 1495 312 1578 populi,
349 1506 381 1557 et
415 1495 538 1558 instare
567 1506 696 1578 tempus
726 1494 909 1559 vindictae:
944 1493 1059 1557 deinde
1090 1494 1167 1574 quia
1190 1496 1193 1549 l
1219 1507 1387 1559 vertamus
1417 1508 1597 1572 conterere,
1627 1497 1696 1559 sive
1726 1495 1842 1559 timere
1871 1502 1904 1559 te
1932 1493 2064 1572 faciam,
2093 1504 2131 1559 ut
2160 1495 2201 1560 sit

189 1582 252 1646 scis
275 1580 335 1644 hoc
359 1580 418 1643 tibi
441 1580 539 1643 fuisse
563 1580 694 1655 dictum,
727 1592 764 1643 ut
785 1581 873 1662 ipsos
895 1580 1080 1655 admoneas,
1103 1599 1166 1661 quo
1190 1552 1193 1619 l
1220 1581 1356 1645 verbum
1377 1580 1587 1645 transitivum
1606 1592 1718 1669 quau,
1737 1580 1860 1661 optime
1878 1601 1995 1646 sensus
2013 1581 2199 1645 conveniet.

190 1667 296 1747 magia
328 1664 508 1728 reddantur
536 1665 792 1730 inexcusabiles:
821 1671 854 1730 tu
880 1665 983 1748 igitur
1009 1685 1090 1730 rrurrc
1119 1684 1167 1729 ac-
1191 1674 1193 1713 ¹
1220 1664 1310 1730 Deus
1334 1667 1431 1742 enim,
1461 1676 1632 1747 postquam
1658 1664 1851 1748 prophetam
1882 1685 1980 1731 auum
2010 1665 2111 1731 iussit
2132 1685 2200 1730 esse

189 1750 512 1832 ciaqelumbostuos.
548 1751 706 1816 Videmus
728 1771 881 1834 quorsum
902 1751 992 1815 Deus
1011 1751 1166 1833 privatim
1220 1751 1285 1816 alto
1308 1760 1342 1816 et
1363 1752 1486 1815 invicto
1505 1752 1623 1828 animo,
1647 1752 1712 1815 iam
1728 1749 1887 1834 adiungit,
1910 1751 2002 1817 (lave
2025 1750 2099 1829 tibi,
2121 1771 2198 1815 nam

190 1836 376 1916 alloquutus
405 1835 450 1899 ait
482 1855 614 1899 servum
644 1858 739 1900 auum
770 1836 953 1914 Ieremiam,
985 1856 1101 1919 nempe
1131 1845 1167 1899 ut
1219 1837 1247 1902 si
1270 1836 1406 1901 timidus
1428 1838 1482 1915 sis,
1513 1857 1573 1919 ego
1608 1837 1724 1901 faciam
1753 1847 1788 1900 te
1817 1837 1901 1901 serio
1932 1837 2061 1912 timere,
2086 1837 2139 1901 vel
2167 1857 2200 1901 re

192 1921 318 2004 publice
353 1919 468 1985 deinde
508 1932 742 2002 exsequeretur
771 1942 891 1987 munus
920 1923 1069 1988 doctoris.
1120 1922 1168 1985 Et
1189 1932 1194 2019 q
1218 1924 1288 2005 ipsa
1312 1936 1481 1986 conteram
1504 1932 1536 1984 te
1559 1942 1578 1985 a
1600 1923 1681 1986 facie
1711 1923 1866 2004 ipsorum.
1912 1920 2092 2006 Significat
2120 1941 2197 2005 ergo

190 2006 268 2071 hinc
301 2005 483 2088 colligimus
517 2007 631 2085 etiam,
663 2010 849 2090 quicunque
878 2010 986 2074 vocati
1017 2015 1094 2073 sunt
1125 2006 1166 2070 ad
1189 2024 1193 2065 ι
1219 2008 1271 2072 his
1294 2007 1414 2089 verbis,
1444 2006 1635 2089 prophetam
1658 2008 1738 2072 satie
1768 2007 1837 2072 foro
1867 2007 2043 2084 munitum,
2075 2007 2105 2073 si
2133 2007 2199 2091 ipsa

190 2091 368 2176 regendam
395 2093 455 2155 Dei
479 2093 646 2156 ecclesiam
677 2115 742 2157 non
773 2114 866 2176 posse
897 2095 996 2158 eximi
1019 2114 1039 2156 a
1061 2092 1166 2173 culpa,
1219 2104 1374 2177 agnoscat
1391 2114 1426 2157 se
1444 2092 1580 2157 missum
1602 2112 1672 2157 esse
1688 2112 1707 2155 a
1723 2091 1803 2169 Deo,
1827 2102 1860 2156 et
1879 2093 1926 2157 ita
1941 2101 2018 2176 agat
2042 2104 2198 2175 tanquam

190 2180 252 2243 nisi
286 2179 428 2260 ingenue
461 2187 493 2240 et
526 2178 681 2242 audacter
713 2179 882 2260 proferant
914 2177 1069 2260 quidquid
1104 2175 1166 2242 sibi
1220 2199 1278 2260 pro
1311 2198 1440 2242 summa
1473 2187 1643 2260 potestate,
1677 2198 1783 2260 neque
1812 2177 1875 2243 eibi
1903 2187 2031 2242 metuat
2062 2179 2105 2243 ab
2134 2179 2199 2243 ullo

189 2264 381 2328 mandatum
404 2269 461 2326 est.
508 2264 586 2327 Ideo
610 2264 687 2328 dicit
710 2263 832 2328 Paulus
855 2284 890 2327 ae
913 2285 983 2328 ease
1007 2260 1164 2328 mundum
1218 2264 1352 2327 homine
1374 2263 1512 2327 mortali.
1558 2262 1733 2328 (laetarum
1756 2261 1867 2328 subest
1889 2263 1942 2329 hic
1970 2264 2197 2329 comminatio:

191 2368 211 2410 a
244 2350 413 2430 sanguine,
447 2349 522 2427 quia
555 2369 613 2430 per
647 2349 760 2413 domos
793 2348 941 2432 singulas
974 2357 1007 2413 et
1039 2346 1167 2430 publice
1191 2404 1194 2422 ,
1219 2349 1315 2424 Vide,
1338 2350 1365 2413 si
1388 2359 1522 2414 strenue
1539 2359 1572 2412 te
1591 2368 1695 2432 geras.
1719 2346 1817 2413 adero
1840 2347 1911 2428 tibi,
1933 2358 1967 2414 et
1986 2351 2197 2432 quantumvis

191 2436 444 2496 annuntiaverat
462 2453 673 2515 quaecunque
691 2445 858 2515 acceperat
878 2455 897 2498 a
914 2432 1070 2507 Domino,
1093 2436 1165 2498 Act.
1191 2428 1194 2531 ξ
1220 2436 1324 2517 primo
1346 2434 1468 2498 intuitu
1486 2435 1552 2498 sint
1569 2432 1789 2498 formidabiles
1808 2434 1862 2516 qui
1886 2455 1921 2500 ae
1943 2436 2002 2501 tibi
2020 2446 2197 2519 opponent,

191 2519 243 2594 20,
266 2520 318 2582 26.
359 2519 403 2581 Et
426 2518 503 2581 alibi
523 2518 610 2595 dicit,
636 2520 704 2583 Vae
731 2519 812 2583 mihi
838 2520 900 2583 nisi
928 2518 1164 2602 evangelizem:
1191 2542 1194 2585 ι
1220 2519 1301 2584 nihil
1338 2530 1449 2583 tamen
1482 2520 1661 2602 proficient.
1718 2518 1816 2599 Quod
1855 2521 1882 2584 si
1917 2519 2055 2584 timidus
2089 2521 2135 2585 sis
2166 2536 2196 2584 et

192 2625 315 2668 munus
346 2605 432 2667 enim
464 2603 544 2667 mihi
574 2615 623 2668 cst
651 2605 837 2668 iniunctum
869 2604 912 2689 (l.
938 2604 1011 2669 Cor.
1042 2605 1072 2686 9,
1099 2601 1165 2689 16).
1190 2604 1194 2683 l
1219 2604 1447 2688 pusillanimis,
1481 2626 1541 2688 ego
1564 2618 1596 2669 te
1626 2604 1759 2669 reddam
1794 2606 2006 2688 probrosum:
2041 2605 2106 2671 hoc
2139 2617 2195 2684 eat,

191 2689 287 2770 Quod
311 2690 401 2753 iubet
425 2690 516 2753 Deus
543 2690 730 2770 paroplretaur
758 2691 915 2774 ccctrqarc
942 2690 1063 2754 tumbae
1083 2709 1166 2765 suos,
1191 2686 1194 2725 ³
1219 2711 1283 2754 non
1308 2703 1435 2754 tantum
1463 2692 1527 2755 eris
1556 2691 1663 2755 animo
1692 2690 1836 2769 timidus,
1864 2690 1921 2755 aed
1950 2691 2053 2756 etiam
2084 2692 2194 2758 facian

191 2776 253 2840 hoc
276 2774 390 2838 referri
413 2773 507 2838 debet
530 2775 570 2838 ad
591 2776 757 2852 vestitum,
780 2776 836 2857 qni
860 2789 938 2840 tunc
959 2777 993 2839 in
1018 2797 1080 2840 usu
1103 2776 1166 2839 fuit
1190 2822 1193 2895 q
1220 2787 1256 2840 ut
1284 2779 1328 2840 sis
1358 2774 1443 2858 apud
1472 2796 1585 2840 omnes
1615 2774 1830 2859 despicabilia,
1862 2776 1914 2842 vel
1944 2787 1982 2840 ut
2012 2790 2195 2860 conspuant

191 2859 425 2936 Orientalibus,
459 2862 553 2924 sicuti
588 2861 695 2926 adhuc
728 2872 848 2924 manet
904 2861 989 2926 Nam
1025 2869 1166 2926 utuntur
1190 2904 1193 2917 ·
1218 2882 1330 2926 omnes
1361 2862 1420 2925 tibi
1449 2860 1485 2925 in
1514 2861 1645 2926 faciem:
1680 2863 1754 2943 quia
1785 2881 1850 2925 non
1881 2863 1945 2926 eris
1974 2862 2108 2946 dignus,
2141 2883 2196 2944 pro

189 2946 298 3029 longis
331 2946 493 3009 vestibus:
535 2948 660 3026 quoties
698 2956 809 3010 autem
843 2946 998 3012 volebant
1031 2944 1166 3035 aggredi
1190 2928 1193 3065 ἰ
1219 2967 1283 3029 quo
1311 2966 1371 3030 ego
1402 2958 1555 3031 pugnem}
1589 2958 1621 3011 et
1649 2948 1702 3012 oui
1731 2947 1937 3031 suppeditem
1970 2948 2194 3013 fortitudinem

190 3053 272 3114 opus
294 3030 433 3112 aliquod,
458 3031 507 3093 vel
532 3033 659 3112 quoties
681 3029 900 3115 suscipiebant
925 3032 1066 3114 aliquam
1089 3051 1165 3114 pro·
1190 3084 1193 3133 Ι
1219 3045 1253 3096 et
1289 3033 1445 3097 virtutem
1483 3031 1523 3095 ad
1561 3031 1670 3097 hostes
1708 3046 1780 3097 tuos
1819 3032 2052 3117 profligandos.
2108 3034 2194 3116 Ergo

190 3118 370 3189 sectionem,
403 3115 554 3179 solebant-
576 3137 611 3180 se
634 3118 811 3199 accingere,
856 3116 947 3182 Dicit
968 3117 1079 3200 igitur,
1103 3117 1165 3181 Ac·
1190 3138 1193 3175 ι
1220 3117 1368 3182 videmus
1391 3137 1545 3199 quorsum
1567 3116 1629 3182 hoo
1652 3128 1785 3199 spectet,
1815 3117 1866 3182 Nc
1886 3118 2008 3201 timeae,
2030 3139 2072 3185 ne
2093 3120 2196 3184 timec

190 3203 279 3284 cinpe
300 3201 418 3264 lacubus
439 3206 519 3276 tuoe,
542 3201 603 3264 hoc
626 3211 683 3278 est,
708 3202 865 3285 suscipias
885 3201 969 3266 hanc
988 3201 1166 3283 expeditio·
1190 3192 1194 3281 l
1219 3204 1393 3285 tesceiam,
1421 3201 1483 3267 hoc
1506 3212 1565 3279 est,
1588 3203 1633 3267 sia
1655 3202 1733 3266 forti
1756 3212 1789 3267 et
1811 3204 1910 3268 alacri
1938 3204 2061 3285 animo,
2091 3226 2133 3270 ne
2154 3204 2195 3269 sia

191 3309 275 3359 nem.
307 3307 403 3369 quam
428 3288 485 3350 tibi
515 3287 661 3371 iniungo.
705 3286 837 3352 Interea
866 3286 1096 3351 strenuitatem
1126 3286 1166 3351 ab
1190 3296 1194 3373 Ι
1219 3290 1335 3352 merito
1360 3287 1542 3368 probrosus,
1572 3300 1605 3351 et
1632 3309 1696 3352 non
1720 3308 1822 3370 usque
1845 3287 1926 3353 adeo
1947 3299 2080 3355 metuas
2102 3291 2194 3373 ipsos,

190 3395 229 3439 eo
251 3375 355 3455 exigit
378 3385 414 3434 ut
437 3373 608 3454 expeditus
632 3372 671 3437 ad
695 3393 775 3454 opus
805 3383 930 3456 pergat.
977 3372 1087 3455 Serpa,
1118 3373 1167 3436 in·
1191 3382 1194 3465 ἶ
1220 3385 1257 3436 ut
1285 3374 1402 3437 merito
1431 3374 1527 3437 etiam
1557 3386 1694 3448 metuas,
1723 3395 1829 3456 neque
1863 3375 1894 3437 id
1927 3373 2034 3452 modo,
2067 3376 2126 3441 aed
2151 3390 2194 3441 ut

190 3461 268 3543 quit,
291 3465 318 3523 et
338 3457 460 3538 toquere
481 3460 524 3525 ad
553 3459 640 3539 queas
664 3478 863 3540 quaecunque
893 3457 950 3522 tibi
973 3478 1165 3540 wenemaro.
1190 3506 1194 3543 ,
1219 3458 1282 3541 ipsi
1306 3467 1337 3521 te
1360 3468 1540 3532 conterant,
1570 3469 1603 3521 et
1625 3458 1761 3541 pedibus
1783 3460 1925 3524 audeant
1953 3459 2091 3535 calcare,
2122 3461 2195 3543 quia

190 3546 341 3627 Denique
364 3543 416 3607 his
440 3544 550 3608 verbis
573 3545 738 3626 significat
762 3544 852 3609 Deus
874 3542 962 3608 nolle
985 3564 1020 3608 se
1043 3544 1084 3608 ad
1108 3564 1166 3607 ex·
1190 3556 1194 3619 j
1218 3542 1373 3627 indignus
1397 3543 1461 3608 eris
1490 3545 1540 3607 cui
1571 3543 1774 3626 suppeditem
1806 3544 2034 3609 fortitudinem
2064 3547 2196 3628 spiritus

190 3642 330 3693 tremum
355 3629 558 3704 descendere,
591 3629 692 3695 donec
714 3629 822 3695 adhue
845 3630 1021 3694 tentaverit
1044 3651 1086 3693 an
1109 3628 1167 3693 ali·
1191 3636 1194 3699 ἓ
1219 3631 1292 3694 mei.
1338 3629 1447 3693 Locus
1471 3629 1524 3694 hio
1545 3633 1689 3693 continet
1711 3631 1824 3694 utilem
1848 3630 2039 3711 doctrinam,
2069 3654 2112 3697 ex
2134 3650 2194 3714 qua

190 3737 254 3797 qua
276 3736 349 3795 spes
373 3715 616 3796 resipiscentiae
646 3717 747 3780 sitin
773 3715 831 3780 illo
858 3716 987 3798 populo.
1034 3713 1193 3785 Sciebat,
1219 3713 1373 3781 discimus
1401 3735 1570 3796 nunquam
1594 3714 1705 3780 deesse
1728 3716 1885 3780 virtutem
1906 3717 2015 3782 servis
2037 3718 2113 3795 Dei,
2143 3714 2194 3781 ubi

191 3800 321 3882 quidem
345 3820 479 3881 prorsus
506 3820 577 3862 esse
607 3799 811 3882 desperatos:
841 3801 897 3865 sed
922 3800 1025 3866 voluit
1055 3821 1165 3865 eorum
1190 3794 1194 3921 ι
1218 3801 1409 3883 concipiunt
1431 3801 1533 3864 animi
1556 3799 1825 3883 magnitudinem,
1857 3802 1934 3884 quia
1955 3813 2142 3886 agnoscunt
2161 3822 2194 3866 ee

191 3886 428 3949 contumaciam
462 3885 567 3967 magis
601 3884 769 3968 detegere,
809 3906 912 3969 quum
944 3885 1061 3949 ultimo
1095 3885 1165 3950 loco
1190 3932 1194 3973 ὅ
1219 3886 1327 3950 Deum
1357 3896 1503 3948 autorem
1534 3884 1656 3950 habere
1685 3906 1762 3951 auae
1790 3888 1977 3953 vocationis.
2021 3887 2090 3953 Ubi
2119 3907 2194 3971 ergo

191 3970 349 4033 Ieremiae
373 3971 546 4051 praecepit,
573 3980 611 4032 ut
633 3971 791 4051 proferret
812 3971 896 4037 hane
918 3970 1070 4035 ultimam
1092 3991 1166 4035 sen·
1190 3986 1193 4025 ι
1217 3973 1263 4035 ita
1286 3980 1364 4036 aunt
1387 3970 1600 4055 magnanimi,
1623 3971 1716 4036 Deus
1736 3971 1924 4054 suppeditat
1945 3970 2013 4039 illis
2034 3974 2195 4039 invictum

192 4056 328 4119 tentiam
362 4053 592 4118 damnationis.
648 4054 773 4119 Iterum
809 4055 928 4138 repetit
969 4056 1055 4139 quod
1088 4044 1194 4121 autel
1219 4055 1319 4121 robur
1354 4065 1388 4120 et
1424 4055 1662 4137 fortitudinem,
1699 4066 1737 4121 ut
1772 4057 1840 4122 sint
1875 4057 2100 4124 formidabiles
2137 4058 2194 4123 tot-i

192 4140 323 4204 dixerat
353 4139 403 4202 Ne
432 4141 543 4204 timeas
572 4161 593 4202 a
620 4140 703 4221 socie
730 4142 881 4222 erasmum.
925 4143 971 4206 Et
1000 4141 1080 4208 haec
1109 4164 1165 4207 ex·
1189 4126 1193 4199 l
1219 4141 1353 4207 mundo.
1400 4140 1436 4208 Si
1459 4151 1568 4206 autem
1592 4142 1735 4208 restricti
1761 4146 1841 4207 aunt
1862 4163 1900 4209 ac
1930 4143 2048 4223 timidi,
2079 4150 2114 4209 at
2133 4143 2196 4209 huc

191 4224 334 4290 hortatio
358 4223 451 4286 valde
477 4224 540 4287 fuit
570 4226 761 4305 necessaria,
789 4245 889 4307 quum
913 4226 1067 4292 Ieremias
1089 4229 1165 4292 sub·
1190 4232 1194 4291 l
1218 4239 1252 4291 et
1273 4226 1350 4292 illuc
1373 4229 1559 4304 flectuntur,
1591 4248 1629 4294 ao
1658 4236 1834 4293 moventur
1863 4238 1988 4293 terrore
2014 4228 2197 4308 hominum,

191 4314 254 4374 iret
275 4312 475 4391 provinciam
499 4330 563 4373 non
587 4332 703 4391 parum
722 4311 876 4376 odiosam.
911 4313 1052 4377 Perinde
1076 4315 1165 4377 enim
1220 4313 1310 4378 Deus
1332 4313 1439 4376 reddit
1461 4313 1535 4377 illos
1554 4312 1735 4395 probrosos,
1758 4325 1791 4378 et
1813 4314 1889 4379 fauit
1910 4323 1946 4379 ut
1964 4313 2006 4378 ad
2024 4314 2197 4380 minimam

192 4405 241 4460 est
264 4416 301 4459 ac
323 4397 350 4460 si
374 4407 460 4460 esset
482 4395 612 4473 fecialis,
636 4398 691 4478 qui
711 4395 831 4461 bellum
852 4395 1010 4462 indiceret
1033 4399 1165 4462 nomine
1218 4419 1381 4480 quamque
1408 4419 1522 4462 auram
1553 4399 1725 4481 trepident,
1752 4409 1785 4463 ct
1813 4399 1942 4481 penitus
1973 4410 2196 4467 conterantur.

191 4482 265 4546 Dei,
298 4479 672 4562 Quumergoleremias
691 4483 836 4564 praecise
853 4481 1039 4548 ostenderet
1057 4496 1165 4548 actum
1219 4482 1354 4563 Quare?
1389 4480 1516 4566 indigni
1548 4485 1635 4547 enim
1669 4494 1747 4549 sunt
1776 4504 1855 4566 quos
1884 4485 1975 4551 Deus
2006 4486 2134 4566 efferat,
2167 4496 2198 4549 et

192 4587 262 4632 esee
282 4567 321 4630 de
339 4565 465 4651 populo,
486 4567 637 4647 quoniam
651 4574 743 4632 tanta
763 4568 868 4633 fuerat
886 4567 957 4632 eius
975 4568 1165 4650 pervicacia,
1218 4569 1336 4651 quibua
1359 4569 1504 4651 porrigat
1526 4589 1671 4648 manum,
1694 4578 1728 4633 et
1749 4589 1827 4652 quos
1847 4570 1974 4635 muniat
1995 4573 2100 4637 armis
2122 4573 2197 4649 suia,

193 4664 228 4716 ut
257 4658 343 4717 Deus
373 4663 506 4737 negaret
535 4672 569 4714 se
605 4652 740 4734 posthac
768 4654 837 4718 fore
866 4653 1074 4730 exorabilem,
1104 4654 1166 4718 fuit
1219 4663 1252 4717 et
1270 4653 1397 4735 quibus,
1416 4653 1686 4735 quemadmodum
1705 4650 1987 4737 iam'dictumest,
2006 4656 2197 4740 suppeditet

192 4738 252 4802 hoc
275 4737 371 4803 valde
394 4757 545 4821 asperum
562 4739 690 4802 auditu:
714 4738 904 4821 praesertim
929 4739 954 4803 si
978 4749 1165 4820 reputamus
1219 4737 1440 4802 fortitudinem
1465 4740 1576 4820 animi,
1599 4761 1662 4822 qua
1680 4741 1806 4823 possint
1824 4751 1947 4807 terrere
1964 4751 2000 4806 at
2017 4741 2197 4821 diabolum,

193 4834 318 4906 quanta
351 4824 449 4888 fuerit
482 4823 633 4903 superbia
666 4824 701 4887 in
735 4823 874 4889 Iudaeis.
930 4823 1167 4889 Gloriabantur
1219 4832 1377 4888 ettotam
1401 4824 1571 4890 mundum.

191 4910 279 4973 enim
302 4919 413 4974 sancto
436 4929 495 4974 suo
525 4929 658 4990 genere:
691 4908 816 4987 deinde,
849 4920 883 4973 ut
913 4919 1024 4991 postea
1048 4909 1167 4973 videbi-

191 5016 275 5071 mus,
306 4995 464 5076 templum
487 5003 558 5059 erat
587 4993 652 5058 illis
682 4996 773 5076 quasi
802 4994 1065 5078 inexpugnabilis
1095 5016 1165 5058 mu·
1577 5015 1833 5079 PRECATIO·

192 5080 274 5145 nitio
295 5079 451 5146 adversus
471 5079 588 5146 Deum.
624 5079 734 5159 Quum
754 5102 830 5164 ergo
850 5081 1039 5163 praefractis
1058 5090 1167 5144 essent

192 5166 343 5246 ingeniis,
375 5186 506 5231 necesse
539 5164 601 5228 fuit
633 5165 828 5248 prophetam
863 5188 929 5229 non
962 5165 1062 5231 semel
1091 5186 1165 5229 con·
1304 5163 1369 5246 Du,
1392 5166 1580 5249 omratpoteua
1602 5167 1699 5246 Deae,
1725 5168 1849 5248 quaudo
1879 5167 1971 5234 semel
1992 5170 2146 5254 ᾶίφιιαέιιε
2168 5189 2200 5235 es

191 5250 314 5314 firmari
346 5272 365 5315 a
394 5251 473 5330 Deo,
508 5262 545 5317 ut
574 5272 694 5315 munus
729 5271 824 5316 suum
858 5252 962 5316 obiret
994 5251 1164 5332 intrepide.
1218 5270 1342 5315 seruam
1374 5256 1462 5316 tuum
1499 5250 1668 5317 Ieremium
1698 5253 1743 5318 ita
1777 5255 1903 5319 mantra
1934 5254 2053 5321 invida
2086 5257 2200 5322 oirtrcte
