4784 5970
106 396 168 462 301

106 583 163 648 sed
185 582 226 647 ad
249 582 428 648 fulciendos
450 581 572 648 debiles
590 582 716 648 animos
734 584 918 650 necessario
937 582 1076 659 additae,

108 679 145 734 ut
166 667 251 751 quod
274 668 393 752 alioqui
416 666 606 734 incredibile
628 678 700 734 erat
721 679 809 733 certc
831 669 911 751 ipsis
941 688 1076 752 persua·

109 754 249 820 deretur.
296 754 359 836 Qui
380 759 550 838 cengregat.
595 752 705 819 Deum
729 775 787 837 pro
808 775 925 819 censae
942 755 1076 820 circum·

109 840 231 905 stantia
253 839 315 905 hoc
336 840 481 922 epitheto
502 839 654 923 insignit:
677 841 753 922 quia
775 841 844 905 eius
866 840 1008 905 officium
1034 840 1078 903 sit

108 945 308 1010 congregare
326 924 517 1009 dissipatam
536 924 714 1003 ecclesiam,
737 924 823 1007 quod
841 925 927 989 idem
946 924 1078 989 Psalmo

110 1011 170 1075 147
193 1009 239 1094 (v.
262 1010 296 1097 2)
326 1011 446 1094 legitur
475 1010 511 1075 in
540 1009 680 1076 eundem
713 1031 853 1076 sensnm.
899 1010 977 1075 Ideo
1003 1031 1077 1093 pro-

108 1097 211 1162 mittit
243 1117 278 1161 se
307 1104 562 1181 aggregaturum
592 1098 693 1179 ipsos:
732 1116 792 1162 nec
821 1098 910 1179 ipsos
939 1106 1077 1174 tantum,

108 1181 164 1247 sed
186 1184 297 1248 varios
320 1181 456 1265 populos
478 1183 557 1264 ipsis
579 1182 819 1260 adiuncturum,
842 1192 881 1246 nt
902 1182 1076 1266 magnoin

109 1287 246 1332 numero
268 1275 423 1352 augescat
445 1277 478 1332 et
499 1267 736 1350 multiplicetur
754 1268 898 1332 ecclesia.
933 1266 1078 1333 Proinde

108 1354 235 1436 quoties
268 1354 369 1419 variis
400 1354 553 1419 eeclesiae
587 1352 732 1419 cladibus
761 1354 903 1435 perculsi
936 1353 976 1418 de
1008 1353 1078 1418 eius

108 1438 299 1505 collectione
321 1438 516 1516 diffidimus,
547 1439 634 1504 hune
659 1439 811 1524 elypeum
841 1439 979 1504 obiicere
1003 1459 1076 1503 ecu-

109 1526 216 1605 venit,
256 1525 387 1590 Domini
428 1533 477 1589 est
516 1545 714 1608 congregare
754 1524 916 1606 dispersos
955 1523 1077 1589 Israel:

108 1610 257 1693 quamvis
278 1608 374 1695 longe
397 1609 533 1694 dispersi
557 1632 594 1676 ac
616 1609 740 1675 disiecti
770 1610 851 1688 sint,
886 1620 994 1675 tamen
1024 1631 1078 1674 eos

108 1697 141 1759 in
164 1696 330 1777 integrum
358 1695 453 1761 facile
483 1697 641 1761 restituet.
686 1695 799 1760 Adbuc
826 1695 1009 1780 mcprepnbo
1037 1695 1079 1760 ed

107 1802 185 1846 eum.
231 1782 303 1866 llgo
324 1781 464 1846 libenter
491 1781 617 1846 retineo
646 1782 875 1863 proprietatem
906 1783 1078 1846 verborum

107 1868 292 1950 prophetae.
339 1853 389 1944 ἓν,
418 1867 451 1931 id
480 1876 546 1945 est,
576 1867 628 1930 Ad
657 1867 708 1931 vel
738 1867 856 1948 Super.
901 1867 1078 1949 Respicere

106 1953 195 2018 enim
228 1953 311 2016 mihi
344 1953 475 2019 videtur
506 1953 546 2017 ad
581 1951 613 2016 id
652 1950 736 2034 quod
772 1953 938 2035 superiore
978 1973 1078 2017 versu

110 2038 247 2114 dixerat,
270 2039 339 2103 iore
363 2047 398 2103 ut
421 2039 580 2120 templum
603 2048 730 2120 pateret
757 2038 909 2104 omnibus
938 2038 1077 2120 populis.

109 2125 154 2188 Et
176 2125 338 2207 significat
358 2146 394 2189 se
417 2123 457 2187 ad
479 2123 617 2189 Iudaeos
636 2124 690 2206 qui
710 2123 835 2190 collecti
854 2124 984 2201 suerint,
1007 2124 1078 2206 plu·

109 2229 163 2274 res
192 2210 291 2274 etiam
318 2209 398 2274 alios
426 2209 629 2274 additurum:
668 2209 753 2291 quod
787 2231 822 2273 re
855 2210 926 2292 ipsa
958 2211 1078 2274 evenit.

109 2294 178 2360 Nec
200 2295 288 2360 enim
310 2294 513 2361 solummodo
535 2294 664 2377 collegit
687 2296 848 2377 dispersos
877 2298 911 2359 in
934 2294 1078 2379 Babylo-

110 2381 182 2464 nia,
216 2378 272 2445 sed
295 2392 327 2446 et
357 2382 437 2446 alias
467 2380 693 2462 dissipationes
722 2381 869 2465 collegit,
903 2403 984 2463 quae
1014 2381 1078 2444 ire-

110 2477 246 2549 quentes
270 2476 303 2531 et
325 2487 407 2548 pene
429 2467 635 2549 quotidianae
657 2468 799 2532 fuerunt.
842 2466 912 2532 Nec
933 2487 1078 2549 unquam

110 2550 261 2636 colligere
283 2552 440 2618 cessavit:
471 2555 517 2616 ita
540 2563 575 2616 ut
602 2573 760 2635 magnum
789 2554 957 2617 cumulum
988 2552 1079 2617 addi-

110 2638 194 2704 derit
217 2639 257 2702 ad
280 2640 359 2703 istos
381 2648 602 2721 congregatos.

196 2724 226 2788 9.
255 2723 384 2808 (Omnes
405 2722 541 2807 bestiae.)
586 2721 726 2786 Videtur
755 2721 816 2786 hcc
846 2723 1035 2788 vaticinium
1060 2744 1079 2787 a

110 2809 331 2891 superioribus
352 2808 550 2892 discrepare:
578 2830 654 2872 nam
678 2828 760 2889 quae
783 2809 941 2872 hacteuus
964 2830 983 2872 a
1005 2830 1077 2890 prc-

110 2893 209 2976 pheta
231 2893 318 2960 dicta
340 2905 418 2958 sunt
439 2894 535 2976 plena
559 2894 696 2959 inerunt
723 2894 934 2958 suavissimae
966 2915 1078 2959 cousc-

110 2981 257 3045 lationis:
281 3002 366 3045 nuuc
385 2991 492 3044 autem
512 2977 641 3045 videtur
659 2980 812 3044 atrociter
832 2979 959 3057 minari,
982 2992 1079 3061 atque

109 3065 306 3130 horrendem
353 3067 538 3131 vastitatem
583 3066 745 3130 nuntiare.
811 3065 905 3130 Haec
948 3065 1078 3147 quidem

111 3152 293 3235 pugnantia
314 3151 416 3216 videri
439 3159 588 3234 possent:
621 3151 676 3218 sed
700 3160 869 3233 postquam
897 3151 1078 3216 consolatus

110 3248 159 3300 est
181 3237 269 3321 pios,
299 3237 441 3301 alienum
465 3236 570 3301 videri
593 3258 657 3301 non
682 3235 776 3301 debet
798 3239 826 3301 si
849 3237 935 3320 ipsos
965 3235 1005 3301 de
1027 3238 1078 3301 lu·

111 3334 184 3387 tura
205 3321 388 3387 calamitate
412 3334 638 3405 praemoneat:
673 3345 713 3387 ne
736 3342 835 3404 quum
858 3323 969 3387 omnia
993 3323 1079 3387 vide·

110 3420 183 3472 rent
205 3408 351 3473 interitui
375 3409 535 3490 proxima,
563 3410 709 3473 animum
732 3408 978 3490 desponderent.
1024 3408 1078 3472 Si·

110 3493 178 3557 mul
202 3495 300 3558 etiam
319 3506 355 3558 ut
372 3494 444 3576 ipsa
462 3497 638 3560 necessitas
656 3514 711 3558 eos
729 3504 867 3571 acueret,
891 3515 954 3575 quc
973 3493 1078 3576 magis

110 3579 248 3645 sollicite
270 3590 303 3644 et
332 3579 497 3645 ferventer
526 3582 566 3644 ad
589 3578 652 3645 Dei
683 3582 821 3662 gratiam
851 3580 1076 3660 contegerent.

110 3665 245 3731 Accedit
267 3666 363 3729 etiam
388 3667 451 3731 alia
474 3666 576 3730 ratic:
603 3664 701 3745 Quod
723 3665 914 3747 hypocritae
937 3665 1077 3728 abutun-

110 3756 165 3814 tur
199 3751 365 3833 promissis
397 3749 462 3815 Dei
495 3772 597 3834 eaque
630 3751 710 3815 falec
727 3749 947 3831 ,obtendunt,
986 3771 1076 3832 spem

110 3836 297 3917 concipiunt
318 3835 449 3900 inanem
471 3848 568 3919 atque
589 3838 768 3901 insolenter
790 3836 830 3899 de
855 3835 894 3900 iis
923 3854 1007 3918 quae
1029 3835 1078 3899 ni·

109 3920 158 3985 hil
181 3919 221 3984 ad
252 3941 286 3985 se
315 3922 480 4003 pertinent
513 3923 705 4006 gloriantur.
750 3920 813 3986 His
845 3922 946 4005 igitur
979 3921 1078 3986 salsae

109 4006 293 4072 iactetionis
316 4007 482 4072 materiam
505 4006 648 4072 adimere
677 4007 782 4072 voluit
811 4005 923 4073 Isaiae.
968 4009 1078 4088 Atque

109 4091 156 4156 ita
177 4090 298 4174 duplex
319 4093 389 4158 eius
410 4092 584 4159 consilium
605 4092 685 4157 luit:
712 4094 862 4175 primum,
886 4113 927 4156 ne
950 4094 1078 4175 piorum

110 4177 210 4242 animi
222 4177 451 4263 frangerentur
462 4179 562 4244 variis
576 4177 823 4255 calamitatibus,
843 4178 959 4262 quibus
977 4199 1078 4262 prope

112 4261 152 4327 ad
175 4263 432 4331 internecionem
455 4263 625 4347 redigendi
648 4274 752 4342 erant,
774 4265 840 4329 imo
862 4262 958 4328 rebus
980 4267 1077 4328 etiam

110 4346 218 4415 adhue
240 4351 357 4431 quietis
379 4347 442 4414 fide
464 4349 577 4432 procul
598 4361 768 4416 cernentes
790 4350 933 4415 futuram
952 4348 1077 4415 cladem

110 4434 207 4498 unicc
230 4434 291 4501 hoc
313 4435 428 4500 solatio
446 4435 592 4500 contenti
611 4437 733 4500 forent:
757 4434 873 4500 deinde
892 4446 927 4500 ut
944 4436 1078 4500 horrore

111 4530 144 4585 et
166 4529 256 4584 metu
280 4521 470 4602 percelleret
499 4523 695 4606 hypocritas,
719 4542 760 4585 ne
775 4542 861 4585 vana
884 4522 1078 4586 confidentia

111 4625 183 4671 sese
204 4605 374 4687 efferrent,
404 4606 527 4690 sibique
550 4617 723 4690 praetextu
746 4606 862 4671 harum
894 4608 1079 4689 promissio·

975 393 1127 461 CAPUT
1148 392 1242 459 LVI.

2038 396 2101 463 302

1130 580 1287 664 iutelligit
1307 582 1415 645 omnis
1437 582 1584 665 generis:
1618 603 1677 648 nso
1706 592 1833 648 tantum
1857 581 2041 650 Chaldaeos
2068 595 2102 651 et

1130 666 1300 750 Assyrios,
1334 665 1391 730 sed
1421 665 1641 746 Antiochum,
1674 668 1857 748 Romanos,
1891 681 2100 754 caeterosque

1129 751 1242 835 populi
1264 752 1374 816 hostes
1396 753 1658 835 comprehendit,
1682 775 1701 818 a
1723 754 1839 836 quibus
1863 756 1972 821 variae
1993 756 2101 822 clades

1130 837 1243 902 illatae
1264 850 1347 902 sunt
1396 836 1461 904 Sed
1489 839 1692 920 potissimum
1722 861 1794 904 sam
1822 851 1948 923 spectat
1976 841 2100 907 cladem

1130 944 1228 1006 quam
1250 925 1374 1006 aceepit
1396 924 1535 1006 populus
1557 947 1576 991 a
1599 924 1791 1002 Chaldaeis,
1821 947 1922 1009 quum
1950 928 1991 992 ab
2020 928 2100 1012 ipsis

1130 1010 1164 1074 in
1187 1010 1342 1074 miseram
1365 1011 1560 1075 servitutem
1581 1010 1739 1076 abductus
1762 1022 1819 1077 est.

1218 1095 1267 1160 10.
1298 1094 1553 1180 (Speculatores.)
1597 1096 1693 1162 Nunc
1721 1096 1853 1163 subiicit
1883 1118 2014 1163 cansam
2041 1120 2101 1164 cur

1130 1180 1315 1262 perdendus
1337 1181 1381 1245 sit
1404 1180 1558 1264 populus:
1592 1183 1677 1264 qucd
1699 1183 1822 1248 scilieet
1848 1202 1867 1248 a
1890 1183 1984 1248 malis
2005 1204 2099 1265 prae·

1130 1266 1223 1330 fectis
1247 1278 1279 1331 et
1302 1268 1486 1349 pastoribus
1516 1277 1701 1352 regeretur:
1735 1290 1800 1333 non
1832 1269 1916 1350 qued
1946 1269 1982 1332 in
2011 1271 2100 1351 ipsos

1130 1352 1216 1417 solos
1237 1353 1366 1434 culpam
1390 1354 1523 1418 reiicsre
1546 1354 1634 1432 velit,
1658 1355 1813 1436 populum
1836 1376 1914 1419 vero
1928 1355 2098 1421 innoxium

1131 1458 1202 1502 esse
1224 1449 1331 1521 putet:
1365 1436 1421 1503 sed
1444 1438 1529 1521 qnod
1554 1441 1618 1505 tale
1640 1450 1725 1505 esset
1746 1440 1876 1504 initium
1898 1441 1986 1505 mali.
2031 1440 2099 1507 Nec

1130 1525 1217 1587 enim
1241 1524 1418 1588 eximimur
1439 1544 1458 1588 a
1480 1524 1576 1608 culpa
1597 1527 1624 1590 si
1647 1545 1759 1591 caecos
1789 1526 1885 1590 duces
1915 1548 2099 1610 sequamur,

1130 1609 1187 1672 sed
1210 1609 1318 1691 potius
1341 1608 1457 1692 dignas
1478 1611 1656 1676 sceleribus
1678 1611 1801 1676 nostris
1823 1632 1944 1694 poenas
1971 1609 2098 1678 damus.

1130 1693 1215 1758 Nam
1239 1696 1339 1760 bonos
1362 1694 1460 1761 duces
1482 1695 1522 1761 iis
1545 1697 1642 1780 eripit
1664 1696 1843 1776 Dominus,
1873 1717 1954 1779 quos
1984 1698 2024 1762 cb
2047 1698 2099 1761 in·

1130 1780 1363 1862 gratitudinem
1386 1801 1479 1846 suam
1495 1782 1604 1847 ulcisci
1621 1782 1702 1847 vult.
1736 1781 1984 1866 Speculaterum
2003 1804 2099 1866 porro

1130 1867 1261 1930 nomine
1284 1887 1349 1930 non
1379 1867 1484 1931 solnm
1515 1868 1670 1951 intelligit
1699 1868 1876 1952 prophetas
1907 1869 2023 1952 quibus
2050 1869 2098 1933 in-

1130 1951 1279 2016 iunctum
1310 1965 1379 2016 erat
1408 1951 1544 2017 docendi
1574 1975 1709 2036 munus,
1742 1955 1799 2019 sed
1834 1957 1930 2018 etiam
1965 1955 2097 2034 iudices,

1131 2038 1310 2118 praefectos
1336 2059 1373 2102 ac
1402 2058 1513 2120 reges,
1547 2040 1602 2121 qui
1636 2040 1698 2104 rite
1730 2040 1840 2104 omnia
1870 2041 2099 2106 administrare

1131 2121 1317 2187 debuerant.
1358 2123 1543 2206 Utrumque
1566 2126 1654 2188 enim
1676 2125 1822 2208 regimen
1845 2127 2098 2208 comprehendit,

1131 2219 1164 2271 et
1187 2208 1433 2291 praefectorum,
1463 2221 1497 2273 et
1519 2210 1744 2275 ministrorum
1767 2211 1858 2275 verbi
1881 2233 1961 2293 quos
1983 2211 2099 2276 Domi·

1132 2315 1193 2358 nus
1218 2295 1318 2359 veluti
1341 2294 1433 2359 binos
1462 2295 1497 2358 in
1528 2316 1662 2378 corpore
1690 2297 1815 2374 oculos,
1849 2295 1889 2360 ad
1923 2296 2099 2381 regendam

1131 2379 1299 2444 ecelesiam
1322 2381 1500 2445 constituit.
1546 2381 1690 2446 Proinde
1713 2383 1740 2447 si
1763 2383 1855 2463 pravi
1884 2383 1952 2447 sint
1973 2384 2027 2448 vel
2049 2385 2100 2448 in·

1131 2465 1204 2542 fidi,
1237 2464 1328 2529 nulla
1356 2464 1496 2531 deterior
1525 2469 1627 2550 pestis
1657 2468 1854 2550 reipublicae
1882 2469 1960 2532 oriri
1983 2480 2099 2550 potest.

1132 2551 1280 2613 Primum
1300 2572 1376 2615 vero
1391 2553 1567 2634 exprobrat
1582 2553 1646 2618 illis
1662 2554 1823 2618 inscitiam
1840 2574 1942 2617 suam.
1977 2554 2099 2633 Quem·

1132 2635 1305 2699 admodum
1324 2638 1412 2700 enim
1431 2640 1604 2720 praecipua
1621 2636 1678 2703 dos
1693 2639 1770 2704 boni
1787 2639 1925 2720 pastoris
1940 2651 1990 2703 est
2005 2660 2101 2705 nosse

1130 2722 1271 2786 cilicium
1297 2743 1408 2800 suum,
1439 2724 1573 2805 utquid
1596 2725 1689 2807 gregi
1718 2723 1810 2801 utile,
1841 2724 1918 2806 quid
1948 2725 2099 2789 nocivum

1131 2808 1175 2870 sit
1196 2805 1331 2884 iudicet,
1361 2820 1457 2890 atque
1481 2809 1592 2873 sedulo
1617 2810 1752 2893 vigilare
1774 2819 1807 2873 et
1829 2821 1917 2873 stare
1942 2811 2034 2891 quasi
2064 2811 2098 2875 in

1131 2892 1280 2973 specula,
1314 2902 1350 2957 ut
1373 2895 1522 2958 omnibus
1545 2895 1649 2960 modis
1672 2896 1741 2959 eius
1762 2894 1901 2960 salutem
1931 2907 2098 2977 procuret:

1130 2980 1177 3042 ita
1199 2978 1283 3042 nihil
1305 2982 1409 3062 magis
1432 2980 1473 3044 ab
1496 2981 1566 3062 ipso
1589 2981 1732 3045 alienum
1756 2990 1806 3045 est
1827 3000 1924 3063 quam
1947 2982 2099 3064 ignoran-

1130 3065 1177 3128 tia
1207 3074 1239 3128 et
1268 3066 1415 3130 caecitas.
1462 3065 1565 3130 Nemo
1595 3067 1697 3150 igitur
1725 3066 1854 3131 futurus
1884 3077 1933 3131 est
1963 3067 2100 3133 idoneus

1130 3161 1242 3232 pastor
1264 3151 1324 3214 nisi
1348 3151 1403 3234 qui
1426 3162 1546 3217 rectam
1570 3151 1772 3237 gubernandi
1800 3151 1909 3235 populi
1940 3154 2097 3218 rationem

1130 3246 1229 3300 tenet.
1274 3236 1384 3319 Atque
1407 3237 1482 3302 hinc
1504 3251 1638 3321 apparet
1660 3237 1738 3322 quid
1760 3237 1964 3302 sentiendum
1994 3240 2038 3302 sit
2059 3238 2099 3303 de

1130 3321 1224 3386 idolis
1258 3322 1361 3387 nostri
1394 3324 1567 3404 temporis,
1598 3325 1651 3405 qui
1685 3323 1823 3406 superbe
1856 3334 1888 3386 et
1921 3323 2099 3389 insolenter

1132 3418 1297 3489 pastorum
1339 3408 1470 3472 nomine
1511 3409 1708 3492 gloriantur,
1749 3429 1848 3489 quum
1882 3408 2032 3472 indoctae
2066 3418 2099 3473 et

1130 3495 1264 3576 ignarae
1290 3495 1357 3558 sint
1385 3493 1515 3558 bestiae.
1562 3492 1713 3558 Secundo
1743 3493 1813 3558 loco
1843 3514 1961 3558 vocans
1990 3504 2099 3559 mutos

1130 3600 1236 3654 canes,
1271 3578 1382 3643 obiicit
1413 3579 1478 3642 illis
1512 3579 1678 3663 ignaviam
1711 3586 1745 3642 et
1778 3578 1968 3642 socordiam.
2014 3579 2098 3643 Nam

1130 3685 1229 3747 quum
1248 3675 1413 3746 pastorem
1431 3665 1552 3729 bonnm
1573 3664 1684 3729 deceat
1702 3662 1863 3728 industria
1882 3673 1915 3727 et
1932 3663 2098 3748 sedulitas,

1130 3751 1208 3812 dum
1231 3749 1369 3832 ignavos
1392 3749 1479 3833 ipsos
1502 3760 1533 3812 et
1555 3749 1704 3814 socordes
1728 3761 1828 3825 vocat,
1853 3749 1996 3814 ostendit
2013 3750 2098 3815 nihil

1129 3836 1165 3898 in
1188 3835 1234 3899 eis
1260 3834 1361 3900 inisse
1392 3833 1476 3918 quod
1507 3846 1669 3918 pastorem
1699 3835 1835 3899 deceret.
1881 3833 1990 3914 Quum
2021 3857 2099 3920 ergo

1130 3921 1337 3985 destituimur
1359 3921 1452 3985 bonis
1474 3922 1669 4003 pasteribus,
1692 3932 1789 4004 atque
1805 3921 1839 3985 in
1858 3941 1970 3984 eorum
1991 3920 2098 3986 locum

1130 4008 1268 4090 ignavae
1308 4017 1364 4070 eut
1407 4008 1505 4071 etiem
1547 4009 1707 4072 immanes
1746 4005 1872 4071 belluae
1912 4006 2100 4085 succedunt,

1131 4112 1344 4174 agnoscamus
1367 4093 1448 4158 iram
1472 4091 1553 4172 Dei,
1587 4102 1685 4176 atque
1707 4093 1846 4159 exitium
1876 4091 1965 4154 hand
1987 4093 2101 4176 procul

1131 4176 1242 4242 abesse
1273 4177 1512 4262 intelligamus:
1546 4181 1619 4262 quia
1653 4178 1730 4244 hine
1763 4177 1922 4260 propheta
1953 4179 2101 4242 minatur

1130 4284 1167 4329 ae
1200 4263 1371 4327 denuntiat
1404 4265 1523 4346 populo
1556 4265 1744 4345 interitum,
1782 4262 1835 4326 ubi
1870 4262 2099 4328 obmutescunt

1130 4358 1285 4432 pastores.
1325 4348 1421 4415 Unde
1436 4351 1584 4432 sequitur
1606 4349 1760 4439 constitui
1783 4371 1803 4413 a
1825 4347 1897 4412 Deo
1920 4360 1957 4413 ut
1980 4369 2099 4413 canum

1130 4435 1271 4500 officium
1294 4447 1468 4518 praestent,
1498 4435 1612 4515 idest,
1643 4435 1795 4501 excubias
1825 4445 1934 4517 agant,
1964 4435 2099 4519 abigant

1131 4520 1273 4584 latrones
1292 4539 1329 4584 ao
1346 4521 1444 4596 fures,
1467 4543 1527 4587 nec
1545 4543 1600 4588 eos
1618 4522 1652 4585 in
1671 4521 1758 4586 ovile
1775 4521 1902 4604 ingredi
1919 4521 2097 4602 patiantur.

1130 4605 1226 4686 Quod
1250 4606 1277 4670 si
1300 4616 1365 4671 tam
1389 4607 1455 4671 fida
1477 4617 1526 4673 est
1548 4606 1695 4673 custodia
1717 4627 1853 4686 canum,
1883 4616 1914 4670 et
1938 4626 2099 4688 propensa

111 4712 191 4756 num
212 4691 350 4757 nimium
372 4693 589 4775 indulgerent.
625 4692 804 4775 Propterea
821 4693 958 4757 advocat
977 4692 1077 4770 Deus,
1129 4692 1256 4757 affectio
1278 4692 1311 4755 iu
1336 4692 1498 4771 dominos,
1529 4702 1565 4758 ut
1587 4714 1715 4776 semper
1736 4693 1875 4775 vigilent
1904 4712 1963 4773 pro
1985 4712 2098 4756 eorum

111 4799 176 4843 non
200 4776 359 4856 homines,
382 4779 438 4843 sed
461 4779 664 4844 truculentas
685 4779 813 4854 bestias,
841 4778 999 4860 aquibus
1021 4799 1076 4861 po·
1129 4779 1251 4854 salute,
1278 4799 1338 4843 nec
1365 4778 1485 4843 latratu
1512 4779 1641 4863 abigere
1672 4780 1822 4843 desinant
1848 4798 1903 4843 ecs
1933 4797 1952 4840 a
1981 4777 2098 4859 quibus

111 4861 207 4946 pnlus
231 4862 413 4930 devoretur.
458 4864 535 4929 Pice
556 4865 658 4949 igitur
686 4864 870 4946 perturbari
896 4873 930 4927 et
959 4863 1077 4929 sollici·
1129 4863 1309 4945 perieulum
1338 4864 1506 4928 imminet:
1544 4867 1666 4948 pudere
1696 4863 1791 4929 debet
1822 4870 1984 4946 pastores,
2018 4862 2097 4927 dum

111 4950 174 5013 tari
196 4948 237 5014 ad
262 4947 477 5014 diffidentiam
502 4962 604 5026 vetat,
635 4971 736 5033 quum
758 4948 819 5015 hae
848 4948 935 5014 ferae
958 4949 1079 5015 bestiae
1128 4950 1281 5033 ignaviae
1299 4959 1332 5013 et
1350 4950 1584 5015 somnolentiae
1602 4970 1681 5015 suae
1701 4948 1883 5033 indulgent,
1903 4948 1943 5012 ab
1962 4949 2098 5014 animali

110 5034 293 5101 mittentur.
329 5033 523 5117 Quanquam
546 5037 670 5101 interea
692 5036 770 5117 ipsis
786 5055 912 5117 quoque
927 5037 1078 5100 timorem
1129 5036 1225 5100 bruto
1247 5036 1405 5116 superari.

111 5121 257 5186 incutere
281 5120 400 5199 voluit,
431 5132 469 5185 ut
490 5120 531 5184 ad
554 5122 787 5204 poenitentiam
811 5121 1011 5185 stimularet:
1046 5134 1079 5186 et
1217 5122 1267 5186 11.
1289 5119 1348 5206 (Et
1367 5141 1459 5186 cauea
1478 5119 1552 5207 titi.)
1590 5121 1738 5187 'Pertium
1761 5120 1875 5185 vitium
1899 5120 1983 5202 quod
2006 5129 2097 5188 notat

111 5205 152 5270 ad
175 5206 391 5289 expetendam
415 5205 478 5272 Dei
500 5207 753 5272 misericordiam
783 5205 908 5271 hortari
938 5228 979 5271 ne
1006 5228 1078 5290 prc-
1130 5208 1164 5271 iu
1187 5208 1283 5271 malis
1306 5208 1490 5288 pasteribus
1512 5215 1562 5272 est
1591 5206 1783 5274 insatiabilis
1813 5205 1953 5271 habendi
1973 5209 2097 5291 cupidi·

111 5291 284 5357 missiones
307 5291 508 5357 vilescerent.
552 5292 665 5373 Quum
688 5292 805 5358 bestias
827 5293 900 5377 apri
921 5293 1078 5372 nominat,
1132 5303 1190 5359 tas
1236 5292 1379 5358 Tametsi
1401 5293 1513 5378 ignavi
1536 5294 1613 5375 siut,
1642 5295 1758 5377 inquit,
1787 5292 1828 5358 ad
1858 5313 1911 5358 res
1939 5295 2020 5359 bene
2042 5295 2099 5360 ad·
