4784 5970
2117 384 2182 449 114

195 387 256 450 113
1035 386 1186 454 onPUu
1206 386 1334 452 XLIV.

194 585 250 639 tur
272 574 313 639 ad
336 574 412 640 dees
434 571 650 651 fabricandos,
679 594 739 640 nec
760 574 829 638 ulla
858 574 1035 640 monitione
1064 595 1159 640 revo-
1213 574 1377 657 ripiuntur
1407 593 1465 638 suo
1494 575 1634 658 impetu:
1668 573 1722 637 ubi
1746 593 1822 637 vero
1852 572 1892 637 ad
1914 593 1952 637 sa
1968 570 2119 650 redeunt,
2149 582 2183 635 et

194 670 320 725 cantur.
363 658 411 725 Aa·
433 659 550 742 dicant,
580 659 702 724 nemini
725 660 786 725 hcc
808 679 951 742 unquam
973 662 1103 726 venisse
1124 660 1160 724 in
1213 660 1353 742 spatium
1375 658 1505 741 aliquod
1528 659 1692 741 cogitandi
1715 665 1863 737 sumunt,
1893 676 2013 740 pavore
2034 668 2182 723 conster-

195 757 348 822 mentem,
367 745 491 828 sibique
510 745 663 809 iniuriam
681 745 751 809 fieri
770 764 868 827 quum
889 754 999 811 tantae
1017 747 1161 811 insaniae
1213 759 1343 810 nantur.
1375 745 1450 809 Non
1468 759 1518 811 eat
1536 747 1638 830 igitur
1658 745 1745 828 quod
1763 764 1874 809 eorum
1892 746 2010 823 lurore,
2031 742 2183 824 superbia

195 839 402 896 accusantur:
425 840 462 894 ut
480 830 576 894 hodie
595 833 741 913 papistae
760 849 818 895 nos
836 831 1028 896 calumniari
1050 830 1163 896 dicunt
1214 843 1271 895 aut
1294 829 1501 910 multitudine
1535 843 1731 896 terreamur:
1765 831 1917 912 quoniam
1941 829 2020 893 haec
2043 827 2107 907 cito
2129 828 2180 892 in·

196 936 296 999 quum
326 916 377 981 his
406 916 588 998 prophetae·
618 918 817 999 argumentis
846 916 880 980 in
910 917 995 999 ipsos
1029 917 1161 982 utimur.
1215 916 1368 980 teribunt
1398 915 1508 996 Quare
1527 938 1568 989 ne
1586 916 1788 999 papistarum
1806 913 2070 996 conspirationes,
2093 921 2182 996 pom·

195 999 262 1067 Sed
283 1003 404 1067 frustra
435 1002 585 1066 nituntur
609 1001 734 1067 cavillis
756 1001 825 1066 suis
848 1001 907 1067 hoc
928 1004 1052 1068 crimen
1082 1002 1163 1066 effu·
1215 1022 1285 1085 pae,
1307 1002 1419 1077 laetus,
1443 1001 1576 1080 furores,
1599 1001 1734 1067 consilia
1752 1021 1810 1066 nos
1828 1007 2063 1080 commoveant,
2083 1019 2182 1080 quum

195 1107 281 1170 gere.
311 1087 534 1151 Verissimum·
549 1088 636 1151 enim
659 1086 810 1169 estquod
829 1087 875 1151 ait
894 1089 1060 1170 propheta,
1084 1088 1163 1152 adeo
1215 1108 1254 1152 ea
1275 1087 1385 1151 omnia
1414 1087 1494 1169 ipsis
1515 1088 1552 1152 in
1573 1086 1784 1170 ignominiam
1809 1095 1841 1154 et
1863 1085 2039 1169 perniciem
2070 1080 2183 1150 cedere

195 1172 328 1236 insanos
360 1193 431 1237 esse
460 1172 562 1254 ipsos,
595 1182 633 1236 ut
662 1194 696 1237 se
725 1174 831 1237 Deum
864 1174 1005 1237 formare
1036 1182 1162 1256 putent.
1212 1172 1458 1256 intelligamus„
1495 1172 1582 1238 Nam
1611 1193 1674 1256 quo
1703 1172 1897 1236 insolentius
1930 1190 2000 1235 sese
2033 1169 2183 1248 efferunt,

195 1257 280 1322 Nam
304 1257 402 1340 lapidi
425 1267 458 1322 et
480 1257 581 1341 ligno,
610 1259 706 1322 simul
737 1267 833 1340 atque
862 1258 1089 1323 fabrefactum
1108 1265 1164 1322 aut
1215 1269 1311 1340 atque
1331 1258 1364 1322 in
1381 1258 1487 1339 Deum
1505 1259 1690 1342 insurgunt,
1713 1278 1750 1323 eo
1768 1257 1918 1340 graviore
1937 1276 2014 1320 casu
2031 1262 2184 1321 corruent

195 1343 331 1426 politum
355 1353 414 1423 est,
438 1342 642 1408 divinitatem
665 1343 822 1426 tribuunt,
845 1343 885 1408 ad
909 1343 941 1407 id
964 1344 1163 1428 conlugiunt,
1216 1356 1248 1407 et
1271 1343 1392 1407 maiore
1414 1342 1570 1420 dedecore
1591 1344 1802 1424 allicientur„
2170 1348 2173 1352 ’

195 1438 273 1492 vota
295 1428 427 1508 iaciunt,
456 1428 626 1508 invocant,
660 1437 873 1513 prosternunt
903 1450 990 1493 sese:
1024 1429 1164 1511 denique
1229 1505 1232 1511 ,
1301 1428 1342 1510 12
1365 1438 1397 1493 et
1420 1429 1469 1494 13.
1503 1427 1623 1515 (Faber
1646 1426 1831 1512 serrarius.)
1874 1425 1949 1491 Non
1971 1427 2093 1491 frustra
2116 1426 2184 1491 lon·

196 1515 294 1578 etiam
325 1514 472 1579 tribuunt
501 1535 583 1597 quae
614 1515 721 1580 sciunt
749 1514 787 1578 ad
816 1514 924 1578 Deum
956 1515 1059 1579 solum
1089 1535 1162 1596 per·
1216 1534 1290 1597 gam
1314 1514 1367 1578 hie
1390 1514 1637 1596 descriptionem
1661 1514 1744 1578 texit
1766 1513 1936 1597 propheta,
1958 1525 1998 1587 ¹ut
2019 1522 2183 1594 stuporem

195 1599 310 1665 tinere.
1216 1611 1248 1665 et
1280 1600 1441 1664 insaniam
1475 1597 1708 1682 superstitiosis
1740 1601 1900 1676 excutiat,
1934 1598 1963 1661 si
1991 1618 2056 1681 quo
2089 1595 2184 1662 modo

281 1709 384 1796 (Quod
411 1710 534 1776 cadom
560 1710 603 1775 cd
629 1731 695 1775 rem
722 1712 797 1776 sesai
825 1710 892 1796 eet.)
936 1710 1087 1776 Notanda
1115 1722 1163 1776 est

196 1795 369 1879 diligenter
390 1795 469 1861 haee
492 1796 659 1877 particula,
683 1817 746 1878 qua
764 1797 888 1879 figurae
910 1817 1022 1862 omnes
1045 1797 1163 1878 quibus

195 1891 462 1964 repraesentatur
483 1880 576 1946 Deus
599 1895 635 1945 ut
657 1902 763 1945 vanae
791 1892 823 1945 et
845 1882 978 1946 inutiles
1007 1881 1163 1946 damnan-

196 1980 258 2031 tur.
303 1964 398 2032 Unde
431 1967 582 2049 sequitur
616 1988 679 2030 non
713 1967 807 2031 modo
844 1967 1040 2031 contumelia
1077 1967 1162 2031 affici

195 2052 304 2117 Deum
326 2053 453 2133 quoties
477 2054 725 2116 transformatur
743 2054 812 2116 eius
830 2052 934 2135 gloria
952 2054 986 2116 in
1005 2053 1163 2135 imagines

195 2150 356 2202 mortuas:
388 2137 444 2202 sed
467 2139 653 2220 quicunque
681 2136 765 2202 idola
794 2137 854 2202 sibi
878 2152 1068 2220 comparant
1097 2159 1161 2202 non

196 2223 316 2303 absque
339 2243 425 2286 noxa
446 2242 573 2305 operam
597 2223 848 2305 maleperdere.
890 2223 1041 2305 Papistae
1064 2223 1163 2287 libros

195 2307 370 2372 idiotarum
393 2329 463 2373 esse
486 2309 678 2374 obtendunt:
702 2308 759 2372 sed
777 2308 902 2391 puerile
925 2310 1081 2392 effugium
1105 2321 1163 2374 est.

195 2392 281 2457 Nam
304 2401 442 2458 testatur
464 2395 622 2477 propheta
645 2393 771 2458 nullum
796 2395 940 2478 ipsorum
964 2415 1059 2459 usum
1083 2413 1162 2458 esse.

197 2479 265 2543 Aut
285 2480 386 2562 igitur
408 2479 544 2544 eradant
574 2480 635 2545 hoe
657 2479 879 2544 testimonium
903 2502 920 2543 e
941 2480 1025 2544 libro
1046 2479 1162 2560 Isaiae,

196 2576 252 2627 ant
270 2585 355 2628 vana
372 2575 404 2628 et
422 2565 552 2630 inutilia
572 2565 745 2630 simulacra
763 2586 834 2630 esse
852 2565 1024 2631 fateantur.
1054 2565 1163 2628 Antea

196 2650 271 2733 plus
300 2648 453 2732 quiddam
482 2652 656 2732 expressit,
690 2670 789 2732 quum
822 2651 905 2715 nihil
936 2648 1024 2716 aliud
1054 2650 1093 2714 ab
1123 2650 1163 2713 iis

198 2756 294 2818 quam
318 2735 520 2799 mendacium
543 2736 621 2799 disci
645 2755 738 2817 pesse
760 2740 927 2800 assereret.
960 2734 1026 2802 Sed
1046 2734 1084 2798 de
1103 2734 1163 2799 hac

197 2843 232 2885 re
254 2822 298 2885 ibi
322 2822 399 2884 satis
422 2819 525 2884 multa
548 2820 698 2885 diximus.

285 2942 333 3006 11.
367 2939 460 3026 (Ecce
488 2960 591 3004 emises
616 2941 693 3005 socii
719 2938 810 3024 aas.)
855 2939 929 3003 Non
957 2949 1085 3003 tantum
1114 2939 1164 3002 in·

198 3027 330 3092 vehitur
358 3027 391 3089 in
420 3026 552 3108 opifices
584 3025 741 3091 idolorum
772 3038 806 3090 et
832 3026 948 3105 fabros,
980 3023 1037 3089 sed
1065 3045 1163 3107 gene·

197 3114 308 3177 raliter
330 3113 363 3174 in
383 3132 495 3175 omnes
513 3112 610 3175 etiam
629 3132 740 3176 eorum
763 3112 915 3192 cultores,
937 3109 1066 3192 quando
1084 3109 1163 3173 adeo

197 3198 317 3279 stupidi
347 3207 443 3279 atque
472 3195 602 3261 hebetes
629 3209 706 3260 sunt
728 3212 764 3260 ut
786 3197 883 3261 simul
906 3208 1004 3278 atque
1028 3206 1163 3261 truncus

198 3304 314 3347 novam
338 3283 476 3364 aliquam
501 3283 636 3346 formam
659 3283 828 3364 acceperit,
855 3282 887 3345 in
911 3302 948 3345 eo
972 3292 1162 3362 potestatem

198 3368 261 3433 Dei
284 3367 463 3435 includant.
496 3366 570 3430 Non
592 3377 716 3431 tantum
740 3367 840 3450 igitur
862 3368 1003 3431 artifices
1027 3385 1162 3448 poenam

198 3454 350 3519 audaciae
372 3474 450 3517 suae
472 3452 604 3517 daturos
626 3453 803 3535 significat:
837 3451 894 3518 sed
916 3472 1028 3517 omnes
1050 3454 1107 3533 qui
1129 3473 1163 3514 se

198 3541 312 3604 iisdem
345 3537 628 3620 superstitionibus
658 3538 867 3621 implicarint.
921 3537 1042 3601 Iisdem
1076 3537 1162 3600 enim

198 3625 309 3706 poenis
337 3625 452 3689 subiici
482 3643 619 3704 aequum
650 3633 698 3687 est
721 3644 801 3705 quos
823 3622 909 3688 idem
934 3632 1042 3687 reatus
1065 3632 1162 3686 tenet.

197 3708 265 3775 Neo
295 3730 371 3774 vero
401 3709 502 3773 ullam
532 3709 772 3773 exeusationem
802 3707 978 3773 obtendere
1010 3717 1162 3788 possunt:

199 3796 272 3876 quia
295 3794 406 3858 vident
434 3803 526 3858 muta
548 3807 580 3857 et
603 3814 687 3857 vana
709 3815 779 3859 esse
802 3813 861 3857 sua
888 3792 985 3866 idola,
1016 3812 1099 3873 quae
1122 3791 1162 3856 ab

199 3880 368 3949 hominum
402 3898 501 3943 manu
532 3879 739 3962 prodierunt:
772 3890 900 3943 tantum
934 3878 1025 3942 abest
1053 3888 1089 3942 ut
1119 3875 1163 3940 dii

199 3986 269 4031 esse
291 3966 424 4047 possint.

283 4075 343 4160 (Ut
368 4073 568 4158 emacularet.)
612 4075 857 4158 Qualisounque
886 4076 1060 4158 impiorum
1088 4096 1163 4140 con·

1216 1686 1429 1769 expergefieri
1462 1694 1598 1767 queant,
1629 1686 1682 1749 vel
1710 1684 1825 1749 saltem
1852 1704 1875 1764 a
1904 1683 2002 1749 simili
2034 1681 2185 1749 vecordia

1215 1769 1384 1852 prohibeat
1406 1768 1557 1850 Iudaeos,
1587 1771 1641 1853 qui
1672 1769 1768 1854 longe
1796 1770 1939 1853 lateque
1953 1769 2186 1844 obsidebantur

1216 1857 1255 1923 ab
1288 1856 1468 1920 innumeris
1502 1856 1656 1921 falsorum
1690 1857 1825 1920 deorum
1858 1854 2047 1938 cultoribus.
2099 1852 2186 1917 Nam

1216 1941 1298 2019 rudi,
1320 1939 1405 2024 qnod
1424 1942 1524 2020 aiunt,
1547 1943 1695 2006 minerva
1717 1942 1846 2026 singula
1867 1950 2046 2017 enumerat,
2070 1940 2186 2023 quibus

1216 2027 1358 2091 maxime
1391 2027 1530 2110 perspici
1563 2037 1669 2109 potest
1698 2028 1784 2109 ipsos
1817 2027 1949 2091 insanos
1982 2045 2019 2091 ao
2049 2024 2186 2090 furiosos

1216 2132 1295 2176 esse.
1340 2112 1506 2178 Potuisset
1528 2111 1656 2194 quidem
1681 2112 1801 2195 alioqui
1823 2133 1889 2176 uno
1909 2112 2008 2175 verbo
2031 2123 2087 2175 aut
2109 2131 2186 2192 pau·

1215 2197 1262 2262 eis
1284 2197 1344 2262 hoo
1366 2197 1471 2263 scelus
1501 2197 1671 2262 damnare:
1705 2197 1762 2262 sed
1791 2199 1853 2262 ista
1876 2197 2087 2279 hypotyposis
2115 2216 2184 2259 rem

1218 2282 1307 2347 velut
1329 2282 1429 2367 digito
1451 2284 1600 2362 ostendit,
1625 2293 1721 2366 atque
1744 2282 1846 2347 oculis
1869 2281 2008 2360 subiicit,
2036 2280 2113 2344 dum
2137 2281 2185 2343 la·

1216 2368 1347 2432 brorum
1371 2371 1598 2452 instrumenta,
1628 2370 1762 2444 labores,
1792 2368 1997 2441 industriam,
2028 2365 2185 2432 sollicitu-

1216 2453 1327 2518 dinem
1349 2464 1590 2533 commemorat,
1611 2464 1648 2519 ut
1666 2454 1733 2519 fere
1755 2455 1790 2518 in
1808 2475 1877 2519 rem
1899 2451 2105 2535 praesentem
2128 2452 2186 2515 du-

1215 2559 1335 2603 camur.
1382 2538 1438 2605 Sic
1460 2541 1547 2604 enim
1571 2541 1675 2623 magis
1697 2548 1930 2622 permoventur
1951 2537 2109 2617 homines,
2132 2536 2186 2619 qui

1216 2636 1332 2688 natura
1360 2625 1478 2690 infixos
1507 2626 1624 2690 animis
1657 2626 1736 2689 istos
1767 2646 1892 2690 errores
1924 2623 2053 2703 habent,
2088 2642 2185 2706 quam

1215 2709 1352 2791 simplici
1379 2709 1541 2775 doctrina:
1573 2730 1798 2792 necunquam
1821 2731 1863 2774 ex
1885 2719 2018 2775 veterno
2040 2729 2099 2772 suo
2122 2707 2185 2772 nisi

1215 2795 1343 2876 magnis
1383 2794 1577 2860 elamoribus
1617 2798 1650 2859 et
1686 2794 1825 2861 assiduis
1863 2795 1997 2860 excitari
2038 2805 2184 2876 possunt.

1217 2877 1355 2964 Singula
1385 2900 1462 2946 vero
1490 2880 1570 2962 ipsis
1599 2879 1682 2945 tradi
1716 2892 1813 2964 atque
1840 2882 1875 2944 in
1905 2879 2034 2943 minuta
2066 2879 2187 2944 lrustra

1215 2964 1349 3042 concidi,
1368 2964 1479 3029 mandi
1497 2967 1595 3031 ctiam
1611 2975 1710 3048 atque
1725 2967 1774 3030 ori
1789 2967 1888 3032 inseri
1904 2976 2057 3047 tanquam
2075 2965 2185 3045 pueris

1215 3050 1395 3116 infantibus
1418 3072 1547 3115 necesse
1569 3062 1635 3117 est:
1667 3063 1704 3116 ut
1726 3051 1923 3126 doctrinam,
1954 3071 2037 3132 quae
2066 3051 2186 3133 alioqui

1216 3155 1303 3200 nova
1325 3140 1358 3200 et
1380 3135 1513 3200 insolita
1534 3138 1614 3218 ipsis
1636 3138 1776 3212 videtur,
1799 3137 1990 3219 percipiant.

1302 3219 1426 3307 (Elium
1467 3222 1654 3308 forasticas.)
1719 3222 1884 3305 Exprimit
1928 3220 2078 3286 ardorem
2122 3242 2186 3304 quo

1215 3309 1368 3372 feruntur
1391 3309 1605 3391 superstitiosi
1628 3308 1669 3373 ad
1690 3309 1895 3390 fabricandos
1918 3307 2010 3372 deos:
2036 3307 2118 3389 ,quia
2140 3308 2187 3372 sic

1215 3393 1332 3457 ardent
1354 3404 1451 3475 atque
1473 3395 1719 3459 inflammantur
1737 3411 1773 3458 ut
1790 3413 1897 3475 neque
1916 3391 2057 3473 modum,
2080 3413 2186 3477 neque

1215 3479 1375 3542 rationem
1399 3492 1509 3543 tenere
1531 3480 1666 3562 possint.
1699 3480 1783 3544 Nam
1801 3500 1860 3544 sua
1877 3477 2010 3542 libidine
2032 3489 2186 3560 tanquam

1215 3574 1320 3629 oestm
1350 3565 1481 3646 impulsi
1510 3577 1626 3638 ruunt,
1660 3565 1805 3647 adeoque
1826 3584 1861 3627 se
1883 3563 2114 3646 praecipitant,
2147 3571 2186 3628 ut

1215 3651 1331 3713 merito
1349 3649 1451 3713 amori
1471 3650 1651 3718 meretricio
1669 3650 1766 3714 istum
1785 3649 1930 3713 ardorem
1949 3648 2184 3733 comparemus:

1216 3734 1312 3800 sicuti
1340 3735 1405 3798 iam
1433 3748 1528 3798 antea
1558 3736 1679 3799 dictum
1709 3748 1767 3801 est.
1812 3732 1937 3799 Omnes
1967 3745 1999 3798 et
2024 3735 2124 3798 animi
2152 3745 2185 3800 et

1216 3819 1360 3902 eorporis
1383 3821 1469 3884 vires
1491 3822 1525 3883 in
1548 3819 1580 3884 id
1603 3821 1796 3886 intendunt:
1826 3819 1912 3902 quod
1935 3839 1994 3901 per
2016 3818 2184 3885 brachium

1216 3905 1348 3971 virtutis
1368 3904 1531 3988 intelligit,
1554 3906 1644 3988 quasi
1666 3904 1796 3987 diceret,
1817 3904 1973 3989 quidquid
1993 3916 2043 3968 est
2061 3905 2185 3973 roboris

1216 3991 1251 4054 in
1270 3991 1411 4056 brachiis
1434 3991 1577 4073 ipsorum
1602 3991 1665 4059 huc
1684 3993 1857 4075 applicari:
1874 3989 2032 4055 'fraudant
2053 3993 2184 4075 genium

1217 4097 1321 4152 suum,
1343 4097 1380 4141 ac
1396 4077 1453 4139 vix
1472 4087 1631 4159 quantum
1654 4099 1784 4144 necesse
1801 4089 1852 4142 est
1869 4077 2016 4143 alimenti
2036 4090 2185 4142 sumunt:

198 4161 332 4244 spiratio
362 4163 434 4238 fiat,
464 4170 572 4224 tamen
596 4160 650 4223 ubi
674 4171 806 4225 ventum
836 4162 934 4225 luerit
957 4159 997 4224 ud
1020 4159 1162 4224 tribunal
1218 4161 1356 4242 denique
1377 4163 1460 4226 nulli
1478 4162 1591 4241 labori,
1613 4163 1695 4226 nulli
1713 4161 1857 4245 sumptui
1875 4173 2020 4243 parcunt,
2043 4172 2081 4226 ιιι
2099 4164 2185 4242 deos,

198 4247 262 4311 Dei
291 4246 448 4328 pudefieri
476 4246 564 4327 ipsos
590 4265 721 4310 necesse
744 4247 815 4310 erit.
860 4246 927 4310 Neo
950 4266 1027 4310 vero
1049 4247 1106 4310 abs
1128 4265 1164 4308 re
1217 4267 1298 4329 quos
1331 4248 1572 4330 concupierunt,
1607 4249 1759 4314 efficiant.
1809 4249 1882 4311 Etsi
1916 4258 2024 4312 autem
2054 4261 2186 4313 notatur

198 4331 358 4414 propheta
387 4351 539 4414 pavorem
563 4339 594 4394 et
616 4331 771 4412 pudorem
800 4332 880 4412 ipsis
902 4333 1054 4412 minatur,
1085 4351 1164 4412 quo·
1217 4331 1335 4396 laboris
1358 4333 1538 4408 assiduitas,
1562 4354 1662 4416 quum
1686 4335 1764 4399 dicit
1785 4333 1950 4399 famelicos
1973 4354 2037 4397 non
2060 4333 2184 4414 lassari,

199 4418 287 4480 niam
309 4418 400 4501 impii
423 4416 560 4499 superbe
581 4416 701 4495 efferri,
730 4423 762 4480 et
785 4414 863 4482 alios
890 4436 1002 4481 omnes
1030 4436 1107 4498 prae
1130 4437 1164 4480 se
1216 4416 1272 4482 sed
1295 4418 1413 4481 lamam
1440 4430 1472 4482 et
1494 4420 1582 4484 sitim
1613 4422 1754 4502 perferre
1783 4420 1891 4502 potius
1919 4439 2016 4501 quam
2045 4428 2083 4483 ut
2104 4439 2185 4502 opus

200 4501 362 4580 despicere
390 4502 503 4567 solent.
554 4501 748 4566 Gloriantur
777 4521 836 4566 sua
864 4500 1092 4566 multitudine:
1127 4511 1165 4564 ut
1217 4502 1420 4585 relinquant:
1455 4505 1620 4568 commode
1654 4516 1763 4569 tamen
1798 4505 1859 4568 hoc
1889 4503 1976 4567 idem
2009 4503 2184 4570 extendere

198 4585 294 4650 hodie
323 4589 467 4669 papistae
496 4589 690 4670 paucitatem
717 4597 862 4652 nostram
884 4589 1082 4669 contemptui
1106 4587 1163 4650 ha·
1215 4588 1292 4652 licet
1314 4587 1354 4652 ad
1377 4609 1489 4653 omnes
1511 4599 1646 4655 conatus
1669 4590 1900 4654 inconsiderati
1923 4589 1992 4654 aeli.
2026 4590 2185 4655 Videmus

199 4671 291 4736 bant:
314 4680 411 4754 atque
428 4673 605 4737 insolenter
623 4672 812 4751 efferuntur,
831 4676 865 4736 et
880 4675 962 4737 mira
979 4673 1165 4753 arrogantia
1216 4674 1303 4737 enim
1326 4678 1364 4736 ut
1385 4674 1561 4740 incredulis
1590 4675 1713 4739 fervida
1741 4697 1799 4739 sua
1821 4674 1959 4748 devotio,
1990 4686 2025 4738 ut
2048 4677 2184 4757 loquun-

199 4757 355 4824 adversus
370 4756 477 4820 Deum
496 4767 529 4822 et
544 4759 725 4824 doctrinam
747 4759 815 4823 eius
834 4759 1018 4841 insurgunt.
1051 4758 1164 4839 Itaque
1217 4770 1287 4837 tur,
1327 4759 1430 4824 instar
1464 4761 1671 4825 carnificinae
1708 4761 1768 4826 sit:
1808 4760 1863 4825 sed
1898 4780 1961 4842 quo
1996 4762 2099 4842 magis
2135 4761 2184 4826 illi

198 4843 372 4924 impiorum
395 4845 607 4908 conscientias
632 4844 683 4909 hic
706 4844 848 4925 appellat
865 4841 982 4908 Isaias:
1004 4843 1081 4924 quia
1104 4843 1165 4906 etsi
1216 4854 1348 4910 strenue
1371 4855 1523 4928 satagunt
1544 4848 1577 4909 in
1601 4864 1692 4910 suam
1715 4845 1902 4928 perniciem,
1929 4866 1966 4908 eo
1989 4846 2111 4909 foedior
2133 4856 2183 4912 est

199 4948 327 4993 summa
349 4949 402 4992 eos
424 4929 597 4991 obstinatio
620 4940 651 4992 et
673 4930 854 5012 pervicacia
876 4937 1021 5010 occupet,
1053 4940 1164 4993 tamen
1216 4931 1384 5012 magisque
1406 4931 1557 5013 pudenda
1579 4939 1691 4995 nostra
1713 4931 1875 5014 segnities,
1899 4928 1953 4993 ubi
1975 4928 2081 4994 Deum
2104 4931 2182 5016 legi-

198 5010 364 5077 interdum
389 5012 548 5095 trepidare
569 5027 738 5097 coguntur,
769 5015 846 5079 dum
870 5020 1023 5095 reputant
1044 5035 1164 5093 secum,
1216 5015 1296 5078 timo
1331 5017 1419 5079 cultu
1457 5016 1654 5081 fraudamus.
1710 5017 1740 5080 A
1771 5017 1837 5080 fine
1871 5035 1947 5078 vero
1985 5015 2184 5082 demonstrat

199 5096 288 5178 Quid
310 5097 458 5181 agimus?
492 5109 524 5162 et
545 5119 677 5181 operum
708 5121 839 5165 suorum
870 5099 1028 5164 rationem
1056 5100 1163 5180 inqui·
1216 5119 1313 5183 qnam
1351 5102 1489 5184 insipida
1518 5103 1560 5167 sit
1582 5111 1673 5166 tanta
1702 5101 1873 5167 sedulitas:
1906 5100 1982 5182 quia
2007 5123 2072 5166 non
2095 5104 2182 5168 alind

197 5192 283 5248 runt.
328 5183 417 5247 Nihil
441 5185 528 5247 enim
559 5185 644 5248 firmi
674 5196 731 5249 aut
753 5185 846 5249 solidi
876 5184 1009 5263 habent,
1042 5186 1075 5249 in
1100 5205 1164 5266 quo
1216 5184 1348 5250 tandem
1372 5187 1491 5253 lsboris
1513 5190 1660 5272 sequitur
1681 5188 1834 5270 pretium,
1864 5186 1926 5249 nisi
1948 5194 1984 5249 ut
2005 5187 2091 5252 idola
2113 5190 2181 5254 ubi·

197 5276 267 5333 tuto
289 5269 513 5351 conquiescere
535 5271 669 5353 possint.
714 5271 863 5336 Audaces
885 5280 961 5335 sunt
983 5291 1084 5353 quum
1108 5269 1163 5334 ab·
1215 5292 1343 5353 cunque
1373 5275 1477 5338 locata
1506 5275 1626 5339 luerint
1653 5274 1755 5337 otiosa
1777 5272 1848 5335 sine
1876 5279 1968 5335 motu
2000 5272 2181 5340 desideant:

312 5368 422 5426 cuae
435 5386 529 5441 epea
557 5370 616 5427 vc.
632 5370 794 5428 mvn.
1963 5373 1980 5428 a
