4784 5970
112 375 151 442 17
987 377 1137 444 OAPU'I
1158 375 1235 445 XL.
2069 379 2110 446 18

110 564 346 632 accommodet:
369 586 430 630 nec
452 563 533 630 mihi
557 565 685 630 videtur
703 565 765 631 hoc
783 565 822 629 dc
841 566 958 649 spiritu
976 588 1083 632 essen·
1135 566 1302 632 sacrificiis
1330 567 1439 631 Deum
1473 569 1660 651 promereri.
1709 567 1804 648 Quod
1835 567 1968 651 quidem
1995 589 2110 635 verum

111 651 182 716 tiali
211 650 274 716 Dei
307 651 559 735 intelligendum
589 671 668 715 esse.
721 651 870 716 Eandem
904 673 980 716 vero
1013 673 1082 717 rem
1135 667 1199 716 eet:
1223 651 1281 717 ssd
1303 651 1513 734 spectandum
1537 664 1587 719 est
1604 651 1773 720 consilium
1797 653 1983 738 prophetae,
2006 655 2105 721 sicuti

111 735 260 821 pluribus
283 735 386 801 modis
409 738 556 801 enuntiat
579 735 754 820 propheta:
779 751 815 800 ut
836 739 978 803 sciamus
1000 737 1082 803 nihil
1135 738 1200 802 iam
1230 737 1351 803 dictum
1381 747 1440 816 eet,
1470 750 1507 804 ut
1535 739 1576 805 ad
1606 741 1761 804 maiorem
1790 739 1944 804 fiduciam
1970 738 2109 806 Iudaeos

111 842 182 888 esse
216 822 347 887 homine
380 823 526 898 stultius,
558 843 659 905 quum
692 822 790 887 audet
822 844 857 888 se
890 825 924 888 in
956 823 1083 889 coelum
1136 825 1267 902 animet,
1288 823 1397 888 omnia
1419 824 1513 889 nihili
1536 846 1615 908 prae
1638 827 1708 890 Dec
1732 846 1801 890 esse
1824 825 1975 891 ostendit.

111 907 250 973 evehere
283 918 323 972 ut
354 928 451 990 opera
480 908 544 972 Dei
576 928 636 972 suo
668 908 801 992 ingenio
834 917 998 975 scrutetur
1030 909 1082 974 vel
1222 909 1272 975 l‘l.
1303 907 1433 994 (Onmes
1459 910 1586 997 pentes.)
1630 911 1763 994 Repetit
1791 909 1877 993 qnod
1908 910 2043 992 dixerat,
2073 911 2108 975 in

111 994 269 1059 aestimet.
324 993 390 1059 Hic
426 994 528 1078 igitur
568 993 674 1077 magis
707 1014 744 1059 ac
774 995 880 1078 magis
913 994 1082 1060 hominum
1136 1016 1235 1059 manu
1265 1003 1298 1058 et
1326 995 1461 1061 arbitrio
1492 997 1555 1062 Dei
1582 1017 1653 1064 csse
1682 994 1778 1062 simul
1807 1015 1844 1060 ac
1875 994 1983 1061 visum
2013 995 2110 1063 inerit

110 1079 279 1145 audaciam
309 1090 342 1143 st
371 1081 587 1145 temeritatem
611 1083 823 1162 comprimere
847 1081 949 1146 voluit
970 1080 1081 1147 Isaiae.
1137 1081 1265 1146 abolere
1287 1089 1421 1147 cunctas
1443 1091 1573 1166 gentes:
1595 1083 1661 1147 imo
1679 1081 1757 1146 dnm
1774 1091 1968 1163 permanent
1990 1082 2025 1146 in
2050 1103 2108 1148 suo

110 1165 235 1231 Paulus
274 1166 307 1229 in
349 1164 488 1230 eundem
522 1167 619 1230 finem
653 1164 714 1230 hoc
746 1166 969 1231 testimonium
1003 1167 1084 1232 citat
1137 1177 1233 1244 statu,
1267 1186 1375 1231 coram
1405 1188 1443 1231 eo
1474 1169 1598 1233 censeri
1630 1168 1721 1250 quasi
1752 1167 1902 1232 nihilum.
1956 1166 2021 1233 Sed
2051 1167 2109 1233 ab·

110 1252 217 1337 (Rom.
242 1252 292 1329 11,
314 1251 380 1337 34),
413 1260 450 1315 ut
482 1251 603 1317 scilicet
636 1253 676 1316 ab
706 1252 906 1317 inscrutabili
934 1252 989 1317 illc
1020 1252 1083 1317 Dei
1136 1252 1272 1317 surdum
1293 1250 1425 1317 videtur
1446 1254 1532 1336 quod
1556 1262 1670 1335 gentes
1692 1252 1775 1317 nihil
1805 1272 1876 1318 esse
1904 1251 1995 1318 dicit:
2026 1274 2108 1335 qno·

111 1337 244 1403 consilio
284 1357 461 1402 arceamur.
516 1338 606 1402 Deus
640 1339 727 1401 enim
759 1337 799 1403 de
832 1358 892 1403 sua
924 1339 1084 1422 sapientia
1136 1339 1225 1402 niam
1255 1350 1382 1404 creatae
1411 1348 1488 1404 snut
1510 1361 1529 1404 a
1551 1338 1630 1415 Dec,
1660 1345 1696 1402 ιιι
1724 1337 1846 1420 aliquid
1876 1347 1995 1403 essent.
2040 1339 2108 1402 Re-

112 1423 247 1506 disquiri
281 1442 346 1487 non
382 1423 467 1505 vult,
501 1424 563 1488 nisi
592 1423 713 1502 sobrie,
745 1433 776 1487 et
811 1423 916 1507 quoad
943 1422 1083 1507 expedit.
1136 1424 1287 1507 spondeo,
1317 1423 1378 1489 hoc
1407 1424 1469 1490 dici
1502 1446 1560 1507 per
1588 1424 1878 1506 comparationem:
1912 1422 2040 1505 quando
2068 1444 2108 1489 ea

110 1510 223 1575 Unum
257 1507 318 1573 hoc
348 1507 521 1574 discrimen
552 1520 616 1586 est,
648 1509 734 1591 quod
764 1509 886 1575 Paulus
915 1509 1084 1594 spirituale
1136 1519 1186 1575 est
1203 1511 1347 1594 pravitas
1371 1510 1506 1574 humani
1529 1510 1661 1593 ingenii,
1686 1519 1722 1573 ut
1739 1508 1889 1575 obscuret
1904 1509 1970 1574 Dei
1992 1509 2107 1574 maies-

111 1592 272 1678 evangelii
293 1595 510 1659 ministerium
533 1593 677 1658 humano
700 1595 831 1678 ingenio
853 1594 1083 1679 comprehendi
1137 1608 1247 1672 tatem,
1266 1606 1362 1677 atque
1381 1616 1418 1659 ca
1436 1595 1572 1660 extollat
1590 1616 1672 1678 quae
1690 1595 1762 1659 Deo
1780 1595 1895 1660 cedere
1914 1593 2106 1659 debuerant.

111 1700 205 1763 posse
235 1688 340 1763 negat,
370 1680 529 1763 propheta
552 1689 658 1743 antem
682 1680 717 1744 in
739 1700 858 1764 genere
880 1680 1085 1747 commendat
1137 1682 1247 1763 Quum
1270 1702 1347 1763 ergo
1376 1681 1416 1746 ad
1444 1692 1608 1746 certamen
1638 1679 1718 1745 illud
1742 1690 1875 1744 ventum
1905 1689 1964 1758 cst,
1995 1700 2106 1745 secure

111 1765 174 1830 Dei
215 1764 465 1848 providentiam.
520 1765 560 1829 In
595 1774 734 1847 utroque
774 1778 882 1831 tamen
916 1767 1083 1832 humiliari
1136 1768 1349 1851 pronuntiare
1367 1788 1548 1850 possumus,
1567 1767 1664 1831 nihili
1679 1787 1749 1831 esse
1770 1764 1925 1847 quidquid
1943 1785 2017 1830 cum
2037 1766 2108 1830 Deo

110 1873 170 1916 nos
190 1858 329 1934 oportet,
357 1860 389 1913 et
411 1871 526 1917 sensus
548 1871 659 1916 omnes
681 1859 808 1916 nostros
830 1853 870 1915 ad
894 1852 1083 1935 obsequium
1136 1863 1350 1936 comparatur.
1394 1853 1463 1916 Neo
1486 1853 1628 1935 loquitur
1649 1851 1839 1932 simpliciter
1860 1850 1965 1916 Isaiae
1987 1849 2027 1915 de
2048 1851 2108 1915 ho·

111 1937 258 2020 captivos
285 1936 412 2001 offerre.
457 1935 624 2018 Quidquid
653 1937 737 2000 enim
766 1937 925 2002 habemns
948 1939 1085 2003 rationis
1137 1940 1259 2004 minum
1282 1947 1410 2017 natura,
1433 1939 1537 2020 qualis
1556 1961 1574 2002 a
1595 1939 1664 2003 Deo
1684 1937 1814 2002 condita
1837 1947 1899 2002 est:
1923 1935 2110 2002 acdeorum

111 2032 168 2086 ant
189 2022 320 2086 luminis
350 2042 459 2087 merae
481 2034 560 2088 sunt
583 2024 753 2098 tenebrae,
788 2022 888 2090 donec
911 2045 930 2088 a
950 2022 1084 2089 Christo
1136 2025 1321 2107 superbiam
1350 2024 1487 2089 deiicere
1517 2044 1554 2088 ac
1582 2025 1794 2105 comprimere
1823 2021 1894 2086 vult
1923 2042 2023 2103 quum
2052 2021 2109 2086 ad·

110 2107 342 2172 illuminemur.
1136 2131 1251 2176 versus
1282 2111 1391 2175 Deum
1424 2130 1495 2175 sese
1528 2109 1644 2174 efferre
1677 2109 1807 2172 audent.
1861 2107 1991 2173 Scimus
2020 2108 2110 2172 enim

68 2246 75 2255 .
198 2192 248 2257 15.
271 2192 338 2278 (Eu
358 2190 484 2276 pectes.)
523 2192 561 2256 Si
580 2203 723 2258 mentem
742 2193 919 2276 prophetae
937 2194 1085 2277 cupimus
1137 2218 1196 2262 nos
1219 2217 1283 2260 non
1329 2215 1400 2260 osse
1424 2196 1485 2275 nisi
1507 2195 1543 2259 in
1567 2196 1638 2260 Deo
1667 2195 1856 2270 consistere,
1886 2194 1919 2256 in
1949 2213 2011 2275 quo
2041 2193 2110 2258 eolo

111 2279 239 2361 assequi
269 2291 302 2343 et
331 2278 411 2343 hacc
441 2296 514 2340 cum
544 2279 650 2343 fructu
680 2280 798 2362 legere,
829 2281 1006 2345 tenendum
1036 2290 1086 2345 est
1138 2283 1283 2346 vivimus
1299 2217 1349 2363 (tit
1367 2282 1413 2345 ait
1431 2280 1485 2344 ille
1507 2277 1590 2367 [Act.
1605 2280 1655 2362 17,
1670 2277 1739 2363 28])
1756 2299 1925 2343 movemur
1937 2291 1971 2341 et
1985 2298 2108 2343 eumue.

111 2363 211 2447 (quod
243 2386 349 2448 nuper
378 2363 487 2446 attigi)
516 2365 585 2427 eius
618 2366 798 2430 consilium.
849 2366 963 2449 Neque
996 2368 1084 2430 enim
1137 2368 1281 2432 Homine
1304 2365 1384 2430 nihil
1409 2366 1534 2439 vanius.
1558 2387 1595 2431 ac
1618 2369 1644 2431 si
1667 2387 1742 2431 cum
1766 2365 1910 2429 vanitate
1932 2360 1983 2448 (ut
2004 2364 2110 2446 inquit

112 2471 154 2513 ex
184 2449 321 2533 abrupto
354 2450 496 2516 celebrat
524 2449 586 2514 Dei
618 2450 893 2535 magnitudinem:
927 2451 983 2517 sed
1014 2473 1084 2515 eam
1138 2453 1245 2517 David
1267 2451 1401 2536 [Psalm.
1423 2452 1475 2535 62,
1496 2450 1563 2536 10])
1583 2453 1796 2534 appendatur,
1819 2470 1858 2514 ea
1876 2449 1974 2514 etiam
1993 2451 2108 2513 vanior

112 2556 169 2618 pro
192 2537 436 2601 circumstantia
458 2536 639 2617 praesentis
658 2555 773 2601 causae
796 2547 954 2619 quantum
979 2545 1086 2619 potest
1138 2539 1269 2603 iuturus
1292 2550 1350 2602 est.
1387 2540 1509 2602 Eodem
1528 2538 1623 2602 modo
1641 2538 1744 2601 Isaiae
1765 2546 1880 2621 gentes
1897 2557 1961 2600 non
1984 2544 2108 2599 tantum

111 2621 247 2686 extollit.
292 2622 337 2687 Ut
364 2623 469 2687 sciant
491 2620 660 2686 Israelitae
690 2643 789 2685 unum
821 2623 907 2687 hunc
935 2626 1085 2708 clypeum
1110 2606 1113 2660 i
1138 2625 1230 2700 nihil,
1264 2623 1321 2688 sed
1352 2625 1462 2689 minus
1492 2643 1590 2704 quam
1624 2623 1705 2687 nihil
1735 2643 1805 2687 esse
1835 2619 2010 2703 praedicat,
2043 2640 2109 2701 quo

112 2707 260 2772 sufficere
292 2707 331 2770 ad
361 2728 396 2771 se
425 2706 650 2788 protegendos,
680 2707 776 2772 modo
806 2707 915 2771 Deum
945 2707 1087 2772 habeant
1139 2710 1242 2793 magis
1293 2730 1404 2773 aarum
1456 2708 1712 2773 imbecillitatem
1754 2718 1788 2771 et
1832 2706 2008 2771 vanitatem
2053 2705 2109 2769 de·

112 2795 298 2874 propitium,
327 2793 436 2856 nullos
465 2792 579 2855 mundi
609 2802 752 2866 conatus,
781 2794 915 2867 furores,
944 2794 1086 2874 impetus
1138 2804 1308 2858 monstret.

113 2898 184 2942 esse
212 2877 421 2942 metuendos:
455 2887 551 2959 atque
585 2880 630 2942 ita
662 2877 789 2942 discant
818 2899 853 2942 se
880 2880 1023 2962 recipere
1052 2881 1085 2942 in
1226 2881 1276 2945 18.
1298 2878 1373 2965 (Oai
1394 2880 1495 2963 ι’ρίιιιι
1511 2879 1647 2944 ιιῗιιιῑειι
1664 2880 1784 2962 secutis
1800 2876 1933 2942 Deum?
1979 2875 2110 2941 Iudaeis

112 2962 175 3027 Dei
207 2964 353 3027 tutelam.
406 2963 477 3027 Nisi
511 2963 597 3026 enim
630 2965 762 3045 penitus
792 2965 903 3029 fuisset
931 2964 993 3029 hoc
1019 2963 1086 3029 illis
1138 2965 1178 3030 ab
1199 2966 1264 3030 alia
1285 2986 1411 3047 quoque
1434 2967 1614 3030 tentatione
1637 2987 1700 3028 non
1724 2965 1797 3029 leve
1819 2963 1907 3045 peric
1945 2982 1999 3026 um
2022 2974 2110 3027 erat:

112 3069 313 3132 persuasum,
343 3050 377 3112 in
405 3048 537 3131 singula
567 3057 730 3113 momenta
760 3050 869 3113 variae
898 3051 1088 3115 oriebantur
1138 3053 1213 3133 quia
1235 3051 1389 3119 credibile
1411 3066 1482 3116 erat
1504 3051 1657 3134 Assyrios
1677 3063 1710 3115 et
1733 3046 1914 3116 Ohaldaeos
1943 3067 2008 3112 non
2039 3046 2111 3113 abs·

114 3134 347 3215 desperationis
370 3155 498 3200 causae.
544 3134 635 3199 Idem
659 3153 736 3218 ergo
758 3137 967 3218 prosequitur
989 3157 1086 3219 argu·
1138 3159 1200 3220 que
1233 3158 1345 3202 eornm
1377 3158 1437 3219 ope
1475 3146 1523 3201 tot
1555 3137 1700 3202 victoriis
1734 3134 1853 3218 potitos
1886 3153 1965 3198 esso.
2020 3133 2144 3199 Hincx

114 3230 263 3285 mentum
286 3219 397 3296 Isaiae,
421 3219 516 3284 nihili
534 3241 605 3286 esse
622 3241 733 3286 omnes
756 3231 870 3305 gentes
892 3243 929 3288 ac
952 3224 1087 3304 populos
1138 3224 1289 3306 colligere
1312 3234 1497 3306 promptum
1519 3232 1600 3306 erat,
1630 3221 1823 3304 quidnobis
1851 3219 1985 3301 prodest
2014 3240 2110 3302 pecu·

113 3305 236 3388 dicens,
269 3307 298 3370 ei
330 3327 404 3371 cum
431 3305 503 3370 Deo
530 3312 775 3389 comparentur:
807 3308 882 3389 quia
911 3308 980 3372 solo
1007 3309 1087 3372 flatu
1138 3309 1211 3374 liari
1234 3309 1297 3373 Dei
1319 3307 1407 3373 cultu
1439 3308 1569 3373 differre
1598 3309 1638 3373 ab
1664 3305 1814 3372 omnibus
1842 3304 1981 3387 populis,
2008 3325 2110 3387 quum

113 3391 264 3456 discutiet
282 3394 387 3457 instar
403 3390 576 3475 pulvisculi
595 3413 707 3456 omnes
726 3393 977 3458 terracincolas.
1002 3394 1086 3457 Nam
1138 3395 1277 3478 propitio
1310 3407 1342 3458 et
1375 3395 1504 3458 lavante
1535 3393 1625 3459 coelo
1665 3393 1806 3457 militent
1847 3393 1955 3455 hostes
1995 3391 2109 3469 nostri,

116 3489 151 3541 ut
172 3478 309 3541 nimium
338 3478 496 3560 proclives
526 3497 639 3542 sumus
668 3485 701 3541 et
729 3499 898 3561 perperam
927 3479 1087 3563 ingeniosi
1139 3480 1221 3544 nihil
1244 3479 1358 3544 anxilii
1386 3479 1478 3544 nobis
1500 3499 1520 3544 a
1541 3477 1614 3543 Deo
1643 3499 1737 3559 quem
1767 3477 1903 3543 colimus
1932 3474 2107 3558 affulgeat?

114 3562 155 3627 ad
188 3562 366 3645 captandos
400 3562 597 3627 diffidentiae
634 3574 840 3645 praetextus,
881 3562 1036 3647 quidquid
1068 3584 1088 3628 a
1138 3566 1208 3630 Nec
1231 3587 1307 3630 vero
1330 3566 1463 3630 dubium
1493 3575 1544 3630 eet
1572 3564 1651 3645 quin
1681 3563 1850 3627 exsulibus
1879 3560 2111 3625 insultaverint

114 3646 237 3714 Satana
279 3648 430 3714 obiicitur
468 3648 566 3712 saluti
606 3654 736 3713 nostrae
776 3649 948 3715 adversum
988 3650 1088 3732 fingi·
1139 3650 1307 3730 increduli,
1338 3650 1433 3716 sicuti
1456 3659 1548 3732 patet
1575 3671 1616 3713 ex
1639 3649 1711 3713 aliis
1744 3648 1832 3713 locis.
1876 3645 1926 3710 Nc
1959 3666 2037 3729 crgo
2070 3645 2111 3712 ob

113 3735 295 3799 maeviam
318 3734 390 3799 Deo
412 3734 590 3799 obstruere.
634 3733 708 3799 Hoc
730 3735 848 3800 vitium
879 3744 917 3799 ut
944 3736 1089 3818 corriget
1139 3735 1263 3802 cladem
1304 3746 1470 3819 acceptam
1506 3735 1690 3801 concideret
1731 3734 1816 3798 iuter
1855 3730 1993 3797 Iudaeos
2031 3751 2110 3796 vera

112 3818 283 3902 propheta,
312 3824 477 3885 creaturas
500 3839 612 3885 omnes
638 3820 733 3884 nihili
756 3841 826 3885 csse
855 3820 1008 3885 admonet
1037 3840 1087 3885 cc-
1139 3822 1268 3906 religio,
1303 3823 1451 3904 exsurgit
1483 3819 1592 3901 Deus,
1630 3820 1754 3902 sibique
1787 3838 1921 3902 gravem
1955 3815 2112 3882 iniuriam

113 3925 184 3969 ram
206 3905 286 3981 Deo,
310 3926 485 3987 omnesque
507 3905 641 3986 populos
662 3906 773 3988 paucis
790 3915 823 3970 et
840 3906 967 3990 exiguis
985 3927 1088 3988 aquae
1139 3909 1210 3972 fieri
1238 3907 1427 3991 proclamat,
1452 3905 1478 3970 si
1509 3906 1606 3971 rebus
1632 3906 1779 3971 adversis
1808 3904 1902 3970 fracti
1928 3902 2039 3968 fideles
2069 3901 2110 3967 ad

113 3991 215 4073 guttis
244 4011 315 4055 esse
343 3991 474 4055 similes.
526 3991 622 4056 Unde
651 3992 834 4074 colligimus
868 3992 949 4057 nihil
983 3993 1088 4075 magis
1138 3993 1224 4056 idola
1256 4003 1288 4058 et
1315 3993 1460 4076 gentium
1490 3992 1737 4073 superstitiones
1764 3990 1935 4054 declinent.
1979 3987 2032 4052 Ita
2054 4009 2110 4054 cos

114 4097 184 4141 esee
199 4081 444 4159 praeposterum
460 4096 557 4158 quam
575 4077 690 4142 efferre
705 4086 870 4142 creaturas
883 4077 924 4141 ad
939 4078 1088 4142 minuen-
1138 4080 1309 4144 confirmat
1331 4080 1364 4141 in
1387 4076 1640 4160 promissionum
1658 4076 1733 4154 fide,
1763 4097 1805 4139 ne
1827 4094 2006 4157 poenarum
2029 4093 2110 4156 quas

114 4162 188 4226 dam
212 4163 391 4244 potentiam
414 4162 486 4240 Dei,
517 4182 598 4244 quae
621 4182 773 4245 suprema
801 4163 946 4227 omnium
977 4172 1014 4229 ut
1039 4172 1088 4228 est
1139 4165 1305 4230 sustinent
1331 4162 1456 4228 insultu
1489 4163 1664 4228 labescant.
1716 4161 1785 4226 Nec
1817 4181 1896 4225 vero
1924 4160 2110 4242 alloquitur,

114 4247 162 4312 ita
183 4249 315 4330 agnosci
337 4247 440 4312 dehet.
1140 4261 1175 4314 ut
1197 4250 1287 4334 prius
1315 4250 1513 4328 monuimus,
1540 4248 1689 4313 homines
1717 4255 1846 4311 tantum
1877 4265 1954 4310 suae
1985 4248 2110 4321 aetatis,

200 4333 250 4397 16.
285 4331 465 4418 (Iribunua)
509 4331 548 4397 Id
579 4339 643 4397 est:
677 4334 704 4397 si
735 4333 807 4398 Deo
838 4333 1086 4399 sacrificandum
1139 4336 1195 4399 sed
1219 4344 1381 4417 posteros:
1411 4335 1528 4416 quibus
1551 4333 1663 4397 durius
1686 4331 1832 4396 futurum
1855 4344 1925 4396 erat
1946 4340 2111 4396 certamen

115 4419 158 4481 sit
179 4439 238 4500 pro
261 4416 431 4501 dignitate,
455 4439 513 4484 acc
531 4423 622 4484 totns
643 4419 801 4492 Libanus,
824 4440 883 4485 nec
901 4421 988 4484 ferae
1005 4439 1087 4502 quae
1139 4442 1212 4486 cum
1242 4421 1392 4504 gentium
1423 4418 1581 4495 ludibriis,
1608 4439 1747 4500 quarum
1777 4418 1878 4481 futuri
1907 4424 2003 4481 erant
2036 4436 2111 4498 oep-

113 4502 179 4567 illic
201 4513 378 4586 pascuntur
401 4503 441 4569 ad
469 4504 663 4570 sacrificium
692 4504 864 4570 sufficient.
908 4505 1018 4570 Variis
1040 4505 1087 4570 lo·
1139 4509 1209 4584 tivi,
1237 4506 1353 4571 deinde
1375 4507 1472 4570 etiam
1496 4526 1568 4570 cum
1592 4504 1687 4568 malis
1705 4500 1863 4585 exemplis
1884 4513 1918 4566 et
1937 4515 2110 4566 consuetu·

115 4589 234 4671 quendi
256 4590 367 4654 formis
388 4590 531 4655 inculcat
553 4589 638 4654 hanc
662 4589 725 4654 Dei
754 4591 952 4673 potentiam:
983 4599 1020 4655 ut
1048 4591 1088 4655 de
1139 4593 1222 4658 dine.
1268 4593 1353 4656 Nam
1376 4612 1476 4674 quum
1499 4590 1645 4673 profanis
1675 4589 1828 4674 gentihus
1856 4588 2011 4670 permixti
2032 4609 2109 4669 quo·

114 4695 152 4738 ea
184 4676 330 4758 persuasi
364 4675 511 4741 homines
548 4685 713 4741 creaturas
746 4684 778 4740 et
811 4697 939 4740 omnem
974 4697 1087 4741 aarum
1140 4679 1219 4743 tidie
1239 4690 1409 4743 cernerent
1429 4677 1548 4741 multas
1563 4676 1694 4758 pietatis
1709 4674 1919 4755 corruptelas,
1942 4672 2110 4738 difficilius

113 4760 183 4824 vim
212 4758 296 4825 nihil
322 4771 500 4826 morentur.
552 4760 748 4844 Quanquam
779 4762 910 4826 videtur
939 4762 1087 4827 consulto
1140 4764 1200 4827 luit
1233 4772 1420 4827 constanter
1458 4773 1615 4846 perstare.
1669 4762 1759 4844 Ergo
1798 4782 1840 4825 ne
1872 4758 1949 4842 quid
1990 4758 2110 4823 stultae

105 4846 272 4929 propheta
295 4845 334 4910 de
357 4847 446 4911 cultu
469 4846 533 4912 Dei
555 4867 661 4931 agere,
693 4868 756 4929 quo
783 4845 919 4911 lectores
950 4847 990 4911 ad
1020 4867 1087 4910 ma·
1139 4851 1301 4930 opinionis
1319 4850 1536 4931 conciperent,
1560 4846 1645 4930 quod
1668 4848 1823 4912 falsorum
1848 4843 1983 4908 deorum
2005 4843 2110 4908 culto·

113 4932 214 4995 iorem
237 4932 307 4996 cius
330 4934 546 4998 reverentiam
570 4933 723 4998 adducat:
752 4934 842 5014 quasi
872 4932 1006 4998 diceret:
1036 4934 1087 4998 'Pu
1139 4937 1229 4999 ribus
1250 4954 1402 5018 prospere
1425 4933 1577 5000 cederent
1602 4933 1720 5010 omnia,
1753 4932 1828 4997 huic
1851 4933 1930 4995 vitio
1951 4927 2111 5012 propheta

114 5016 236 5083 scilicet
258 5017 323 5081 Dei
346 5019 499 5082 virtutem
527 5020 634 5084 metiri
665 5018 798 5083 audebis
825 5028 880 5083 tuo
909 5040 1016 5096 sensu,
1046 5018 1087 5083 ad
1139 5021 1287 5099 occurrit,
1321 5030 1354 5084 et
1387 5019 1540 5085 admonet
1574 5020 1680 5084 Deum
1715 5038 1810 5101 quem
1844 5016 1906 5098 ipsi
1937 5026 1970 5078 et
2001 5026 2111 5097 patres

117 5123 212 5185 quem
246 5103 310 5168 rite
343 5102 514 5169 colendum
547 5105 730 5170 instructus
763 5125 828 5168 non
852 5106 927 5186 eris,
960 5106 1087 5170 etiamsi
1140 5127 1252 5171 eorum
1275 5106 1453 5185 coluerunt,
1483 5128 1546 5170 non
1570 5125 1641 5171 esse
1663 5125 1738 5170 cnm
1761 5102 1822 5166 diis
1851 5101 2000 5183 gentium
2022 5121 2110 5167 com·

116 5188 272 5272 quidquid
306 5200 356 5255 est
388 5192 423 5255 in
456 5189 584 5255 Libano
622 5190 810 5255 animalium
851 5200 883 5254 et
923 5192 1087 5275 lignorum
1139 5191 1332 5274 parandum.
1369 5192 1416 5256 Hi
1439 5193 1527 5256 enim
1551 5192 1590 5256 ab
1613 5190 1798 5255 hominibus
1820 5189 1929 5264 creati,
1952 5208 2031 5252 auro
2054 5197 2111 5251 aut

116 5275 309 5342 coacerves?
343 5276 433 5343 Hinc
455 5274 614 5359 colligunt
635 5276 785 5342 nonnulli
808 5276 972 5343 neminem
995 5297 1087 5360 posse
1139 5288 1284 5361 argento,
1314 5277 1403 5361 ligno
1426 5286 1483 5342 aut
1511 5276 1619 5359 lapide
1647 5275 1851 5353 constabant,
1880 5273 1972 5340 Deus
2002 5285 2112 5339 autem

225 5376 337 5434 Calciae'
353 5394 446 5448 opero.
476 5378 535 5434 Vol.
547 5377 710 5434 XXXVII.
1893 5377 1910 5429 2
