4784 5970
188 370 250 436 ιιι
873 324 876 333 ’
1069 365 1118 431 ιιι
1141 364 1305 433 ιοιιιιιι
2109 366 2170 433 aee

189 558 232 623 ad
262 556 475 622 diffidentiam
505 554 671 632 sollicitat,
701 552 795 635 quasi
824 553 943 618 deserti
971 572 990 617 a
1020 553 1091 618 Deo
1119 572 1156 617 ee
1207 553 1300 619 nobis
1321 553 1488 637 patefacit,
1517 561 1614 636 atque
1635 552 1675 619 ed
1698 573 1769 619 eam
1791 573 1860 619 rem
1884 553 2056 620 homiuum
2075 574 2172 639 opere

190 643 337 710 destituti
359 660 513 718 essemus,
542 638 607 703 huo
628 639 723 704 nobis
744 636 945 703 redeundum
972 648 1034 712 est,
1060 646 1156 721 etque
1206 650 1241 705 et
1262 640 1441 705 ministerio
1464 638 1577 705 utitur.
1621 637 1737 721 Itaque
1758 649 1924 722 postremo
1946 639 2049 718 addit,
2070 643 2172 706 nemi·

190 727 355 796 fidendum
378 725 467 803 Deo,
497 745 602 807 aquo
625 722 709 788 nihil
730 724 851 788 frustra
872 724 1090 807 promittitur,
1117 722 1155 791 Si
1206 745 1282 789 nem
1315 725 1462 791 futurum
1493 725 1550 807 qui
1582 723 1744 806 praeditet
1776 725 1840 789 nisi
1868 725 1982 791 aDeo
2011 727 2171 792 mittetur.

190 812 335 880 nondum
358 820 509 895 praestet,
531 809 636 874 aderit
658 818 770 874 tamen
791 810 825 873 in
846 820 1001 891 tempore.
1209 808 1274 876 Sed
1297 808 1429 876 videtur
1450 809 1572 876 Paulus
1594 818 1744 892 torquere
1764 808 1942 893 prophetae
1959 811 2070 877 verbe.
2105 811 2171 877 Neo

277 898 306 963 7.
328 895 447 982 (Quum
468 894 620 979 speciosi.)
663 894 791 959 Rursus
814 892 969 976 propheta
990 895 1060 978 pios
1081 912 1156 960 eon·
1207 896 1292 960 enim
1317 896 1395 961 dicit
1416 895 1519 960 Isaiae
1540 895 1705 960 ministros
1726 895 1811 960 mitti
1834 895 1952 976 eDeo,
1971 895 2031 963 sed
2052 895 2171 962 adven

189 987 300 1052 firmat
317 983 353 1047 in
374 980 567 1048 certitudine
587 979 679 1044 verbi
701 979 774 1057 Dei,
797 1000 838 1043 ne
860 979 927 1044 ullo
947 980 1044 1046 modo
1064 977 1155 1044 dubi·
1206 992 1276 1046 tum
1287 981 1433 1063 ipsorum
1447 1000 1485 1047 ec
1499 982 1716 1063 praesentiam
1728 980 1903 1063 optandam
1921 1001 2002 1047 esse.
2023 982 2170 1065 Respon-

190 1081 263 1137 tent
299 1088 334 1134 se
371 1069 405 1132 in
445 1066 613 1150 pristinam
655 1065 836 1130 libertatem
877 1066 1064 1130 restitutum
1104 1065 1154 1142 iri,
1207 1067 1281 1146 deo,
1315 1066 1454 1132 Paulum
1483 1067 1545 1133 boo
1578 1067 1706 1131 axioma
1733 1086 1792 1148 pro
1824 1066 1970 1132 confesso
2003 1066 2170 1134 babuisse:

191 1156 382 1234 animosque
411 1174 486 1218 suos
517 1153 551 1215 in
584 1152 666 1215 dura
698 1149 756 1215 illa
788 1151 947 1215 servitute
979 1160 1067 1216 certa
1098 1171 1155 1232 spe
1207 1151 1290 1217 nihil
1313 1172 1384 1218 esse
1406 1151 1583 1235 optandum
1607 1153 1669 1216 nisi
1691 1149 1810 1217 eDeo.
1843 1151 1940 1218 Unde
1962 1173 2040 1219 vero
2060 1151 2171 1219 selua?

191 1241 384 1308 sustineant.
431 1235 619 1320 Splendidis
641 1244 751 1301 autem
772 1235 884 1319 elogiis
912 1236 1039 1300 extollit
1067 1233 1154 1300 hune
1207 1259 1247 1302 an
1272 1238 1312 1303 ab
1334 1236 1544 1303 homiuibus?
1566 1236 1716 1301 minime:
1738 1257 1798 1304 nec
1821 1237 1908 1302 enim
1931 1244 2040 1320 potest
2061 1238 2171 1303 afferri

191 1327 354 1407 nundum,
376 1332 414 1388 ut
434 1324 513 1388 satis
535 1322 675 1387 habeant
696 1321 753 1404 pii,
775 1341 866 1404 spem
890 1321 1019 1387 futurae
1040 1321 1155 1386 salutis
1207 1331 1274 1387 tam
1296 1322 1461 1408 singulare
1490 1324 1682 1388 beneficium
1709 1322 1773 1388 nisi
1795 1321 1867 1388 Deo
1886 1337 2010 1388 autore.
2053 1324 2172 1389 Merito

189 1411 253 1478 sibi
275 1410 310 1472 in
344 1408 526 1473 calamitate
560 1406 716 1472 divinitus
749 1407 867 1471 offerri.
913 1408 958 1472 Et
990 1416 1075 1472 certe
1108 1406 1155 1470 lo·
1207 1429 1284 1493 ergo
1307 1407 1480 1483 concludit,
1502 1409 1542 1474 ab
1564 1409 1648 1489 ipso,
1680 1428 1746 1472 non
1775 1406 1816 1472 ab
1846 1407 1979 1474 homine
2000 1409 2170 1491 proficisci.

189 1504 310 1581 quante
342 1493 415 1559 Deo
448 1492 701 1559 consolationem
735 1493 886 1576 amplecti
920 1491 1052 1571 debent,
1092 1512 1156 1574 que
1292 1494 1322 1558 8.
1352 1493 1439 1578 (Vox
1459 1492 1707 1577 cumulatorum.)
1754 1494 1969 1577 Prosequitur
1996 1513 2171 1578 argumen-

190 1582 267 1647 freti
288 1578 413 1662 placide
436 1580 659 1661 patienterque
681 1588 832 1642 eventum
854 1578 1079 1660 promissionis
1100 1599 1154 1643 ex·
1208 1588 1276 1644 tum
1301 1601 1406 1644 sutum.
1450 1580 1562 1645 Talem
1585 1577 1672 1642 enim
1694 1578 1805 1661 poan
1833 1579 2075 1645 restitutionem
2106 1579 2172 1646 fore

191 1673 347 1751 spectent.
403 1664 450 1730 Ut
482 1685 559 1747 ergo
592 1665 636 1746 pii
673 1665 862 1728 contineant
900 1662 1058 1728 desideria
1097 1683 1156 1727 sna
1208 1664 1357 1743 ostendit,
1380 1675 1417 1729 ut
1438 1685 1511 1729 eam
1534 1664 1642 1729 nuntii
1665 1663 1825 1747 intrepide
1840 1662 2006 1747 publicare
2020 1664 2171 1731 endunt.

190 1750 502 1917 lft'lttfttt
511 1747 1156 1900 eremitteret.little}
1207 1750 1296 1900 litt
1313 1751 1408 1917 ilii·
1428 1751 1667 1901 titillet
1680 1748 2171 1901 &fidissimi

191 1922 346 2007 parabilis
367 1920 422 1984 ille
455 1920 628 1984 thesaurus
661 1920 753 1985 verbi
786 1941 848 2001 quo
878 1929 969 1984 tanta
1002 1919 1164 1991 beneficia¹
1208 1921 1381 2003 conspicua
1408 1931 1441 1985 et
1473 1920 1609 1986 illustris
1642 1929 1678 1985 ut
1710 1940 1823 1986 omnes
1855 1921 1890 1985 in
1923 1921 2170 1986 admirationem

68 2004 80 2029 ''
191 2006 422 2075 eontinentur?
455 2026 498 2069 an
520 2009 619 2070 ruetis
641 2007 674 2069 in
698 2015 774 2070 vota
794 2002 1000 2088 importune?
1035 2024 1076 2068 an
1099 2025 1155 2069 ex·
1209 2006 1322 2087 rapiat.
1372 2004 1438 2085 Qui
1467 2005 1507 2069 de
1535 2005 1633 2071 rebus
1662 2004 1767 2070 dubiis
1795 2006 1973 2088 loquuntur
2002 2022 2172 2074 susurrent

191 2090 397 2178 postulabitis
430 2111 504 2156 oum
537 2090 631 2155 Deo?
680 2092 762 2155 Vult
795 2093 880 2155 enim
920 2111 939 2154 a
977 2087 1157 2154 diffidentia
1208 2093 1294 2156 iuter
1316 2113 1360 2171 sa,
1380 2111 1442 2157 nec
1464 2111 1576 2156 vocem
1599 2090 1747 2155 attollere
1769 2091 1908 2156 audent:
1929 2091 1983 2158 hio
1999 2112 2078 2157 vero
2092 2090 2171 2157 nibil

190 2178 347 2263 populum
370 2196 536 2253 revocare,
568 2177 622 2258 qui
645 2177 745 2241 variis
769 2175 928 2240 illecebris
949 2174 1155 2240 abstraheba-
1181 2170 1184 2247 l
1209 2176 1341 2241 dubium
1374 2186 1431 2242 aut
1462 2177 1623 2242 incertum
1657 2176 1727 2240 erit.
1778 2176 1949 2243 Mutuatus
1973 2189 2032 2243 eet
2063 2184 2169 2242 eutem

191 2271 261 2342 tur,
301 2282 406 2343 neque
445 2263 578 2326 omnino
617 2260 840 2342 acquiescebat
879 2262 913 2324 in
953 2261 1053 2326 verbo
1084 2259 1156 2324 Dei.
1207 2261 1364 2344 prophete
1386 2261 1632 2329 similitudinem
1655 2260 1697 2326 ab
1718 2262 1862 2327 excubiis
1883 2283 1966 2345 quae
1987 2264 2022 2327 in
2038 2261 2170 2327 urbibus

190 2350 371 2429 Propterea
399 2346 563 2410 doctrinae
591 2346 817 2410 excellentiam
848 2345 1030 2430 praedicat,
1060 2355 1157 2427 atque
1208 2347 1308 2413 looeri
1330 2346 1445 2412 solent.
1490 2345 1685 2429 Quanquam
1715 2347 1934 2429 speculatores
1961 2368 2090 2431 quoque
2118 2368 2169 2413 vo·

191 2432 334 2499 ostendit
356 2430 538 2496 Dominum
561 2431 632 2513 plus
655 2431 746 2495 uobis
767 2452 806 2496 ee
834 2431 948 2514 largiri
974 2451 1070 2513 quam
1094 2429 1157 2495 diei
1181 2488 1184 2501 .
1207 2439 1326 2496 centur
1357 2454 1470 2497 omnes
1504 2432 1692 2513 prophetae,
1733 2432 1817 2514 quod
1851 2433 1944 2499 velut
1975 2434 2009 2499 in
2042 2431 2170 2516 specula

193 2524 252 2583 aut
283 2516 418 2600 cogitari
453 2518 561 2598 possit.
613 2516 683 2580 Iam
718 2537 794 2582 vero
825 2517 987 2600 significet
1021 2536 1084 2579 non
1118 2515 1158 2579 de
1181 2504 1184 2590 l
1209 2519 1377 2584 constituti
1400 2519 1474 2594 sint,
1498 2526 1535 2582 ut
1556 2539 1614 2600 pro
1637 2518 1742 2582 salute
1760 2518 1870 2601 populi
1885 2519 2033 2603 vigilent.
2062 2517 2168 2599 Quum

192 2604 307 2687 quovis
336 2622 455 2686 genere
484 2601 649 2667 doctrinae
673 2602 726 2668 hic
755 2602 824 2686 agi,
857 2602 912 2668 sed
943 2600 983 2666 de
1012 2621 1158 2683 eaquae
1210 2624 1264 2668 eos
1296 2622 1399 2668 vocam
1427 2602 1613 2669 sublaturos
1643 2623 1713 2668 esse
1746 2602 1840 2680 dicit,
1874 2605 2037 2689 significat
2067 2602 2168 2670 exsilii

192 2689 403 2755 consolationi
429 2695 506 2769 apte
527 2692 587 2752 est.
630 2687 810 2754 Pulchrum
832 2696 963 2772 ergoet
985 2687 1156 2770 optabilem
1210 2698 1354 2772 tempore
1385 2690 1551 2754 silentium
1583 2689 1668 2766 fore,
1709 2689 1785 2771 quia
1824 2709 1891 2754 non
1923 2689 2077 2755 audietur
2111 2708 2168 2754 vox

192 2794 263 2840 esse
291 2773 433 2838 ostendit
467 2772 644 2837 adventum
677 2793 789 2839 eorum
822 2775 878 2856 qui
907 2774 1156 2839 consolationem
1210 2774 1453 2857 prophetarum.
1498 2773 1581 2838 Nam
1605 2775 1664 2839 etsi
1693 2786 1848 2839 moneant
1874 2775 2029 2857 privatim
2058 2795 2168 2840 uuum·

192 2858 344 2925 adferunt
365 2880 405 2922 ex
428 2879 483 2923 ore
506 2860 584 2923 Dei:
617 2880 699 2941 quae
720 2879 787 2924 non
809 2866 936 2923 tantum
959 2858 1069 2924 levero
1097 2878 1157 2923 nos
1209 2880 1377 2943 quemque,
1400 2861 1490 2925 nulla
1512 2869 1622 2924 tamen
1645 2860 1706 2923 erit
1728 2860 1862 2925 libertas
1882 2859 2045 2943 loquendi.
2078 2859 2169 2926 Unde

191 2965 211 3009 a
242 2962 405 3018 moerore,
444 2942 499 3007 sed
532 2946 629 3008 etiam
663 2943 782 3026 gaudio
816 2942 1009 3026 perfundere
1040 2951 1156 3026 potest.
1209 2945 1305 3010 etiam
1328 2945 1484 3011 Ieremias
1506 2946 1551 3009 ait
1568 2944 1676 3029 (Thre.
1694 2944 1724 3023 3,
1739 2943 1810 3030 29);
1833 2946 1957 3011 Ροιιιιιιι
1979 2946 2015 3010 in
2037 2945 2168 3027 pulvere

192 3031 313 3114 Agitur
335 3027 421 3092 euim
443 3027 498 3091 hio
519 3027 559 3091 de
581 3029 727 3093 doctrine
749 3029 873 3109 salutis,
895 3044 991 3111 etque
1013 3029 1084 3094 ideo
1100 3050 1157 3111 pa·
1207 3050 1246 3094 oa
1276 3051 1395 3095 meum.
1441 3029 1507 3096 Sed
1536 3050 1637 3112 quum
1659 3028 1823 3096 Dominus
1853 3032 1990 3096 educere
2019 3029 2167 3114 populum

192 3115 426 3192 cambonem,
456 3113 595 3177 salutem
618 3115 806 3177 annuntiari
830 3114 917 3179 dicit.
963 3113 1060 3178 Pacis
1079 3133 1157 3178 vero
1209 3115 1312 3193 volet,
1351 3123 1501 3198 apertum
1534 3115 1596 3179 erit
1628 3134 1663 3180 os
1697 3115 1951 3198 speculatoribus
1987 3117 2044 3197 qui
2077 3124 2169 3181 antee

190 3201 324 3265 nomine
347 3218 535 3281 prosperum
558 3209 591 3262 et
620 3199 743 3264 felicem
771 3206 892 3264 statum
923 3199 1086 3282 designat:
1120 3207 1157 3262 ut
1208 3199 1293 3264 muti
1315 3212 1418 3275 eraut,
1442 3216 1480 3264 ut
1502 3200 1639 3266 liberum
1662 3201 1692 3265 ei
1707 3201 1849 3267 reditum
1864 3202 2072 3267 annuntient.
2105 3200 2169 3266 Nec

190 3288 254 3350 iem
278 3285 349 3350 aliis
371 3283 450 3347 locis
472 3283 512 3346 de
534 3284 630 3348 huius
653 3285 793 3349 nominis
811 3284 1047 3367 significatione
1063 3283 1158 3367 plura
1208 3285 1296 3349 enim
1326 3286 1498 3367 loquentur
1528 3287 1613 3350 inter
1634 3286 1778 3367 privatos
1802 3288 1959 3370 parietes,
1988 3296 2047 3351 eut
2072 3286 2168 3351 modi·

190 3370 344 3437 diximus.
1208 3390 1279 3435 cam
1301 3369 1552 3436 consolationem
1575 3369 1785 3448 adhibebunt,
1808 3373 1864 3438 sed
1887 3372 1982 3455 pleno
2004 3391 2061 3437 ore
2083 3392 2169 3453 pree·

277 3454 433 3542 (Deerit
466 3455 580 3540 Sicci.)
633 3455 722 3520 Hinc
761 3454 944 3539 colligimus
979 3454 1074 3537 quele
1113 3454 1157 3520 sit
1207 3455 1362 3522 dicabunt
1394 3456 1492 3521 istem
1525 3456 1678 3522 salutem:
1717 3478 1780 3540 qua
1814 3457 1853 3522 de
1886 3479 1922 3522 re
1952 3456 2049 3540 plura
2081 3458 2170 3522 initio

192 3542 387 3626 principium
414 3540 503 3607 illius
533 3542 699 3609 doctrinae
728 3561 827 3624 quam
858 3541 1022 3624 praedicat
1043 3541 1154 3619 Isaiae,
1207 3542 1320 3623 capitis
1341 3542 1393 3607 40.

192 3640 226 3693 et
247 3626 325 3711 quid
346 3628 549 3710 potissimum
571 3626 746 3709 optandum
770 3627 828 3691 sit:
852 3647 969 3710 nempe
991 3636 1028 3692 ut
1049 3625 1155 3709 erige·
1297 3627 1391 3693 Oculo
1412 3627 1455 3693 ad
1475 3626 1604 3706 oculum,
1626 3626 1659 3692 id
1681 3636 1748 3705 est,
1777 3628 1896 3711 pelam.
1940 3627 2014 3693 Hoc
2042 3626 2168 3710 quidem

193 3726 247 3777 tur
268 3714 355 3776 iuter
384 3732 442 3777 nos
472 3734 608 3797 reguum
631 3712 714 3777 Dei:
747 3713 823 3795 quia
852 3713 951 3779 donee
979 3712 1068 3777 inter
1096 3732 1156 3776 nos
1207 3713 1248 3779 ad
1279 3713 1482 3796 spiritualem
1515 3713 1759 3778 conversionem
1796 3712 2002 3778 extenditur:
2042 3711 2103 3779 sed
2133 3734 2169 3777 ue

192 3804 311 3882 regnet
339 3797 451 3863 cedere
484 3799 576 3864 nobis
602 3800 711 3863 omnia
740 3797 912 3863 infeliciter
940 3817 1070 3864 necesse
1097 3804 1155 3874 est,
1208 3808 1378 3882 propterea
1404 3796 1593 3863 recedamus
1622 3820 1642 3862 a
1670 3819 1768 3863 seusu
1800 3799 1931 3875 literae,
1964 3799 2043 3880 quin
2077 3798 2169 3862 simul

192 3903 231 3949 ae
257 3882 394 3967 proinde
423 3904 481 3948 nos
510 3903 579 3948 esse
608 3885 758 3963 miserus,
792 3884 888 3949 sicuti
917 3903 1048 3949 rursum
1077 3881 1156 3947 haec
1208 3884 1416 3958 beneficium,
1449 3883 1535 3965 quod
1558 3884 1718 3948 Dominus
1741 3886 1842 3948 veteri
1871 3884 1989 3965 populo
2016 3883 2170 3959 exhibuit,

193 3970 290 4034 unice
318 3978 368 4033 eet
396 3969 512 4034 salutis
541 3989 683 4045 summe,
716 3968 770 4033 ubi
793 3967 884 4032 Deus
910 3986 1023 4035 curam
1052 3967 1157 4032 nostri
1208 3967 1529 4052 comprehendamus.
1574 3968 1658 4033 Nam
1680 3989 1781 4052 qaum
1807 3970 1950 4034 restituit
1971 3968 2112 4035 Iudaeos
2138 3969 2170 4032 in

192 4055 357 4136 suscipere
389 4054 550 4138 dignatur.
602 4054 710 4134 Atque
735 4053 816 4118 haec
843 4054 955 4119 eadem
985 4062 1034 4118 est
1062 4053 1158 4118 unice
1208 4055 1406 4133 libertatem,
1440 4064 1536 4134 atque
1568 4053 1747 4119 ministerio
1775 4053 1971 4134 Zorobabel,
2003 4054 2111 4119 Ferae
2140 4065 2172 4118 et

194 4141 276 4204 ratio
298 4139 491 4204 obtinendae
514 4141 614 4222 pacis.
644 4137 821 4220 quamlibet
842 4139 994 4205 confusae
1017 4159 1068 4203 res
1090 4138 1158 4202 sint
1209 4139 1386 4205 Nehemiae
1408 4159 1485 4204 usus
1508 4149 1566 4218 est,
1588 4139 1668 4203 haec
1689 4138 1823 4223 impleta
1844 4149 1929 4206 sunt.
1966 4138 2074 4206 Simul
2097 4157 2171 4205 sero

193 4246 231 4292 ao
252 4223 407 4308 perditae.
441 4227 490 4289 Ac
512 4224 754 4289 meminerimus
776 4223 863 4288 buno
886 4226 1037 4290 nuntium
1059 4222 1157 4288 desti·
1209 4223 1428 4289 continuanda
1450 4233 1526 4288 sunt
1548 4245 1649 4306 usque
1671 4224 1711 4288 ed
1734 4223 1858 4290 Obristi
1887 4223 2083 4302 adventum,
2112 4244 2171 4306 quo

193 4312 266 4376 neri
288 4309 456 4375 ecelesiae:
485 4312 561 4391 quia
583 4309 725 4392 profanis
747 4309 942 4393 hominibus,
973 4311 1027 4392 qui
1049 4309 1157 4374 Deum
1210 4308 1345 4376 ecclesie
1383 4331 1423 4373 ex
1464 4309 1614 4375 omnibus
1647 4317 1753 4375 terrae
1786 4310 1905 4375 finibus
1944 4309 2082 4376 collecta
2114 4318 2171 4375 eat.

193 4415 261 4461 uon
271 4404 404 4474 norunt,
415 4397 590 4459 convenire
603 4416 668 4458 nou
680 4402 793 4476 potest.
814 4393 934 4460 Paulus
949 4395 1023 4477 (Ro.
1039 4394 1088 4475 10,
1104 4393 1158 4478 15)
1210 4393 1420 4475 Quinetiam
1443 4393 1713 4478 progrediendum
1736 4416 1836 4477 usque
1865 4392 1906 4459 ad
1935 4395 2091 4460 ultimum
2117 4393 2171 4460 ed·

194 4482 283 4547 huuc
305 4479 412 4544 locum
435 4481 530 4557 citat,
560 4490 597 4544 ut
626 4481 741 4562 probet
768 4479 930 4562 evangelii
952 4478 1159 4562 praedicatio-
1210 4490 1344 4545 ventum
1356 4478 1489 4556 Obristi,
1505 4500 1568 4561 quo
1578 4480 1766 4563 plenissime
1775 4481 1885 4545 omnia
1894 4479 2171 4546 instaurabuntur.

193 4588 269 4633 nem
292 4586 357 4631 non
381 4565 421 4629 ab
443 4565 642 4642 hominibus,
676 4565 733 4630 sed
763 4584 783 4628 a
812 4565 882 4630 Deo
912 4564 1086 4648 proficisci,
1120 4584 1158 4629 ao
1294 4565 1324 4629 9.
1347 4564 1529 4650 (Lance.)
1572 4565 1732 4630 Hortatur
1754 4564 1882 4647 quidem
1904 4564 2018 4631 fideles
2039 4565 2082 4629 ed
2102 4583 2172 4650 gre-

195 4653 362 4718 ministros
385 4651 439 4733 qui
461 4649 613 4714 nuntium
635 4651 750 4716 salutis
778 4649 948 4732 perferunt
976 4648 1016 4714 ab
1046 4647 1158 4712 eodem
1211 4651 1329 4715 tiarum
1352 4651 1528 4715 actionem:
1561 4651 1618 4715 sed
1640 4651 1845 4734 potissimum
1868 4670 1923 4715 ecs
1944 4651 2118 4717 confirmat
2137 4649 2172 4713 iu

194 4738 292 4804 mitti.
336 4735 451 4802 Utitur
486 4745 594 4799 autem
628 4735 818 4818 gradatione
851 4735 1022 4800 eiusmodi:
1062 4733 1159 4814 Quis·
1210 4756 1267 4819 epe
1289 4756 1327 4801 ee
1348 4736 1469 4800 fiducia
1491 4733 1589 4799 huius
1610 4737 1741 4801 salutis:
1774 4737 1859 4801 acsi
1881 4736 1947 4800 iem
1969 4736 2041 4818 ipsa
2063 4754 2172 4801 rerum

193 4825 267 4908 quis
288 4821 489 4888 invocaverit
511 4840 630 4884 nomen
653 4820 795 4894 Domini.
819 4820 931 4885 salvus
953 4821 1023 4884 erit.
1056 4818 1159 4901 Atqui
1209 4820 1320 4885 fruitio
1353 4821 1393 4885 ad
1426 4819 1675 4903 gratulationem
1708 4841 1763 4886 eos
1796 4830 1933 4886 voearet.
1981 4820 2051 4887 Neo
2085 4820 2172 4885 euim

194 4908 341 4975 invocari
364 4928 429 4971 uon
451 4912 559 4989 potest
581 4905 682 4971 donec
700 4907 848 4990 cognitus
864 4907 975 4970 fuerit:
997 4922 1057 4969 nec
1071 4906 1157 4969 enim
1211 4908 1291 4970 satis
1319 4907 1496 4982 afficimur,
1530 4927 1629 4987 quum
1660 4916 1797 4973 testatur
1825 4907 1989 4972 Dominus
2016 4927 2051 4972 se
2081 4905 2174 4972 nobis

194 4995 303 5060 aditus
325 4991 366 5058 ad
387 4991 626 5058 invocationem
642 5000 753 5073 petere
775 5000 890 5074 potest,
912 4991 974 5055 nisi
993 4989 1160 5072 aperiatur
1211 4991 1414 5055 adfuturum:
1448 5010 1485 5054 ac
1506 4990 1573 5055 ludi
1595 5012 1653 5056 nos
1681 4999 1849 5076 putemus,
1883 4991 1945 5059 nisi
1973 5012 2010 5057 re
2038 4991 2113 5074 ipse
2141 4988 2172 5054 id

193 5078 271 5159 fide,
295 5099 360 5162 qua
382 5078 499 5155 Deum,
522 5086 560 5140 ut
582 5085 706 5158 patrem
729 5077 880 5158 amplexi,
902 5075 1103 5140 familiariter
1125 5076 1159 5139 in
1211 5076 1418 5141 demonstret.
1462 5074 1540 5139 Ideo
1567 5076 1745 5159 prophetae
1766 5078 1904 5143 multum
1927 5078 1960 5142 in
1983 5076 2018 5142 id
2046 5078 2174 5143 incum-

194 5164 265 5228 eins
286 5166 395 5228 sinum
418 5181 631 5229 exoneremus
653 5181 748 5227 eures
770 5171 909 5228 nostras.
949 5161 1031 5226 Eius
1052 5167 1159 5224 autem
1211 5161 1293 5225 bunt
1314 5174 1351 5225 nt
1372 5162 1564 5227 confirment
1586 5163 1710 5228 animos
1734 5164 1876 5245 piorum,
1908 5171 1942 5226 et
1969 5183 2039 5227 rem
2069 5163 2173 5245 ipsam

192 5246 442 5315 fundamentum
465 5259 514 5315 est
536 5247 691 5328 doctrine,
713 5266 772 5330 per
789 5267 886 5329 quam
904 5245 1068 5311 Dominus
1089 5264 1160 5313 sese
1211 5245 1313 5313 oculis
1335 5267 1438 5331 paene
1455 5245 1637 5313 subiiciunt.
1669 5248 1740 5314 Etsi
1759 5261 1870 5314 autom
1886 5246 2065 5314 absurdum
2084 5247 2173 5314 vids-
