4784 5970
191 356 253 420 647
1004 348 1389 419 amnesamnes
2150 349 2215 415 648

191 544 289 609 tionis
318 550 422 608 vocat.
469 541 535 622 Qui
564 562 642 625 ergo
671 551 817 620 vertunt,
846 541 895 608 Ut
925 548 1082 619 vastetur,
1112 551 1171 606 ant
1221 560 1306 624 qaae
1328 549 1457 606 tantum
1480 561 1581 625 aquas
1603 539 1728 624 recipit,
1756 549 1790 607 et
1812 560 1878 605 non
1907 537 2031 606 habeat
2059 537 2211 605 matum

192 637 319 696 vastata
348 637 415 709 est,
445 647 578 692 sensnm
609 638 832 711 corrumpunt.
881 626 1035 709 Denique
1064 646 1170 708 neque
1220 627 1342 710 mnam.
1395 626 1484 691 Illud
1521 647 1592 692 esse
1631 626 1751 692 falsum
1784 635 1911 693 mustat
1941 646 1983 690 ex
2019 622 2212 709 prophetae

192 716 318 780 coelum
341 734 447 796 neque
478 724 599 778 terram
630 713 813 797 attingunt:
848 712 926 796 quia
954 734 1020 777 non
1048 733 1169 795 expen-
1222 711 1340 777 verbis.
1394 711 1509 793 Neque
1540 713 1628 777 enim
1662 715 1804 778 cisterna
1836 711 1956 777 emittit
1988 730 2119 793 aquas,
2155 709 2210 775 ubi

192 801 274 865 dunt
297 799 469 865 consilium
493 798 679 881 prophetae,
709 811 741 864 et
764 805 891 864 tantum
921 798 1105 864 subsistunt
1132 797 1169 861 in
1222 797 1311 862 nulla
1344 805 1393 862 est
1425 799 1597 881 scaturigo.
1652 794 1719 864 Sed
1751 806 1911 881 quantum
1950 795 1993 862 ad
2034 816 2208 863 summam

192 886 311 951 verbis.
361 884 428 950 Sed
458 885 520 950 hoc
553 897 678 949 certum
708 896 768 966 est,
803 884 913 950 vocari
946 884 1170 967 lerosolymam
1221 881 1387 948 doctrinae
1405 893 1541 966 spectat,
1563 885 1643 950 satis
1660 892 1810 949 tenemus
1830 881 1908 967 quid
1924 882 2009 948 velit
2026 880 2206 965 propbeta,

190 971 299 1036 urbem
320 971 522 1049 uisituticuis,
552 972 629 1053 qnia
655 968 747 1036 Deus
776 970 875 1055 longa
904 970 1063 1052 patientia
1090 988 1169 1034 usas
1221 988 1339 1051 nempe
1372 968 1510 1034 Iudaeos
1542 970 1589 1034 ita
1621 968 1721 1035 luisse
1753 968 1899 1035 addictos
1930 968 2135 1044 sceleribus,
2169 978 2208 1032 ut

190 1059 308 1136 iuerat,
330 1069 363 1120 et
381 1056 595 1138 suspenderat
613 1077 761 1138 poenam,
780 1057 882 1122 donec
899 1065 1065 1120 maturum
1084 1063 1170 1119 esset
1221 1074 1349 1136 semper
1371 1054 1597 1139 excogitarent
1623 1076 1727 1121 novas
1754 1065 1841 1121 artes
1864 1054 2011 1131 nocendi,
2041 1051 2207 1136 quemad·

191 1143 355 1208 vindictae
378 1152 519 1224 tempus,
542 1144 588 1205 ita
611 1151 735 1207 utnon
759 1150 869 1208 essent
887 1141 1027 1224 amplius
1050 1140 1167 1205 tolera·
1221 1139 1354 1205 modum
1372 1160 1542 1223 nunqnam
1561 1140 1716 1206 desinunt
1733 1160 1837 1222 aquae
1854 1140 2014 1206 scatente
2031 1158 2078 1204 ex
2101 1138 2206 1217 fonte,

190 1228 284 1305 biles,
305 1229 459 1310 quoniam
483 1226 687 1310 indulgentia
705 1228 767 1292 Dei
789 1229 895 1312 magis
912 1248 950 1293 cc
971 1228 1076 1308 magis
1098 1246 1168 1292 cor·
1221 1236 1255 1290 et
1277 1225 1550 1308 quemadmodum
1571 1226 1637 1290 iam
1660 1227 1739 1304 dixi,
1769 1224 1831 1292 hoc
1852 1225 1983 1311 signum
2007 1236 2060 1290 est
2091 1223 2206 1308 perdi-

191 1317 280 1397 rupti
304 1313 443 1378 fuerant.
485 1313 546 1377 Est
568 1313 643 1378 urbs
664 1314 865 1392 visitationm,
885 1313 1001 1396 inquit,
1025 1312 1086 1377 hoe
1109 1321 1168 1388 est,
1222 1311 1366 1378 tissimae
1388 1312 1505 1397 gentis,
1535 1311 1592 1376 ubi
1618 1312 1708 1377 nulla
1737 1324 1787 1378 est
1808 1334 1828 1377 a
1850 1310 2017 1377 maleficiis
2047 1311 2206 1389 comedo,

190 1401 254 1464 iam
280 1408 414 1464 ventum
439 1409 489 1463 est
511 1398 552 1463 ad
576 1409 705 1481 tempus
734 1399 867 1464 ultimae
888 1399 1060 1476 vindictas,
1090 1417 1168 1479 quo·
1221 1396 1332 1462 nullae
1353 1406 1433 1462 sunt
1456 1418 1476 1462 a
1498 1398 1595 1463 noxis
1616 1397 1775 1473 induciae,
1801 1396 1859 1462 sed
1881 1417 2010 1479 semper
2032 1395 2206 1462 ebulliunt

192 1486 282 1550 niam
306 1484 410 1548 modis
433 1485 583 1548 omnibus
607 1492 764 1568 expertus
793 1506 866 1549 sum
891 1506 932 1549 an
957 1504 1030 1567 spes
1059 1484 1169 1565 aliqua
1221 1482 1371 1548 homines
1392 1484 1425 1547 in
1447 1484 1515 1549 suis
1540 1482 1725 1550 melonibus.
1771 1481 1933 1564 Quoniam
1961 1493 2077 1547 autem
2111 1494 2204 1565 pote·

191 1571 438 1653 resipiscentiae
469 1581 570 1635 esset:
600 1592 660 1654 ego
690 1580 799 1635 autem
823 1570 918 1636 video
945 1571 1068 1636 centies
1097 1589 1168 1634 esse
1221 1580 1296 1634 rant
1328 1569 1479 1651 excipere
1511 1567 1640 1647 Iudaei,
1672 1590 1738 1635 non
1771 1589 1842 1636 esse
1874 1577 1999 1633 tantam
2032 1567 2206 1634 scelerum

192 1658 389 1739 desperatos.
442 1656 503 1720 Est
535 1657 638 1739 igitur
669 1656 744 1720 urbs
776 1656 981 1722 uisbutioue's:
1014 1654 1075 1721 hoc
1108 1663 1167 1733 est,
1220 1655 1434 1731 atrocitatem,
1456 1654 1528 1719 ideo
1550 1654 1708 1737 propheta
1731 1657 1848 1720 iterum
1872 1654 2011 1720 mumit
2031 1652 2105 1718 Dei
2128 1674 2206 1736 per·

190 1744 256 1807 iam
281 1761 346 1805 non
368 1749 478 1824 potest
500 1741 655 1824 suspendi
679 1742 731 1807 vel
757 1763 824 1806 uno
853 1741 905 1806 die
934 1741 1041 1807 clades
1068 1740 1167 1806 buius
1220 1759 1344 1805 sonam.
1393 1739 1483 1804 Dicit
1510 1742 1611 1825 igitur
1637 1741 1765 1807 auditos
1790 1742 1893 1823 fuisse
1921 1739 2151 1822 oppressiones
2177 1744 2208 1804 et

191 1827 296 1892 urbis:
336 1836 369 1891 et
402 1827 676 1909 quemadmodum
708 1827 774 1892 iam
808 1827 886 1907 dixi,
922 1827 1083 1910 propbeta
1114 1826 1168 1891 hie
1213 1826 1433 1907 percussimus
1454 1845 1559 1892 corum
1578 1826 1661 1907 fecie
1675 1826 1753 1893 Dei:
1774 1828 1865 1909 quasi
1882 1825 2012 1908 diceret,
2032 1845 2095 1890 eoa
2119 1824 2207 1889 nihil

191 1912 310 1977 refellit
332 1933 445 1978 omnes
464 1914 694 1995 querimonias,
713 1932 797 1996 qaae
814 1934 943 1996 semper
961 1915 994 1978 in
1013 1920 1166 1996 promptu
1220 1914 1376 1993 prolicere
1406 1911 1661 1996 tergiversando,
1693 1912 1845 1994 quoniam
1875 1914 1903 1977 si
1931 1910 2018 1994 apud
2044 1909 2207 1976 homines

191 2000 323 2063 fuerunt
342 1998 482 2063 Iudaeis.
528 1998 686 2064 Solebant
708 2001 795 2064 enim
813 2000 1008 2082 obstrepere,
1030 2000 1058 2063 si
1080 1997 1166 2080 quod
1219 1998 1341 2063 centies
1367 2017 1402 2061 se
1425 1998 1663 2072 excusaverint,
1694 1997 1749 2062 ubi
1771 2005 1908 2063 ventum
1935 1996 2037 2061 fuerit
2069 1996 2115 2062 ad
2139 1994 2207 2060 Dei

190 2085 321 2168 signum
344 2085 531 2149 severitatis
558 2096 769 2168 apparuerat:
799 2086 890 2150 Deus
913 2085 1086 2150 crudeliter
1108 2104 1167 2147 no·
1219 2081 1363 2148 tribunal
1385 2080 1447 2147 hoc
1470 2092 1576 2147 totum
1599 2084 1661 2147 erit
1682 2083 1808 2148 inutile.
1852 2084 1898 2148 Et
1925 2084 2047 2147 iterum
2082 2081 2206 2146 adinn-

189 2169 314 2235 biscum
339 2172 416 2253 agit,
440 2169 495 2234 ubi
518 2178 568 2234 est
596 2171 667 2234 eius
695 2169 833 2236 foedus?
862 2170 918 2236 ubi
947 2170 1003 2236 illa
1031 2178 1168 2253 paterna
1220 2169 1268 2252 git
1297 2167 1487 2233 adverbium
1518 2183 1599 2237 uon
1629 2168 1768 2253 assidue,
1801 2169 1884 2251 quod
1916 2165 2099 2250 respondet
2130 2188 2206 2250 per-

190 2255 380 2332 clementia‚
415 2277 513 2336 quam
548 2256 642 2320 nobis
677 2256 843 2339 pollicitus
876 2255 946 2322 cst?
1003 2255 1167 2336 Quoniam
1219 2266 1336 2337 petuas
1358 2255 1550 2338 scaturigini
1566 2275 1742 2337 aquarum.
1788 2252 1951 2337 Sequitur,

190 2361 268 2424 ergo
291 2340 439 2405 solebant
459 2340 574 2404 Iudaei
597 2343 643 2404 ita
665 2343 874 2425 expostulare
895 2363 970 2406 cum
988 2340 1069 2418 Deo,
1092 2360 1166 2422 pro·

190 2427 290 2510 pheta
313 2425 401 2504 dicit,
423 2426 530 2490 urbere
553 2446 617 2490 esse
634 2427 833 2510 submoues,
856 2434 889 2491 et
905 2425 1036 2510 quidem
1051 2438 1167 2506 totam,
1306 2425 1335 2491 8.
1358 2425 1500 2490 Erudire
1518 2425 1704 2502 Ierusalem,
1722 2424 1913 2490 occaecat
1935 2422 2000 2508 (vel
2018 2422 2208 2509 avellatur)

191 2513 344 2595 quoniam
368 2531 435 2575 non
458 2523 528 2576 erat
551 2511 660 2593 aliqua
688 2533 764 2596 pars
792 2511 952 2578 duntaxat
973 2512 1088 2595 culpae
1110 2512 1164 2575 ob·
1218 2511 1328 2576 auimo
1348 2531 1418 2575 meu
1445 2510 1501 2576 obs
1522 2516 1565 2575 te:
1593 2530 1631 2575 ue
1652 2530 1771 2592 mrum
1800 2515 1828 2575 te
1853 2510 2010 2576 ductum
2032 2510 2104 2592 (vel
2127 2509 2204 2575 soli·

189 2599 305 2662 noxia:
337 2597 393 2662 sed
417 2597 547 2679 quando
570 2597 654 2661 nihil
685 2598 849 2665 sincerum
878 2609 959 2678 erat,
987 2597 1060 2663 ideo
1089 2596 1167 2662 dicit
1220 2597 1380 2683 tudinem)
1401 2600 1429 2661 et
1449 2601 1567 2662 mum
1586 2594 1821 2662 inhabitabilem
1842 2594 1917 2680 (hoc
1938 2603 1999 2675 est,
2021 2614 2111 2677 quae
2134 2616 2203 2660 non

189 2704 256 2746 non
279 2703 373 2765 posse
397 2684 537 2766 amplius
560 2684 692 2767 ignosci.
738 2685 783 2749 Et
811 2686 951 2768 speciem
981 2704 1080 2748 unam
1111 2681 1167 2747 sd·
1220 2680 1408 2767 habitetur).

189 2770 307 2853 iungit,
332 2781 443 2833 tamen
467 2791 525 2851 per
552 2769 778 2848 synecdochen
808 2770 971 2856 significat
997 2767 1166 2856 (quemad-

188 2856 323 2920 modum
346 2854 423 2919 alibi
446 2855 579 2939 dicitur)
601 2854 835 2940 lerosolymam
863 2855 962 2922 inisse
991 2873 1166 2921 cavernam
1304 2853 1500 2936 Quanquam
1532 2854 1579 2918 sic
1610 2853 1765 2936 loquutus
1797 2861 1848 2918 est
1879 2852 2055 2936 propheta,
2099 2873 2138 2919 ac
2173 2853 2203 2918 si

188 2941 364 3005 latronum.
409 2940 499 3004 Dicit
522 2943 621 3023 igitur
637 2941 767 3022 plutum
790 2943 892 3024 fuisse
919 2942 1055 3027 rapinis,
1082 2940 1167 3006 etiu
1219 2939 1346 3005 nullum
1367 2940 1431 3003 iam
1456 2950 1540 3004 esset
1563 2938 1741 3004 remedium
1768 2938 1872 3016 melis,
1902 2938 2056 3003 hortatur
2085 2945 2202 3004 umen

189 3027 270 3108 ipsis
291 3025 462 3091 vacerras
482 3026 584 3107 fuisse
606 3029 843 3108 oppressionem.
889 3026 1051 3111 Sequitur,
1217 3025 1450 3108 lerosolymam
1471 3023 1513 3090 ad
1535 3023 1752 3106 quaerendam
1777 3044 1889 3107 pacem
1910 3044 1930 3088 a
1949 3024 2030 3103 Deo,
2054 3033 2091 3089 et
2113 3043 2202 3088 oom-

1217 3111 1319 3194 pellat
1335 3108 1477 3193 perditos
1495 3109 1569 3175 illos
1588 3111 1736 3175 homines
1754 3111 1857 3192 ipsius
1875 3110 2015 3174 nomine.
2050 3108 2200 3175 Perinde

278 3196 306 3257 i.
338 3193 437 3258 Sicuti
459 3197 610 3259 scaturire
630 3198 708 3278 facit
725 3203 839 3281 puteus
861 3219 963 3280 aquus
984 3218 1061 3264 suas
1089 3197 1165 3275 (hoc
1216 3197 1401 3278 igiturest,
1423 3196 1670 3261 acsiDeusin
1688 3196 1795 3261 medio
1812 3195 1881 3261 irae
1898 3216 1996 3261 cursu
2014 3195 2200 3261 resisteret.

190 3290 247 3355 eet,
271 3280 366 3344 sicuti
390 3281 573 3344 scaturiunt
597 3302 698 3363 aquae
721 3304 762 3346 ex
785 3282 881 3361 fonte,
904 3284 955 3347 vel
978 3283 1097 3367 puteo),
1120 3284 1166 3348 st'c
1217 3279 1306 3362 Quid
1328 3280 1390 3345 hoc
1418 3279 1490 3344 est?
1521 3300 1562 3344 an
1593 3303 1653 3364 ego
1683 3280 1817 3364 perdam
1850 3282 1962 3347 urbem
1984 3300 2005 3346 a
2026 3300 2083 3346 me
2113 3280 2200 3349 cleo

188 3367 344 3431 scaturire
374 3366 446 3446 fecit
479 3367 634 3432 malitium
664 3388 773 3434 suum:
805 3367 949 3434 euentu
981 3369 1165 3450 ctdt'replt'o
1218 3365 1308 3430 tam?
1353 3364 1484 3430 Tribuit
1513 3366 1615 3450 igitur
1645 3367 1699 3433 hic
1730 3367 1883 3433 affectum
1913 3375 2089 3449 paternum
2112 3366 2197 3444 Deo,

190 3450 261 3536 (aut
278 3451 428 3537 vastatio)
450 3453 561 3518 audita
580 3455 644 3535 fuit
665 3456 700 3519 iu
722 3475 759 3520 eu
780 3474 887 3520 eoram
905 3454 988 3538 facie
1001 3474 1071 3519 meu
1085 3454 1166 3520 ossi·
1216 3451 1312 3518 sicuti
1333 3456 1368 3517 et
1398 3451 1547 3534 pluribus
1574 3451 1646 3517 aliis
1675 3452 1757 3517 locis
1780 3451 1930 3530 vidimus,
1959 3449 2072 3517 Deum
2101 3453 2199 3536 quasi

188 3538 258 3619 due,
281 3537 368 3602 dolor
389 3544 417 3602 et
432 3541 596 3619 percussio
618 3539 685 3624 (alii
705 3552 837 3606 vertunt
859 3539 1007 3626 plagam:
1027 3541 1085 3607 sed
1107 3561 1165 3606 no·
1216 3538 1356 3602 invitum
1378 3536 1530 3622 progredi
1552 3537 1592 3602 ad
1619 3537 1773 3603 ultimum
1795 3539 1946 3622 rigorem,
1975 3536 2030 3602 nbi
2053 3558 2197 3620 poenam

189 3644 266 3688 men
289 3625 506 3705 percussionis
528 3626 645 3690 melius
667 3624 841 3711 convenit).
1218 3622 1288 3689 vult
1310 3623 1441 3708 exigere
1463 3622 1503 3688 de
1524 3624 1644 3706 populo
1668 3645 1734 3688 suo.
1779 3623 1844 3689 Hei
1867 3644 1953 3689 nunc
1975 3622 2118 3690 ulciscar
2141 3645 2198 3688 me

172 3775 179 3793 ,
795 3744 798 3750 ·
1216 3709 1256 3774 de
1278 3709 1419 3776 inimicis
1441 3711 1530 3790 meis,
1552 3708 1631 3773 dicit
1653 3709 1739 3793 apud
1761 3709 1884 3775 Isaiam
1905 3708 1948 3794 (1,
1972 3707 2036 3794 24).
2084 3709 2196 3776 Vocat

274 3793 463 3876 Exaggerat
479 3796 640 3878 propheta
655 3796 740 3877 qnod
752 3795 881 3862 dixerat
895 3799 1043 3879 proximo
1056 3819 1162 3864 versu.
1214 3796 1372 3873 inimicos,
1405 3805 1439 3860 et
1468 3796 1599 3859 merito:
1633 3795 1786 3878 quoniam
1809 3806 1847 3860 ut
1867 3795 1989 3862 dictum
2017 3794 2091 3875 luit,
2124 3816 2196 3860 non

188 3879 273 3943 Nam
295 3880 438 3944 breviter
453 3881 513 3945 sub
529 3902 594 3945 una
609 3883 714 3963 specie
730 3882 917 3947 ostenderat
931 3882 1162 3968 lerosolymam
1215 3880 1382 3946 desierant
1401 3878 1557 3945 adversus
1576 3901 1651 3944 eum
1670 3879 1790 3946 bellum
1808 3900 1939 3964 gerere:
1960 3880 2018 3947 sed
2039 3879 2196 3946 dolenter

190 3985 260 4028 esse
288 3965 453 4030 latronum
483 3967 680 4048 speluncam,
711 3969 864 4049 qnoniam
894 3970 928 4032 in
956 3968 1065 4034 medio
1093 3970 1164 4034 eius
1216 3976 1326 4031 tamen
1354 3966 1507 4048 loquitur,
1541 3965 1607 4029 Hei
1640 3966 1738 4031 mihi:
1771 3987 1814 4031 an
1846 3966 1929 4031 mihi
1961 3986 2095 4032 necesse
2128 3969 2195 4032 erit

189 4048 352 4114 residebat
373 4053 550 4133 oppressio.
585 4051 653 4117 Sed
677 4073 765 4118 nunc
787 4055 1030 4135 comparatione
1048 4057 1164 4138 ampli·
1215 4052 1395 4117 vindictam
1428 4069 1558 4114 sumere
1591 4051 1631 4115 de
1663 4051 1812 4117 hostibus
1844 4051 1947 4119 meis?
1979 4070 2041 4135 ego
2077 4062 2193 4118 mmen

189 4136 266 4201 ficat
296 4140 492 4200 sententiam
522 4136 622 4213 illam,
653 4138 739 4219 quod
769 4139 893 4204 scilicet
915 4139 1078 4219 violentia,
1106 4161 1163 4223 op·
1215 4137 1353 4202 libenter
1374 4155 1542 4218 parcerem
1564 4136 1592 4200 si
1615 4137 1685 4202 fieri
1704 4148 1822 4220 posset.
1864 4138 1953 4203 Deus
1971 4136 2104 4220 quidem
2123 4159 2194 4203 non

189 4222 322 4303 pressio,
346 4224 486 4286 vastatio
508 4234 541 4286 et
568 4223 661 4288 dolor
690 4233 723 4288 et
751 4224 915 4306 percussio
944 4227 1163 4302 scaturierint,
1216 4223 1379 4288 subiectus
1409 4228 1459 4284 est
1481 4221 1532 4285 vel
1555 4221 1665 4300 dolori,
1691 4223 1744 4287 vel
1775 4224 2010 4306 poenitentiae:
2040 4222 2099 4289 sed
2123 4244 2193 4290 non

190 4306 462 4388 quemadmodum
479 4309 584 4372 solent
598 4308 755 4374 scaturire
771 4328 876 4391 aquae
892 4331 933 4374 ex
949 4312 1046 4377 fonte.
1073 4312 1163 4376 Fieri
1215 4307 1439 4391 potentaliter
1461 4304 1553 4370 nobis
1575 4310 1716 4391 exprimi
1746 4309 2007 4393 incomparabilis
2035 4311 2111 4376 eius
2134 4310 2193 4376 bo·

189 4394 320 4477 poterit,
343 4402 378 4457 nt
397 4405 570 4474 erumpant
593 4396 697 4459 multa
715 4394 839 4461 scelera
858 4416 900 4459 ex
918 4416 983 4461 uno
1005 4398 1084 4473 loco,
1106 4397 1164 4462 sed
1216 4394 1310 4473 nitas,
1332 4412 1428 4475 quam
1452 4391 1570 4456 talibus
1594 4394 1747 4476 loquendi
1767 4395 1888 4461 formis.
1929 4393 1985 4462 Sic
2006 4395 2108 4460 etiam
2125 4394 2194 4461 hoa

189 4479 336 4560 sequitur
358 4491 469 4561 postea
492 4481 707 4559 poenitentia:
734 4480 791 4546 ubi
814 4492 922 4544 autem
945 4502 1011 4545 non
1034 4492 1164 4548 cessant
1215 4479 1286 4544 loco
1322 4476 1479 4556 videmus,
1510 4491 1546 4540 ut
1579 4478 1671 4545 Deus
1699 4501 1734 4546 se
1763 4482 1868 4563 ipsum
1898 4480 2055 4547 cohibeat.
2101 4480 2193 4547 Nam

189 4564 346 4642 homines,
373 4564 430 4628 sed
453 4566 659 4629 accumulant
681 4566 768 4631 mala
795 4566 899 4642 malis,
930 4566 1164 4650 hincapparet
1215 4585 1320 4647 nuper
1342 4563 1474 4628 iubebat
1501 4563 1611 4628 hostes
1641 4565 1791 4631 celeriter
1820 4566 2036 4633 conscendere
2067 4587 2193 4649 muros,

190 4659 330 4732 turgere,
353 4662 385 4715 et
408 4652 500 4732 quasi
518 4671 651 4732 crepare
669 4651 804 4731 malitia,
827 4651 979 4734 quoniam
998 4673 1065 4716 non
1089 4675 1162 4735 pos·
1215 4651 1344 4714 diruere
1366 4646 1497 4730 palatia,
1529 4653 1563 4713 et
1584 4651 1719 4732 perdere
1742 4662 1843 4715 totam
1868 4653 1996 4719 urbem:
2027 4672 2193 4730 naccae

189 4743 267 4799 sunt
300 4756 370 4800 eam
402 4738 593 4818 reprimere,
626 4738 897 4818 quemadmodum
932 4737 1002 4801 fons
1034 4760 1163 4821 semper
1214 4738 1240 4800 si
1264 4736 1370 4818 ipsum
1399 4734 1588 4816 poeniteret,
1619 4738 1744 4802 erudire
1765 4737 1949 4814 qusuleru,
1978 4739 2095 4821 inquit,
2127 4738 2191 4805 hoc

189 4821 312 4899 ebullit,
335 4831 368 4885 et
391 4843 454 4885 non
478 4832 586 4904 potest
607 4825 775 4887 continere
801 4842 901 4905 aquas
931 4843 1016 4888 suas.
1061 4823 1161 4889 Vide·
1213 4834 1271 4896 est,
1307 4842 1348 4884 an
1379 4841 1444 4883 non
1472 4821 1650 4902 poterimus
1682 4822 1788 4888 adhuc
1816 4825 1922 4888 redire
1952 4825 1985 4888 in
2020 4826 2190 4908 gratiam?

189 4929 263 4972 mus
285 4929 362 4990 ergo
392 4908 560 4972 consilium
590 4907 778 4989 prophetae.
823 4921 876 4975 tt]
903 4909 1067 4991 significat
1093 4913 1162 4974 fon·
1213 4904 1485 4990 quemadmodum
1507 4907 1533 4970 si
1562 4917 1654 4988 pater
1681 4909 1823 4973 offensus
1846 4911 1944 4974 vellet
1965 4930 2108 4991 poenam
2131 4932 2190 4975 su·

190 5003 266 5072 tem,
289 5004 321 5056 et
344 5007 411 5060 trs:
433 4994 597 5076 signifieat
619 4996 716 5056 etiam
743 4996 875 5072 fontem,
907 5009 939 5058 et
961 5006 1105 5076 puteum,
1129 5006 1162 5059 et
1214 5014 1302 5057 mere
1324 4991 1363 5055 de
1385 4992 1461 5068 filio,
1492 5002 1600 5056 tamen
1623 4993 1723 5058 vellet
1752 4996 1911 5060 moderari
1940 4997 2008 5059 irae
2037 5018 2128 5074 suae,
2157 5014 2191 5063 ct

190 5101 255 5142 non
280 5078 413 5143 dubium
438 5092 488 5143 est
516 5081 594 5162 quin
625 5099 758 5160 prorsus
786 5080 853 5145 sint
880 5101 1070 5162 synonyma.
1116 5083 1161 5145 Et
1214 5080 1348 5142 miscere
1388 5077 1529 5157 aliquam
1570 5077 1807 5162 indulgentiam
1849 5104 1914 5144 una
1953 5102 2027 5146 cum
2067 5084 2191 5167 rigore.

190 5166 376 5246 coarguitur
401 5167 476 5230 hinc
503 5186 593 5230 error
623 5165 800 5230 doctissimi
835 5187 877 5230 ex
905 5166 1075 5244 Hebraeis,
1105 5169 1160 5248 qui
1213 5164 1353 5227 Erudire
1373 5164 1484 5246 igitur,
1506 5162 1567 5229 hoc
1590 5175 1647 5239 est,
1671 5166 1776 5231 adhuc
1800 5167 1862 5229 erit
1885 5168 1972 5232 locus
1995 5171 2189 5235 reconcilia·

190 5249 362 5332 distinguit
383 5252 451 5317 Bor
473 5252 604 5329 aBeer‚
628 5251 789 5332 Quoniam
809 5253 851 5316 sit
869 5253 1021 5329 cisterna,
1044 5255 1159 5335 inquit,
1213 5251 1303 5328 tioni,
1326 5251 1352 5312 si
1378 5248 1467 5328 velis,
1490 5249 1517 5311 si
1540 5249 1718 5316 ostenderis
1742 5263 1772 5316 te
1791 5252 1976 5333 deposuisse
1998 5252 2091 5320 illam
2115 5278 2191 5339 per·
