4784 5970
130 363 172 428 49
991 362 1142 432 CAPUT
1163 361 1258 429 XLI.
2085 362 2129 429 50

129 552 183 619 his
216 553 394 637 prophetae
426 551 661 617 monitionibus
696 551 784 635 ipsos
825 551 945 616 muniri
986 570 1102 633 operae
1151 570 1242 614 mus:
1264 571 1331 614 non
1354 548 1438 634 quod
1462 548 1619 616 divinitus
1641 550 1745 616 edocti
1771 550 1878 617 adbuc
1900 553 1933 617 iu
1956 563 2129 637 utramque

131 640 274 721 pretium
307 639 376 703 fuit.
425 638 469 702 Et
499 658 562 719 quo
594 636 668 721 plus
701 637 863 703 efficaciae
896 636 1017 703 habeat
1049 635 1102 702 bic
1153 644 1280 718 partem
1299 634 1438 701 debeant
1452 656 1523 701 esse
1540 636 1716 702 flexibiles:
1740 636 1796 702 sed
1816 637 1892 719 quia
1910 639 2128 722 superstitiosi

131 744 246 799 sermo,
275 721 443 788 testandae
465 723 602 788 fiduciae
631 743 728 789 causa
758 734 872 806 gentes
901 724 989 805 ipsas
1016 722 1102 787 nltro
1153 721 1236 786 nibil
1264 722 1327 786 nisi
1355 721 1529 787 ridiculum
1555 723 1676 788 iactare
1704 737 1847 806 possunt.
1892 723 2018 789 Iterum
2048 746 2126 810 crgo

131 809 270 884 lacessit,
292 809 408 874 iubens
430 816 468 872 nt
489 810 696 873 firmamenta
717 828 833 874 causae
855 829 933 873 suae
952 809 1102 890 afferant,
1153 815 1287 872 notatur
1316 805 1490 873 discrimen
1520 808 1671 891 stupidae
1699 808 1927 875 obstinationis
1957 823 1990 874 et
2018 821 2127 876 rectas

131 895 226 960 sicuti
247 895 282 958 in
304 894 424 960 iudicio
445 894 517 958 ficri
540 894 631 960 solet.
678 893 792 978 Regem
814 903 923 960 autem
949 893 1047 959 Iacob
1068 913 1103 958 se
1152 893 1230 957 fidei
1253 913 1336 976 quae
1359 914 1451 958 suam
1473 893 1669 958 soliditatem
1693 892 1792 958 habet
1813 895 1848 958 in
1866 896 1965 961 verbo
1987 894 2061 972 Dei,
2083 917 2126 962 ne

132 999 258 1058 vocans,
281 980 376 1043 idolis
395 978 544 1044 omnibus
567 979 713 1056 insultat.
737 989 772 1044 et
789 1001 823 1046 se
841 999 971 1045 causam
991 979 1102 1063 populi
1154 998 1297 1061 unquam
1318 978 1472 1046 labascat.
1517 979 1588 1044 lam
1611 979 1790 1044 videndum
1816 989 1867 1045 est
1888 979 2006 1062 quibus
2027 1001 2125 1066 argu·

131 1065 181 1130 sui
197 1065 360 1147 suscipere
375 1066 584 1148 demonstrat,
604 1076 640 1130 nt
658 1063 791 1130 tandem
809 1074 963 1149 appareat
981 1065 1103 1149 gloriae
1155 1064 1274 1130 mentis
1286 1065 1348 1129 Dei
1364 1065 1566 1130 maiestatem
1583 1076 1708 1132 asserat
1723 1065 1891 1148 prophete.
1916 1065 2001 1130 Nam
2020 1068 2126 1133 omni·

131 1171 210 1217 suae
233 1151 363 1231 vindex,
386 1151 508 1215 iniuste
530 1171 700 1234 oppressos
727 1151 927 1217 redimendo.
972 1150 1104 1215 Interea
1154 1150 1343 1232 potentiam,
1365 1170 1540 1234 rerumque
1561 1151 1705 1215 omnium
1729 1152 1974 1232 praescientiam
1996 1153 2043 1216 its
2064 1153 2126 1218 sibi

134 1248 243 1301 tamen
277 1256 397 1321 magna
426 1235 491 1300 fide
524 1237 593 1318 pios
629 1237 804 1302 instructos
837 1258 907 1302 esse
943 1236 1103 1320 oportuit:
1153 1235 1306 1300 vendicat
1315 1235 1416 1315 Deus,
1428 1246 1466 1301 ut
1478 1238 1542 1302 alio
1554 1237 1722 1302 transferri
1734 1236 1805 1301 sine
1817 1257 1945 1303 summo
1956 1238 2126 1322 sacrilegio

133 1321 237 1404 qualis
258 1323 346 1386 enim
368 1322 430 1386 fuit
451 1322 544 1406 regui
569 1323 701 1405 species,
732 1343 832 1405 quum
861 1323 982 1406 captivi
1011 1321 1104 1386 adeo·
1154 1331 1324 1404 nequeant
1369 1321 1464 1387 Unde
1486 1322 1650 1405 colligitur
1671 1323 1718 1388 sio
1748 1324 1878 1407 propria
1907 1343 1978 1389 esse
2006 1323 2126 1389 divini-

132 1428 194 1489 que
226 1408 370 1490 oppressi
404 1406 536 1471 essent?
578 1407 663 1472 unde
704 1410 803 1472 etiam
837 1409 926 1490 prius
956 1427 1101 1471 vermem
1153 1411 1242 1486 tatis,
1264 1417 1302 1471 ut
1323 1429 1399 1473 vere
1421 1407 1514 1473 Deus
1536 1408 1660 1474 censeri
1682 1423 1848 1473 mereatur
1866 1409 2010 1491 quisquis
2032 1409 2126 1474 novit

131 1492 230 1558 Iacob
252 1507 286 1557 et
315 1501 461 1557 mortuos
485 1495 622 1558 vocavit.
668 1493 793 1558 Verum
823 1514 860 1558 ca
890 1494 1103 1576 promissione
1154 1515 1192 1559 ac
1214 1503 1320 1576 potest
1342 1495 1461 1560 omnia.
1507 1493 1602 1559 Nunc
1624 1515 1702 1577 ergo
1730 1493 1777 1557 ita
1805 1494 1966 1576 propheta
1996 1495 2126 1561 ratioci-

133 1586 361 1643 sustentarunt
383 1578 508 1642 animos
530 1599 605 1644 suos
626 1600 691 1660 qua
712 1581 804 1662 prius
825 1578 966 1645 radicem
989 1599 1101 1643 eorum
1154 1588 1269 1643 natur:
1304 1578 1340 1644 Si
1364 1599 1447 1662 quae
1470 1579 1573 1644 colitis
1594 1579 1681 1644 idola
1707 1589 1785 1643 sunt
1807 1579 1860 1657 dii,
1890 1589 2017 1663 oportet
2038 1581 2126 1664 ipsos

133 1663 193 1729 sub
215 1678 301 1728 terra
322 1662 424 1729 latere
446 1664 569 1728 dictum
599 1675 658 1738 est,
688 1685 788 1747 quum
818 1665 924 1729 arbori
953 1674 1103 1730 exsectae
1154 1666 1236 1730 scire
1258 1675 1290 1730 et
1312 1685 1405 1747 posse
1426 1666 1552 1729 omnis:
1582 1667 1672 1748 atqui
1695 1664 1775 1729 nihil
1801 1677 1934 1747 possunt
1963 1666 2125 1748 usquein

132 1750 287 1833 populum
310 1750 524 1831 comparavit:
555 1750 712 1834 Emerget
734 1771 774 1814 ex
804 1760 919 1815 trunco
942 1750 1019 1826 Isai,
1042 1760 1101 1814 etc.
1154 1751 1317 1834 prosperis
1340 1770 1444 1832 neque
1465 1751 1499 1814 in
1518 1751 1674 1834 adversis,
1698 1770 1803 1834 neque
1825 1754 2001 1835 praeterita
2018 1772 2125 1833 neque

131 1836 284 1920 Regnum
307 1835 411 1918 igitur
425 1835 511 1917 quod
528 1835 648 1900 latebat
662 1836 765 1901 oculis
781 1835 854 1901 fidei
871 1835 1101 1900 intuebantur:
1154 1839 1264 1900 lutura
1292 1846 1421 1900 tenent:
1455 1857 1533 1919 ergo
1567 1856 1634 1899 non
1666 1849 1742 1902 sunt
1775 1837 1831 1901 dii.
1882 1837 1948 1902 Hic
1977 1838 2127 1902 exoritur

133 1941 193 1986 nec
215 1921 303 1986 euim
327 1920 358 1984 id
381 1932 439 1984 aut
461 1923 603 2004 corporis
634 1922 734 1987 oculis
757 1923 856 2001 cerni,
879 1931 936 1986 aut
956 1921 1102 1987 humano
1153 1923 1300 2003 quaestio
1322 1921 1473 1986 difficilis.
1519 1922 1624 1986 Multa
1642 1923 1729 1985 enim
1751 1922 1835 2005 apud
1867 1922 2018 2004 prclanos
2041 1922 2127 1988 vati·

132 2008 262 2090 ingenio
284 2007 514 2085 comprehendi
535 2009 650 2089 potuit.
1152 2008 1238 2071 cinia
1261 2018 1401 2087 exstant,
1432 2027 1515 2090 quae
1538 2008 1577 2071 ab
1600 2007 1740 2073 oraculis
1763 2009 1895 2073 deorum
1918 2028 2052 2073 suorum
2075 2027 2125 2072 sc-

218 2092 260 2156 22
283 2097 316 2157 ει
338 2092 388 2156 23.
416 2090 620 2178 (Adducunt.)
663 2093 737 2158 Non
761 2101 889 2157 tantum
913 2091 1103 2176 aggreditur
1153 2103 1320 2174 ceperunt,
1351 2093 1469 2176 quibus
1497 2093 1601 2158 videri
1633 2105 1764 2175 possent
1785 2093 1913 2175 Apollo,
1944 2094 2070 2175 Iupiter
2093 2106 2127 2157 et

132 2176 292 2241 idolorum
305 2177 454 2254 cultores,
464 2180 520 2243 sed
532 2178 622 2242 iubet
633 2187 669 2242 ut
681 2200 788 2243 secum
803 2178 878 2244 deos
890 2179 976 2261 ipsos
988 2180 1022 2241 in
1034 2197 1103 2241 me·
1155 2178 1210 2242 alii
1229 2179 1339 2243 futura
1356 2181 1526 2263 praescire,
1551 2191 1784 2262 proptereaque
1803 2180 1847 2244 dii
1865 2199 1944 2244 esse.
1975 2179 2125 2244 Primum

134 2261 221 2326 dium
241 2262 433 2346 producant:
457 2263 589 2347 perinde
606 2266 684 2329 acsi
701 2265 832 2342 diceret,
855 2265 1103 2346 quibuscunque
1154 2264 1348 2348 respondeo,
1382 2265 1408 2330 si
1438 2263 1677 2329 consideremus
1710 2263 1889 2329 cuiusmodi
1919 2265 2042 2329 luerint
2069 2263 2127 2329 illa

133 2351 269 2431 argutiis
292 2349 359 2412 sint
380 2350 543 2428 instructi,
573 2371 636 2414 non
661 2351 728 2414 fore
752 2360 860 2413 tamen
889 2347 1024 2413 idoneos
1047 2368 1102 2431 pa·
1154 2350 1293 2427 oracula,
1327 2371 1409 2432 quse
1442 2350 1481 2415 ab
1515 2349 1608 2413 idolis
1638 2349 1763 2415 reddita
1797 2361 1982 2429 narrantur,
2017 2350 2127 2415 omnis

133 2446 244 2498 tronos
266 2444 391 2498 uttam
414 2436 533 2498 malam
554 2456 682 2500 causam
701 2435 883 2499 defendant.
924 2435 988 2500 Hic
1006 2454 1103 2516 porro
1155 2436 1290 2500 obscura
1312 2446 1368 2500 sut
1391 2436 1543 2519 ambigua
1565 2436 1663 2498 fuisse
1686 2435 1914 2519 intelligemus.

132 2518 280 2583 videmus
296 2518 404 2584 Deum
420 2523 548 2602 patroni
565 2541 736 2603 personam
753 2522 925 2602 sustinere,
948 2528 980 2584 et
1003 2521 1102 2584 totius
1200 2518 1204 2525 ’

133 2606 243 2688 populi
269 2608 403 2670 nominc
434 2607 531 2687 loqui.
576 2606 644 2671 Neo
671 2608 756 2670 enim
787 2605 860 2668 vult
890 2605 1032 2688 disiungi
1062 2606 1101 2669 ab

133 2691 268 2756 ecclesia
300 2711 368 2754 sua.
424 2691 507 2755 Eam
541 2713 619 2774 ergo
653 2693 834 2769 coufirmat,
868 2702 966 2772 atque
997 2692 1103 2755 munit
1240 2693 1324 2755 Item
1347 2690 1441 2754 alibi:

134 2777 291 2840 adversus
313 2774 453 2840 ludibria
476 2778 659 2857 impiorum,
683 2787 716 2840 et
738 2777 818 2840 alias
842 2778 1008 2840 machinas
1031 2778 1102 2858 qui·

136 2862 193 2925 bus
215 2862 313 2925 fidem
337 2875 479 2924 nostram
503 2862 703 2926 adoriuntur.
748 2863 842 2926 Bono
873 2863 973 2944 igitur
995 2862 1102 2925 auimo

134 2967 203 3010 esse
220 2966 279 3010 nos
294 2946 393 3024 dccet,
409 2968 507 3029 quum
524 2947 616 3011 Deus
632 2948 786 3030 suscipiat
800 2967 931 3012 causam
947 2956 1103 3029 nostram,
1242 2947 1304 3012 His
1327 2968 1404 3031 ergo
1427 2947 1590 3030 perplexis
1615 2947 1806 3030 ambagibus
1828 2947 1932 3012 Satan
1957 2947 2126 3029 torquebat

135 3040 231 3113 atque
249 3034 282 3094 in
302 3032 445 3095 medium
466 3031 600 3114 prodeat
618 3034 775 3098 adversus
794 3031 988 3111 idololatras,
1007 3042 1103 3115 atque
1157 3033 1324 3097 hominum
1348 3046 1483 3112 mentes,
1512 3046 1549 3098 ut
1571 3035 1705 3116 perinde
1727 3035 1865 3097 incertos
1888 3052 1908 3095 s
1929 3054 1963 3097 se
1986 3035 2126 3098 dimitte·

134 3117 212 3181 adeo
234 3119 268 3182 in
291 3118 362 3199 ipsa
384 3119 470 3183 idola
492 3128 636 3183 armatus
666 3120 790 3183 invicta
809 3139 869 3183 sua
893 3119 1030 3183 veritate
1052 3120 1103 3182 iu·
1156 3131 1206 3184 ret
1228 3119 1284 3201 qui
1307 3118 1425 3184 talibus
1448 3120 1635 3203 imposturis
1658 3119 1758 3183 dediti
1780 3130 1883 3184 crant.
1926 3117 1993 3183 Sed
2014 3129 2127 3183 tenen·

134 3212 256 3287 surgat,
287 3224 398 3267 eorum
421 3205 603 3268 vanitatem
631 3205 788 3269 refutans.
834 3202 1010 3269 Caeterum
1040 3203 1103 3268 hoc
1157 3203 1232 3268 dum
1252 3218 1419 3286 praeterea
1437 3205 1584 3288 estquod
1603 3204 1839 3279 dccstPaulus,
1860 3203 1931 3267 dari
1948 3205 2125 3269 efficaciam

134 3289 229 3352 modo
251 3288 404 3354 admouet
425 3311 460 3354 se
483 3289 582 3354 verbo
605 3311 662 3354 suo
680 3289 761 3355 satis
779 3310 941 3372 superque
960 3310 1103 3354 armasse
1155 3294 1275 3355 erroris
1294 3290 1444 3368 Satanae,
1470 3304 1505 3356 ut
1523 3289 1655 3356 deludat
1676 3289 1919 3372 omnesimpioe
1937 3291 1993 3370 qui
2012 3300 2126 3371 sponte

135 3395 208 3438 suos
225 3375 342 3438 electos
360 3375 400 3438 ad
416 3385 540 3440 certam
557 3377 735 3451 victoriam,
752 3386 788 3440 ut
804 3375 958 3458 congredi
974 3396 1103 3439 manus
1156 3378 1225 3441 eius
1246 3377 1429 3459 praestigiis
1449 3399 1483 3442 se
1502 3377 1655 3442 addicunt
1676 3375 1718 3460 (2.
1743 3375 1854 3441 Thess.
1877 3376 1907 3451 2,
1930 3375 1974 3460 9).
2014 3374 2126 3455 Quum

135 3480 196 3540 que
218 3480 386 3525 conserere
405 3481 477 3525 cum
496 3461 674 3526 incredulis
691 3461 842 3525 omnibus
862 3482 924 3524 non
944 3460 1103 3525 dubitent.
1156 3482 1233 3545 ergo
1258 3461 1413 3528 Satanam
1443 3462 1603 3527 mendacii
1631 3475 1756 3544 patrem
1783 3463 1989 3525 consulerent
2019 3462 2125 3525 incre·

135 3545 179 3609 Et
201 3557 286 3610 certe
309 3547 456 3628 quisquis
478 3549 539 3610 rite
562 3557 598 3611 ut
619 3568 677 3629 par
699 3560 749 3612 est
768 3547 905 3629 profecit
922 3548 954 3610 in
975 3547 1104 3611 coelesti
1156 3546 1240 3622 duli,
1284 3570 1348 3613 non
1383 3549 1501 3612 mirum
1535 3549 1596 3612 luit
1630 3548 1732 3627 decipi
1766 3557 1936 3628 praetextu
1970 3547 2125 3612 veritatis.

136 3630 291 3709 doctrina,
321 3633 453 3698 victrice
484 3631 560 3697 fidei
590 3633 775 3699 constantia
804 3642 939 3697 cunctas
963 3631 1104 3696 Satanae
1157 3631 1222 3697 Sed
1239 3633 1319 3697 haec
1334 3635 1512 3699 iustissima
1528 3633 1589 3696 fuit
1602 3632 1848 3714 ingratitudinis
1863 3649 1994 3696 merces.
2025 3630 2127 3696 Vide·

136 3717 331 3797 imposturas
370 3718 462 3782 facile
502 3716 662 3783 discutiet.
719 3718 843 3782 Verum
882 3716 1012 3798 quidem
1047 3728 1104 3795 est,
1157 3739 1229 3782 mus
1262 3717 1374 3784 laxata
1408 3720 1508 3784 fuisse
1541 3718 1651 3783 fraena
1682 3716 1841 3794 Satanas,
1873 3729 1910 3780 ut
1940 3736 1998 3799 per
2029 3717 2127 3782 falsos

134 3799 230 3864 fidem
254 3812 398 3866 nostram
429 3804 469 3868 ab
497 3803 679 3869 obedientia
707 3804 864 3887 incipere:
894 3803 949 3867 sed
980 3804 1026 3866 ita
1055 3803 1104 3866 in·
1155 3802 1331 3885 prophetas
1353 3808 1457 3886 magis
1479 3812 1667 3870 excaecaret
1688 3803 1812 3876 Achab,
1843 3804 1899 3884 qui
1930 3801 1993 3871 sibi
2020 3801 2054 3866 in
2078 3813 2126 3866 ta-

136 3885 348 3969 telligsntiam
373 3889 534 3969 praecedit
557 3889 713 3969 docilitas,
736 3910 800 3971 qua
822 3888 893 3953 Deo
915 3888 1103 3953 subiicimus
1156 3888 1241 3952 libus
1263 3891 1446 3972 praestigiis
1467 3890 1624 3971 placebat.
1670 3890 1742 3953 Non
1772 3890 1880 3952 minus
1902 3907 2043 3968 aequum
2066 3887 2128 3951 fuit

135 3992 249 4036 sensus
271 3984 400 4037 nostros
421 3975 453 4036 iu
478 3975 676 4056 obsequium,
698 3985 736 4039 ut
757 3984 845 4039 certa
868 3974 984 4038 deiude
1002 3974 1104 4039 soien-
1156 3975 1309 4058 profanas
1339 3981 1463 4058 gentos,
1491 3995 1589 4058 quum
1620 3997 1655 4040 se
1683 3975 1881 4039 alienassent
1902 3993 1921 4035 a
1943 3992 2020 4038 vero
2043 3971 2125 4050 Deo,

134 4058 180 4121 tia
203 4070 327 4123 mentes
346 4068 473 4123 nostras
491 4059 643 4125 illustret.
678 4060 788 4143 Atque
807 4060 868 4125 hac
887 4071 964 4124 uota
986 4059 1105 4124 discer·
1157 4059 1251 4124 vanis
1270 4061 1426 4143 decipulis
1443 4062 1578 4145 captari,
1596 4062 1663 4125 imo
1683 4060 1769 4124 trahi
1787 4061 1820 4124 in
1839 4059 1987 4123 exitium.
2015 4057 2127 4141 Atque

135 4144 224 4207 nitur
247 4165 265 4207 a
288 4145 571 4227 superstitionibus
594 4167 670 4210 vers
693 4147 815 4228 religio,
846 4147 922 4226 quia
944 4144 983 4209 ad
1008 4165 1103 4226 regu·
1156 4144 1209 4210 hic
1231 4166 1433 4228 supervacua
1455 4162 1504 4212 est
1524 4146 1708 4229 disputatio,
1730 4148 1765 4209 in
1788 4166 1852 4226 qua
1875 4144 2014 4208 multum
2037 4142 2126 4209 labo-

137 4229 202 4293 lam
235 4230 368 4294 minime
399 4230 530 4294 dubiam
562 4231 613 4294 rel
643 4231 790 4297 fallacem
820 4232 973 4314 erigitur.
1024 4231 1104 4295 Plus
1157 4245 1208 4294 rat
1230 4243 1262 4295 et
1284 4232 1381 4297 sudat
1402 4233 1619 4317 Augustinus,
1643 4232 1804 4314 quomodo
1827 4231 1866 4295 ad
1890 4230 2045 4295 coelestes
2066 4250 2126 4294 an·

136 4315 215 4379 satis
231 4314 360 4396 quidem
377 4321 411 4379 in
430 4317 499 4381 suis
515 4317 678 4381 erroribus
693 4315 885 4401 superbiunt
899 4316 1103 4381 idololatrae:
1156 4316 1246 4398 gelos
1268 4318 1484 4400 praescientia
1507 4320 1681 4383 daemones
1703 4316 1872 4382 accedant:
1896 4316 1972 4398 quis
1993 4335 2126 4381 causam

136 4399 192 4462 sed
215 4408 282 4465 tota
304 4424 415 4465 sorum
439 4403 619 4485 pervicacia
648 4424 691 4466 ex
713 4416 854 4485 stupore,
878 4403 1029 4485 amentia,
1053 4401 1103 4466 vel
1156 4403 1232 4468 alibi
1255 4423 1352 4484 quam
1376 4406 1410 4467 in
1433 4426 1544 4470 eorum
1564 4416 1681 4469 natura
1699 4423 1855 4485 quaerere
1873 4402 2035 4467 convenit.
2070 4402 2127 4466 sic

134 4483 321 4565 phrenetico
343 4487 469 4569 impetu
491 4490 637 4571 emergit.
682 4488 767 4552 Nam
796 4489 823 4552 si
854 4487 959 4552 sobrie
981 4497 1014 4551 et
1036 4488 1104 4570 pla·
1157 4488 1233 4553 olim
1258 4489 1348 4554 Deus
1371 4490 1506 4555 fallaciis
1524 4491 1688 4554 instruens
1706 4491 1821 4571 impios
1841 4488 1988 4552 doctores
2005 4487 2128 4553 scelera

135 4569 206 4635 cide
229 4571 266 4634 ad
291 4594 403 4636 sanam
432 4573 612 4639 doctrinam
644 4573 860 4651 attenderent,
890 4576 998 4637 statim
1029 4593 1104 4639 con-
1156 4575 1267 4657 populi
1297 4577 1346 4639 sni
1376 4576 1465 4640 ultus
1495 4587 1561 4640 est:
1597 4594 1663 4639 non
1693 4573 1778 4657 quod
1812 4574 1860 4637 illi
1892 4573 2156 4657 praecellerent¹

135 4655 257 4720 cideret
293 4658 395 4721 fastus
432 4658 486 4723 ille
525 4680 587 4742 quo
626 4659 730 4724 lucem
764 4660 911 4723 veritatis
953 4657 1104 4723 obruunt.
1157 4661 1241 4724 dono
1275 4660 1524 4744 intelligentiae:
1559 4660 1615 4724 sed
1650 4672 1810 4743 quatenus
1842 4661 1876 4722 iu
1911 4661 1997 4724 hunc
2030 4678 2125 4721 usum

136 4740 211 4805 Alia
233 4753 282 4806 εει
304 4744 431 4824 piorum
454 4745 544 4820 ratio,
567 4765 705 4827 quorum
729 4746 790 4809 etsi
812 4744 892 4809 fides
914 4745 949 4808 in
973 4743 1104 4808 humili·
1157 4747 1257 4826 aptati
1288 4756 1400 4825 erant,
1437 4747 1577 4829 grassati
1605 4754 1683 4809 sunt
1712 4746 1869 4828 permissa
1898 4744 1957 4808 sibi
1988 4745 2126 4808 licentia.

137 4838 203 4891 tate
225 4827 359 4892 fundat-a
381 4840 440 4908 est,
464 4851 529 4893 uon
554 4840 660 4894 tamen
683 4829 783 4895 stulto
806 4843 838 4894 et
867 4829 1104 4895 inconsiderato
1157 4829 1253 4910 Quod
1276 4831 1317 4895 ad
1342 4833 1448 4896 Deum
1478 4833 1585 4915 ipsum
1615 4838 1748 4914 spectat,
1778 4851 1961 4913 quanquam
1992 4829 2127 4892 abscon·

135 4913 202 4977 uelo
221 4926 341 4979 temere
360 4915 480 4978 fertur:
503 4917 579 4996 quia
604 4916 754 4997 spiritum
773 4916 836 4979 Dei
864 4917 963 4980 habet
988 4913 1104 4980 ducem
1156 4916 1223 4981 dita
1245 4929 1295 4982 cet
1317 4920 1386 4982 eius
1408 4918 1628 5000 praescientia,
1651 4919 1717 4981 imo
1735 4917 1894 5000 profunda
1909 4927 1957 4979 est
1975 4915 2128 4998 abyssus:

134 5008 168 5062 et
191 5001 392 5083 magistrum,
414 5022 455 5065 ne
477 5007 603 5066 aoerta
621 5000 713 5065 verbi
731 5002 802 5066 luce
821 5002 958 5066 aberret.
990 5001 1104 5083 Itaque
1156 5023 1227 5066 eam
1262 5015 1369 5068 tamen
1402 5006 1481 5069 satis
1509 5003 1660 5086 patefecit
1688 5004 1791 5069 electo
1822 5000 1947 5084 populo,
1979 5008 2017 5064 ut
2045 5020 2079 5064 se
2108 5021 2129 5064 a

136 5085 190 5149 ubi
213 5086 304 5149 nulla
335 5095 384 5151 est
414 5085 453 5150 ad
483 5087 731 5151 discernendum
763 5088 885 5170 regula,
916 5096 999 5152 teste
1030 5107 1103 5169 pro·
1156 5088 1308 5153 falsorum
1332 5089 1468 5152 deorum
1491 5088 1586 5153 turba
1608 5089 1777 5154 eximeret.
1817 5087 1889 5150 Non
1913 5084 1996 5168 quod
2019 5087 2129 5150 omnia

134 5169 242 5252 pheta,
265 5192 354 5236 mera
378 5184 426 5236 est
448 5173 646 5254 superstitio.
683 5172 754 5236 Iam
779 5173 854 5254 quia
876 5173 959 5237 nihil
982 5182 1105 5236 temere
1156 5173 1353 5255 praedixerit
1375 5195 1432 5256 per
1454 5196 1529 5239 suos
1551 5176 1739 5257 prophetas:
1770 5174 1846 5254 quia
1868 5182 1901 5235 et
1923 5170 2129 5255 inexplebilis

135 5256 381 5338 repudiandum,
405 5257 520 5322 dicunt
542 5258 670 5323 fideles:
694 5259 828 5337 Afferte,
851 5268 884 5322 et
902 5279 956 5323 cor
975 5259 1103 5322 adiicie·
1156 5270 1206 5324 est
1236 5259 1405 5324 hominum
1434 5261 1615 5338 curiositas,
1650 5280 1709 5325 nec
1739 5259 1817 5324 utile
1851 5268 1901 5324 est
1934 5258 2013 5340 ipsis
2046 5259 2129 5321 scire

245 5357 355 5412 Gclciar'
371 5374 464 5428 opera.
493 5360 547 5414 Vol.
567 5360 727 5414 XXXVII.
1908 5362 1926 5415 4

1305 2614 1308 2622 .
1326 2571 1377 2625 Aio
1396 2577 1423 2623 te
1441 2570 1562 2624 Aeacida
1579 2571 1714 2624 Romanos
1735 2573 1841 2625 vincere
1860 2588 1946 2641 posse.

1207 2828 1321 2882 Croesus
1339 2827 1439 2896 Halym
1458 2832 1603 2895 penetrans
1621 2844 1746 2897 magnam
1764 2834 1903 2896 pervertet
1920 2843 2000 2896 opum
2019 2827 2082 2880 vim.
