4784 5970
192 368 254 434 327
1068 368 1117 434 IN
1139 367 1303 434 lentant
2119 370 2180 439 328

192 557 404 623 excellentius
427 565 477 621 est
499 556 703 621 invocatione
721 554 798 621 Dei:
822 556 970 623 videmus
993 564 1102 621 tamen
1125 565 1161 621 ut
1212 576 1292 622 usus
1314 566 1363 622 est
1381 556 1553 640 propheta:
1577 556 1660 640 quod
1679 557 1807 639 iuncus,
1830 557 1983 641 quamvis
2001 564 2114 623 rectus
2130 557 2179 633 sit,

192 663 305 726 preces
322 662 435 707 omnes
453 641 555 724 vitiet,
578 661 616 705 ac
634 643 830 707 contaminet
852 642 1024 725 impuritas
1044 641 1159 708 cordis.
1211 641 1306 706 facile
1329 643 1529 708 inflectatur:
1563 642 1611 709 ita
1645 642 1834 727 hypocritae
1865 664 1938 713 sese
1968 643 2119 719 flectunt,
2150 655 2180 707 et

192 727 379 803 Caeterum,
402 727 479 809 quia
500 727 656 791 ieiunium
679 727 814 792 orationi
838 729 992 812 coniungi
1013 728 1103 804 solet,
1126 727 1159 792 id
1211 738 1309 810 caput
1330 729 1504 793 incurvant
1526 729 1617 810 quasi
1638 732 1741 794 macie
1763 727 1916 795 conlecti:
1940 729 1994 794 vel
2016 736 2181 793 ostentant

192 832 251 895 pro
279 815 426 879 confesso
454 813 553 878 sumit
581 812 747 895 propheta.
791 813 852 877 Est
881 813 967 878 enim
997 813 1159 896 appendix
1211 813 1343 877 inanem
1376 813 1517 895 aliquam
1546 812 1686 897 speciem
1711 814 1912 881 humilitatis.
1956 813 2075 879 Voluit
2106 834 2181 897 ergo

191 899 358 963 orationis.
403 897 503 962 Vetat
525 899 624 981 igitur
649 898 689 962 ab
718 897 877 962 eiusmodi
905 898 1090 963 hominibus
1113 901 1161 962 in·
1212 898 1371 980 propheta
1388 899 1607 982 perstringere
1624 901 1866 982 superstitiosos
1882 910 1996 985 gestus
2013 900 2047 964 in
2066 898 2180 983 quibua

192 985 284 1048 etitui
305 984 457 1049 solennes
480 1005 591 1066 preces
613 1004 684 1049 cum
708 983 846 1048 ieiunio:
869 984 945 1065 quia
966 983 1049 1048 nihil
1072 982 1160 1048 aliud
1212 983 1402 1067 hypocritae
1423 985 1629 1050 sanctitatem
1653 985 1795 1067 aliquem
1816 985 2030 1051 constituunt.

192 1070 371 1152 proficient,
400 1090 496 1151 quam
526 1085 562 1134 ut
592 1090 711 1151 poenas
740 1070 907 1151 graviores
927 1069 1091 1134 Dominus
1120 1069 1159 1133 dc
1296 1067 1442 1154 (Sacrum
1462 1074 1490 1133 et
1509 1070 1664 1156 moment.)
1697 1069 1908 1137 Haeretiam
1932 1083 2179 1136 annexuerunt

192 1155 272 1238 ipsis
295 1163 411 1220 sumat.
454 1155 563 1235 Atque
586 1155 664 1219 hinc
685 1153 870 1238 colligimus
891 1152 988 1240 (quod
1011 1157 1078 1221 iam
1100 1175 1158 1218 an·
1211 1153 1351 1218 ieiunio:
1375 1155 1563 1238 praesertim
1586 1176 1686 1238 quum
1708 1155 1834 1222 solenni
1856 1157 1922 1221 ritu
1945 1154 2179 1239 poenitentiam

192 1248 247 1306 tea
268 1240 390 1307 dictum
414 1241 477 1326 est)
498 1240 679 1305 Dominum
702 1256 837 1306 externa
866 1261 965 1323 opera
994 1261 1058 1305 non
1090 1261 1158 1304 mo·
1211 1240 1455 1321 profitebantur.
1495 1240 1627 1305 Etenim
1645 1263 1680 1306 se
1697 1240 1877 1307 induebant
1894 1259 1999 1319 mccc,
2021 1252 2056 1306 ct
2074 1242 2179 1305 cinere

192 1326 266 1403 rari,
300 1327 364 1390 nisi
392 1326 578 1409 praeluceat
607 1347 703 1392 verus
736 1328 805 1391 eius
838 1328 942 1392 timor.
994 1326 1157 1391 Ieiunium
1211 1337 1307 1407 caput
1346 1326 1570 1409 aspergebant.
1626 1327 1726 1409 Atqui
1758 1335 1907 1392 sanctum
1941 1336 1976 1392 et
2007 1325 2178 1409 probatum

192 1411 287 1492 quale
310 1410 439 1477 Iudaeis
461 1413 496 1476 in
518 1434 580 1477 usu
602 1421 681 1487 erat,
713 1412 766 1478 bic
796 1433 852 1494 per
881 1433 916 1478 se
943 1433 1009 1476 non
1040 1411 1158 1492 impro·
1210 1411 1282 1475 Deo
1303 1411 1366 1476 luit
1387 1409 1546 1476 eiusmodi
1576 1413 1785 1477 exercitium:
1815 1421 1912 1495 atque
1935 1410 2087 1478 videmus
2109 1433 2178 1494 pro·

190 1494 294 1573 batur,
319 1498 410 1579 quasi
432 1497 674 1580 superstitiosus
696 1499 796 1563 ritus:
823 1497 880 1562 sed
902 1497 1024 1563 abusus
1044 1495 1159 1561 ieiunii
1210 1495 1326 1580 phetas
1359 1496 1437 1561 dum
1468 1498 1508 1561 ad
1538 1497 1771 1580 poenitentiam
1806 1497 1981 1563 hortantur
2012 1497 2179 1581 populum,

191 1589 225 1648 et
253 1601 356 1664 prava
383 1583 510 1648 fiducia.
554 1581 649 1663 Quod
680 1581 853 1666 diligenter
882 1582 1062 1648 notandum
1093 1591 1158 1646 est:
1210 1581 1252 1646 ad
1272 1601 1401 1647 saccum
1424 1589 1457 1646 et
1478 1581 1619 1648 cinerem
1638 1584 1849 1648 conclamare.
1882 1580 1949 1649 Sed
1971 1581 2179 1666 quemadmo-

192 1667 269 1748 quia
290 1669 383 1733 nobis
406 1668 501 1751 longe
523 1669 617 1732 aliter
634 1669 795 1753 agendum
815 1677 899 1733 esset
916 1688 989 1735 oum
1013 1667 1159 1750 papistis,
1211 1666 1286 1732 dum
1310 1667 1453 1732 diximus
1476 1667 1529 1732 hio
1550 1668 1709 1733 ieiunium
1737 1689 1795 1752 per
1816 1688 1852 1733 se
1880 1689 1945 1734 non
1967 1666 2179 1751 reprehendi:

192 1752 221 1818 si
253 1754 397 1835 ipsorum
427 1756 548 1818 ieiunia
580 1753 901 1836 reprehenderemus.
953 1752 1043 1818 Nihil
1072 1753 1157 1818 enim
1209 1753 1256 1817 ita
1276 1752 1403 1817 externi
1430 1753 1464 1817 hi
1494 1753 1577 1818 ritus
1606 1752 1646 1818 ab
1675 1752 1763 1820 Iseia
1791 1774 1857 1819 non
1886 1753 2097 1833 damnantur,
2125 1752 2179 1819 ced

191 1848 321 1921 praeter
340 1840 603 1921 superstitionem
619 1840 797 1917 continent,
820 1860 921 1922 quum
939 1839 1015 1904 huie
1033 1849 1088 1903 aut
1110 1837 1158 1903 illi
1211 1839 1399 1922 hypocritas
1421 1838 1582 1923 obiurgat,
1605 1839 1690 1922 quod
1712 1841 1799 1922 ipsos
1820 1839 1998 1906 averitate
2015 1850 2176 1922 separent

192 1923 266 2004 diei,
289 1929 346 1990 aut
367 1926 466 1991 certis
489 1926 686 2007 temporibus
708 1924 842 2009 alligata
863 1927 937 2001 sint,
966 1926 1059 2006 quasi
1081 1923 1157 1989 reli·
1211 1922 1248 1991 Si
1270 1934 1445 2006 quaeratur
1466 1944 1508 1988 an
1531 1943 1642 1991 saccus
1660 1934 1693 1990 et
1710 1925 1793 1990 cinis
1811 1936 1923 1990 nostro
1941 1926 2086 2008 tempori
2106 1945 2178 1991 con-

190 2031 255 2092 quo
283 2023 426 2093 tempore
455 2011 658 2094 ingurgitaro
687 2031 758 2077 sese
780 2011 892 2075 liceat:
916 2031 1015 2092 quum
1038 2018 1158 2093 putant
1211 2011 1359 2074 ueniant:
1382 2009 1569 2092 respondeo,
1592 2031 1645 2076 res
1662 2030 1733 2076 esse
1754 2009 1879 2075 medias
1895 2008 2015 2092 quibus
2036 2010 2074 2074 in
2095 2010 2179 2074 aedi·

190 2117 320 2162 carnem
343 2096 546 2161 immundam
573 2116 652 2176 esee,
682 2106 779 2180 atque
804 2096 929 2161 interea
951 2095 1081 2176 quasvis
1103 2093 1158 2159 de·
1210 2095 1393 2161 ficationem
1421 2095 1469 2159 uti
1503 2095 1587 2162 licet.
1631 2094 1804 2161 (laetorum
1837 2095 1872 2159 in
1905 2095 1977 2163 luce
2009 2095 2178 2180 evangelii,

189 2181 277 2247 litias
304 2182 365 2247 sibi
394 2183 606 2264 permittunt:
639 2181 733 2247 modo
762 2180 862 2247 semel
888 2189 1016 2245 tantum
1046 2201 1080 2245 se
1110 2179 1157 2244 in·
1210 2202 1273 2264 quo
1306 2179 1400 2245 nobis
1430 2180 1562 2245 libertas
1591 2180 1691 2246 alluta
1719 2190 1777 2259 est,
1808 2179 1927 2246 talibus
1954 2180 2072 2265 figuris
2102 2202 2178 2265 opus

192 2267 362 2350 gurgitent
384 2266 435 2331 die
457 2267 579 2342 ieiunii,
605 2269 734 2351 egregie
756 2288 791 2333 se
820 2267 947 2332 iunctos
976 2285 1048 2330 esse
1076 2266 1159 2330 arbi·
1210 2285 1276 2331 non
1299 2276 1356 2331 est.
1392 2263 1500 2330 Simul
1521 2264 1759 2331 observandum
1778 2278 1827 2330 est
1844 2264 2019 2333 discrimen
2037 2265 2177 2332 orienta-

191 2361 328 2418 trantur.
374 2352 486 2432 Quum
506 2353 606 2435 igitur
629 2352 712 2416 nihil
734 2353 866 2416 omuino
888 2353 931 2416 eit
953 2351 987 2416 in
1010 2351 1049 2415 iis
1071 2350 1157 2434 quod
1210 2351 1289 2416 lium
1314 2352 1493 2429 nationum,
1524 2371 1607 2434 quae
1629 2351 1731 2416 variis
1760 2351 1973 2418 caeremoniis
2002 2350 2178 2426 abundant,

190 2436 319 2519 probari
341 2448 446 2519 queat,
469 2438 659 2520 simpliciter
681 2460 700 2502 a
723 2437 816 2503 nobis
841 2436 987 2501 damnari
1009 2447 1157 2519 possunt:
1209 2438 1372 2503 anostrie
1391 2456 1474 2518 quae
1496 2436 1599 2502 multo
1621 2436 1800 2520 simplicius
1821 2457 1893 2503 sese
1907 2445 2041 2586 gerunt:
2086 2435 2179 2518 Quod

189 2522 246 2587 sed
269 2523 332 2587 alia
353 2524 414 2587 fuit
436 2524 516 2588 haec
539 2522 723 2605 disputatio.
762 2521 925 2587 Ieiunium
956 2523 1043 2586 enim
1073 2522 1158 2605 quod
1209 2523 1238 2587 si
1266 2522 1339 2587 illas
1372 2522 1492 2587 imitari
1520 2522 1688 2601 vellemus,
1722 2521 1805 2586 nihil
1839 2521 1907 2587 aliu
1961 2534 2050 2589 emet
2083 2542 2178 2605 quam

188 2611 405 2672 observabant
423 2607 534 2674 Iudaei
552 2629 611 2691 per
628 2631 662 2674 se
680 2607 883 2691 probandum
902 2618 982 2684 erat,
1003 2608 1156 2690 quoniam
1209 2607 1322 2673 simias
1336 2626 1441 2691 agere,
1457 2615 1515 2672 aut
1530 2607 1753 2675 histrionicam
1768 2628 1929 2674 exercerc.
1961 2607 2056 2673 Nihil
2072 2618 2178 2674 tamen

189 2693 303 2759 aDeo
327 2695 530 2759 institutum:
559 2695 616 2758 sed
646 2694 726 2760 falsa
753 2693 861 2776 opinio
883 2692 1157 2775 reprehendenda.
1210 2693 1358 2775 prohibet
1379 2693 1551 2776 quominus
1581 2693 1762 2776 supplicum
1793 2712 1882 2757 more
1904 2691 2055 2759 sordidas
2074 2704 2178 2760 vestes

188 2779 227 2845 In
257 2781 393 2862 papistis
415 2801 491 2845 vero
518 2790 550 2846 et
578 2780 659 2846 salsa
690 2780 809 2863 opinio,
837 2789 870 2844 et
892 2779 1054 2844 institutio
1077 2779 1157 2862 ipsa,
1209 2779 1357 2854 induant,
1380 2777 1498 2861 quibus
1520 2781 1719 2862 propositum
1738 2788 1789 2843 est
1806 2788 1934 2843 reatum
1950 2799 2049 2845 suum
2072 2778 2174 2845 interi.

189 2885 291 2946 quum
316 2886 469 2947 perversa
491 2866 542 2941 sit,
572 2866 757 2930 damnanda
785 2874 843 2930 est.
887 2864 959 2930 Hoc
987 2885 1157 2930 commune
1295 2861 1403 2949 (Diem
1423 2869 1548 2948 pratum
1571 2863 1725 2949 Iebocue.)
1767 2863 1856 2931 Hinc
1877 2874 2016 2946 apparet
2037 2865 2178 2931 solenni·

189 2950 310 3015 habeut
337 2952 482 3031 papistae
511 2971 583 3014 cum
608 2951 747 3023 Iudaeis.
779 2949 864 3033 quod
894 2971 931 3015 eo
960 2971 995 3015 se
1023 2950 1157 3034 defungi
1210 2948 1269 3015 bne
1292 2951 1452 3033 precibus,
1475 2971 1578 3032 quum
1599 2969 1690 3015 sacer
1712 2958 1893 3015 conventus
1912 2948 2102 3029 baberetur,
2123 2950 2177 3015 ad·

189 3055 299 3099 corum
327 3037 408 3108 Deo,
437 3046 470 3099 et
498 3036 699 3100 meritorium
728 3055 810 3118 opus
839 3055 912 3101 esse
940 3044 1066 3119 putent.
1110 3034 1157 3100 At
1210 3035 1349 3100 bibitum
1372 3035 1470 3100 luisse
1500 3034 1666 3102 ieiunium.
1711 3033 1797 3099 Nam
1823 3034 1990 3113 ieiunium,
2021 3035 2178 3101 orationis

188 3120 347 3184 ieiunium
376 3121 483 3185 cultus
505 3119 569 3185 Dei
597 3139 663 3185 non
693 3129 751 3202 est,
781 3141 840 3186 nec
867 3139 926 3203 per
954 3142 989 3186 se
1016 3121 1057 3184 eb
1085 3122 1156 3203 ipsu
1208 3121 1347 3185 accessio
1379 3129 1446 3200 est,
1477 3120 1572 3184 sicuti
1606 3121 1670 3184 iam
1704 3120 1865 3185 diximus:
1905 3119 2178 3202 quemadmodum

188 3206 380 3286 requiritur:
415 3205 685 3286 quemadmodum
719 3225 758 3270 ea
783 3226 881 3288 opera
910 3225 993 3286 quae
1021 3207 1055 3270 iu
1084 3205 1155 3288 lege
1208 3204 1357 3269 videmus
1380 3203 1476 3271 ctiam
1501 3227 1519 3269 a
1542 3205 1673 3271 Christo
1695 3205 1834 3272 orationi
1851 3205 2046 3271 adiunctum
2067 3206 2177 3273 ruina

189 3289 396 3373 praescribit:
436 3290 490 3353 sed
532 3302 704 3355 externum
738 3291 929 3356 exercitium
965 3302 1030 3367 est,
1071 3291 1155 3375 quod
1207 3290 1282 3355 Non
1305 3299 1355 3354 est
1377 3291 1480 3374 igitur
1499 3292 1686 3356 institutum
1700 3311 1758 3375 per
1773 3311 1816 3368 se,
1840 3289 1897 3355 aed
1911 3290 1947 3356 in
1961 3289 2065 3356 alium
2081 3293 2177 3359 finem

189 3375 328 3440 orationi
360 3375 532 3451 subseruit‚
563 3386 620 3440 aut
648 3376 827 3441 domandae
859 3376 950 3441 carni
983 3375 1065 3441 utile
1096 3385 1156 3452 est,
1208 3375 1368 3459 dirigitur.

188 3466 246 3526 aut
262 3460 481 3526 testificandae
499 3460 716 3526 humiliationi
733 3472 878 3528 nostrae:
893 3462 1095 3544 quumvelut
1109 3462 1157 3527 rei
1293 3461 1322 3525 6.
1352 3459 1419 3547 (Aa
1446 3481 1508 3527 nou
1533 3461 1588 3528 boc
1615 3461 1683 3549 eet.)
1727 3457 1881 3527 Ostendit
1910 3460 2071 3545 propheta
2098 3482 2178 3545 quac

190 3546 273 3612 iram
285 3545 349 3611 Dei
363 3548 397 3610 iu
417 3547 561 3612 adversis
584 3548 680 3612 rebus
702 3547 923 3630 deprecamur.
958 3545 1023 3613 Sed
1040 3547 1080 3612 de
1096 3569 1155 3614 usu
1207 3547 1274 3613 sint
1296 3567 1375 3612 vera
1396 3547 1503 3614 cilicia
1524 3546 1664 3631 pietatis,
1687 3554 1720 3611 et
1742 3567 1823 3628 quae
1850 3545 1942 3614 nobis
1970 3548 2176 3632 potissimum

191 3632 303 3697 ieiunii
318 3641 350 3696 et
364 3634 428 3696 fine
443 3633 545 3715 ipsius
562 3632 633 3698 vide
648 3634 742 3715 plura
762 3634 794 3697 in
811 3642 922 3699 nostra
935 3632 1155 3698 Institutione.
1208 3653 1227 3697 a
1249 3633 1624 3699 Deo-commendentur:
1653 3651 1778 3714 nempe,
1808 3643 1847 3697 ut
1868 3632 2004 3699 miseros
2024 3642 2062 3698 et
2086 3634 2177 3720 gravi

276 3717 306 3782 5.
330 3715 400 3802 (Aa
422 3719 480 3782 tale
501 3718 567 3803 est.)
603 3719 784 3784 Confirmat
805 3720 1002 3801 superiorem
1026 3732 1155 3786 senten·
1208 3740 1305 3784 onere
1328 3739 1456 3800 pressos
1484 3718 1701 3785 sublevemus.
1747 3715 1813 3784 Sed
1836 3717 1967 3783 videtur
1988 3719 2024 3783 in
2047 3721 2178 3785 unirer·
2225 3720 2228 3729 '

192 3803 281 3885 tiam,
303 3812 399 3885 atque
421 3803 563 3867 ostendit
586 3805 740 3869 ieiunium
768 3826 824 3888 per
849 3824 885 3871 se
914 3824 1019 3886 neque
1047 3805 1155 3887 appeti
1207 3824 1279 3871 snm
1301 3805 1459 3888 propheta
1476 3804 1633 3870 ieiunium
1653 3802 1777 3880 tollere,
1795 3824 1896 3886 quum
1914 3824 2016 3888 opera
2032 3812 2178 3871 recenset

191 3887 311 3965 aDeo,
335 3909 394 3954 nec
418 3888 563 3970 probari:
594 3888 650 3953 sed
674 3899 835 3971 quatenus
857 3891 890 3954 in
913 3910 1026 3954 verum
1056 3891 1154 3954 finem
1207 3891 1242 3955 in
1264 3890 1366 3973 ipsius
1394 3890 1512 3971 locum,
1541 3910 1624 3972 quae
1649 3888 1717 3954 Deo
1745 3887 1841 4039 louge
1873 3889 2063 3973 gratissima
2093 3898 2176 3956 sunt.

191 3974 353 4057 dirigitur.
408 3973 521 4039 Noluit
553 3984 660 4038 autem
694 3976 800 4057 ipsum
833 3974 963 4057 penitus
997 3976 1156 4058 abrogari,
1207 3975 1411 4058 Respondec‚
1435 3975 1591 4039 ieiunium
1615 3973 1754 4057 probari,
1783 3974 1838 4039 ui
1868 3974 1996 4040 caritati
2025 3975 2177 4042 coniunc-

189 4059 247 4125 sed
269 4080 458 4141 perversum
481 4079 593 4124 usum:
616 4059 698 4141 quod
717 4061 838 4125 scilicet
860 4061 894 4124 in
917 4080 956 4125 eo
977 4069 1158 4125 statuerent
1208 4071 1277 4125 tum
1300 4068 1358 4126 est.
1402 4058 1623 4140 Quamobrem
1644 4057 1801 4143 propbeta
1831 4080 1890 4125 noc
1911 4058 1953 4125 ad
1982 4058 2065 4126 illud
2087 4061 2175 4144 prin·

190 4146 312 4212 cultum
337 4146 406 4223 Dei,
439 4167 476 4212 ac
498 4144 682 4227 posthabita
704 4144 757 4210 vel
780 4146 878 4210 etiam
908 4146 1056 4229 neglecta
1078 4166 1157 4211 vera
1208 4147 1327 4230 cipium
1351 4156 1498 4210 revocat:
1528 4154 1564 4210 ut
1592 4145 1740 4229 integrae
1769 4153 1802 4209 et
1832 4165 1931 4227 purae
1959 4146 2175 4215 conscientiae

190 4233 312 4315 pietate
355 4232 520 4313 corporale
562 4231 752 4295 exercitium
796 4231 943 4297 sulficere
987 4237 1156 4315 putarent:
1207 4233 1283 4314 sint,
1312 4239 1349 4295 ut
1371 4238 1518 4295 mutuam
1549 4231 1635 4295 inter
1661 4249 1722 4294 nos
1750 4228 1996 4297 beneficentiam
2025 4249 2177 4299 exercet·

190 4317 286 4383 sicuti
308 4337 435 4398 semper
458 4317 646 4399 hypocritae
676 4324 829 4380 externos
857 4317 939 4381 ritus
967 4318 1058 4396 quasi
1086 4319 1155 4399 pia·
1208 4338 1295 4382 mus:
1318 4315 1395 4398 quia
1417 4315 1446 4380 si
1468 4316 1577 4399 vigeat
1599 4315 1652 4382 bic
1673 4314 1763 4395 ordo,
1792 4324 1872 4380 tunc
1899 4316 2061 4383 ieiunium
2090 4315 2176 4401 quod

190 4404 262 4469 cula
291 4401 469 4466 obtrudunt
498 4402 537 4466 ad
567 4400 761 4485 placandum
789 4403 905 4467 Deum.
949 4400 1052 4467 Porro
1081 4403 1157 4484 quia
1206 4401 1337 4469 accedet
1358 4410 1488 4484 gratum
1512 4399 1582 4466 Deo
1604 4407 1638 4466 et
1659 4408 1827 4484 acceptum
1850 4400 1921 4466 erit.
1961 4400 2065 4484 Atqui
2087 4401 2177 4467 nulla

190 4488 338 4554 homines
360 4509 418 4570 pro
445 4508 502 4551 sua
530 4489 713 4552 temeritate
744 4485 901 4552 deliniunt
928 4486 1053 4553 cultum
1082 4487 1156 4566 Dei,
1207 4487 1260 4554 hio
1282 4487 1404 4551 mentio
1425 4487 1464 4551 fit
1479 4485 1518 4550 de
1542 4487 1681 4570 puritate
1696 4486 1809 4552 cordis.
1841 4485 2049 4573 Respoudco,
2070 4488 2176 4571 ipsam

191 4575 310 4639 diserte
344 4594 403 4637 nos
441 4573 494 4637 hio
527 4587 654 4638 revocat
689 4571 728 4636 ad
763 4592 858 4637 suum
892 4571 1076 4637 arbitrium:
1115 4593 1155 4637 ne
1207 4573 1247 4639 ab
1269 4571 1419 4654 operibus
1440 4592 1497 4636 seu
1519 4592 1538 4636 a
1560 4572 1716 4637 fructibus
1738 4570 1911 4654 designari.
1944 4570 1998 4638 ux
2019 4573 2073 4641 his
2089 4573 2176 4641 onim

190 4658 344 4744 quidquid
367 4669 490 4723 rectum
513 4658 634 4722 iudicat
654 4679 769 4724 sensus
799 4667 909 4722 noster
930 4658 970 4722 ab
993 4658 1062 4739 ipso
1082 4678 1155 4739 pro·
1208 4659 1312 4742 qualis
1344 4658 1387 4721 sit
1415 4658 1543 4722 animus
1576 4657 1668 4723 facile
1696 4666 1831 4723 constat
1875 4655 2005 4723 Deinde
2033 4678 2176 4725 comme·

189 4745 258 4810 bari
282 4745 514 4810 existimemus.
550 4743 708 4823 Quamvis
730 4745 818 4808 enim
841 4743 903 4808 sibi
926 4743 1073 4824 placeant
1097 4745 1155 4808 mi·
1208 4752 1313 4808 morat
1345 4743 1451 4808 officia
1482 4742 1643 4807 secundae
1677 4741 1813 4817 tabulae,
1846 4763 1910 4825 quc
1942 4743 2176 4827 synecdochice

190 4851 290 4914 roque
312 4829 485 4912 supercilio
507 4830 583 4893 elati
607 4830 682 4909 sint,
704 4839 737 4894 et
754 4835 946 4912 arroganter
968 4848 1003 4892 sc
1026 4829 1155 4912 iactent,
1208 4839 1307 4894 totam
1337 4826 1418 4908 legis
1451 4828 1719 4894 observationem·
1740 4828 1995 4909 comprehendit,
2029 4838 2068 4895 ut
2099 4829 2176 4895 alibi

189 4914 352 4981 Dominus
373 4917 461 4998 ipsos
483 4914 642 4997 repudiat,
664 4923 761 4996 atque
783 4923 985 4979 exsecratur:
1008 4915 1084 4995 quio
1106 4915 1155 4978 ius
1207 4915 1314 4979 visum
1337 4925 1395 4977 est.
1439 4912 1507 4977 Nec
1529 4912 1615 4977 enim
1642 4914 1720 4977 satis
1749 4925 1834 4978 essct
1864 4915 2050 4997 proximum
2080 4914 2176 4980 bene·

191 5001 329 5084 eligendi
347 5002 408 5066 sibi
427 5001 483 5065 uni
503 5000 663 5066 vendicat.
698 5001 800 5064 Porro
821 5000 941 5082 eligere
964 4998 1154 5063 tantundem
1207 4999 1289 5064 ficiis
1309 4998 1430 5073 iuvare,
1454 4998 1482 5062 si
1504 4997 1612 5062 Deum
1633 4998 1757 5062 interea
1779 5008 2072 5068 contemneremus.
2109 4999 2176 5068 Sed

192 5087 277 5151 valet
300 5094 487 5170 aegrotum
512 5084 639 5151 habere.
682 5086 790 5168 Negat
811 5095 919 5149 autem
943 5106 978 5149 se
1001 5083 1155 5149 oblectari
1209 5082 1386 5148 notandum
1410 5092 1459 5148 est
1481 5082 1658 5165 prophetae
1676 5084 1863 5149 consilium:
1887 5084 1963 5167 quia
1981 5085 2069 5150 enim
2092 5088 2175 5153 cari·

191 5173 217 5236 si
241 5173 313 5253 quis
336 5173 420 5236 diem
444 5193 546 5237 unum
576 5171 742 5237 famelicus
765 5170 933 5254 transigat,
962 5169 1078 5234 deinde
1105 5171 1154 5233 iu·
1206 5177 1257 5233 tas
1278 5191 1356 5251 erga
1372 5169 1536 5250 proximos
1552 5188 1615 5234 nou
1631 5179 1734 5249 potest
1756 5169 1881 5234 sincere
1896 5170 1966 5248 coli,
1990 5170 2054 5237 nisi
2075 5192 2175 5254 quum

189 5255 282 5324 cedat
314 5257 413 5324 tristis
447 5269 479 5322 et
512 5259 675 5324 incurvus.
723 5257 807 5322 Nam
835 5263 911 5339 apta
940 5254 1154 5321 similitudine
1207 5275 1260 5319 eos
1287 5254 1322 5319 in
1351 5254 1420 5319 Deo
1449 5274 1605 5331 amamus,
1636 5251 1675 5316 ad
1706 5254 1908 5337 probandum
1930 5255 1993 5321 Dei
2022 5257 2176 5323 timorem
