4784 5970
190 375 231 440 19
1067 373 1117 441 IN
1141 372 1308 442 ISAIAM
2149 375 2197 441 20

188 563 300 630 omnia
321 563 456 631 ornavit.
500 562 664 628 Iniuriam
693 583 771 644 ergo
799 563 872 628 fieri
895 561 966 628 Deo
989 582 1162 641 summam,
1186 565 1191 618 l
1215 561 1351 641 lallaoiis
1390 561 1587 645 illaqueent:
1631 563 1757 629 interea
1796 564 1830 628 in
1873 564 2050 629 amentiam
2089 567 2194 631 totius

189 670 256 716 non
279 659 410 715 tantum
433 649 461 715 si
483 649 554 715 eius
575 651 729 715 maiestas
750 670 826 714 oum
847 647 945 715 rebus
967 648 1063 714 nihili
1084 669 1163 715 oon·
1214 647 1330 714 mundi
1369 648 1545 726 invehitur,
1585 648 1670 731 quod
1711 658 1804 714 11111
1840 649 1968 714 fervore
2000 671 2115 716 omnes
2149 651 2192 717 ad

188 735 323 811 feratur,
357 736 414 802 sed
447 735 546 801 etiam
579 734 643 801 nisi
676 754 775 817 supra
806 755 920 800 omnes
953 734 1096 819 angelos,
1130 743 1164 799 et
1214 735 1478 816 superstitionem
1511 734 1669 812 ferantur,
1702 746 1736 799 et
1768 734 1829 800 sibi
1863 735 1999 818 quisque
2032 738 2192 820 magister

189 819 345 903 quidquid
374 833 528 886 censetur
550 820 698 886 divinum
728 819 827 904 longe
855 821 1005 886 emineat.
1050 819 1162 901 Quum
1214 821 1258 885 sit
1289 821 1325 884 in
1359 819 1521 903 fingendis
1554 818 1657 885 idolis.
1713 818 1888 886 Oonoludit
1921 821 2050 886 nullum
2084 844 2193 906 genus

189 906 315 995 Paulus
337 907 441 972 utitur
469 907 530 972 hoe
559 906 747 971 testimonio
778 905 937 972 adversus
965 904 1164 983 idololatras,
1214 905 1385 970 hominum
1406 905 1446 971 ab
1464 907 1527 971 isto
1544 906 1680 972 erimine
1697 926 1818 989 purum
1839 926 1924 973 esse:
1948 906 2068 973 divites
2090 908 2192 973 simul

189 1002 250 1057 aut
277 992 394 1058 saltem
425 994 524 1058 verba
556 991 732 1076 prophetae
762 992 877 1057 renitet
922 991 994 1057 Aet.
1019 993 1069 1069 17,
1093 991 1161 1073 29),
1214 1002 1249 1057 11
1270 1011 1430 1074 pauperes
1452 1012 1525 1057 reos
1548 1013 1585 1057 ae
1608 993 1774 1058 eonviotos
1798 994 1911 1058 teneri.
1946 992 2078 1058 Diuites
2100 995 2193 1060 enim

189 1097 257 1142 non
298 1078 470 1160 detorquet
505 1098 525 1142 a
558 1078 700 1162 genuino
739 1099 846 1143 sensu.
940 1079 991 1144 'no
1031 1077 1164 1160 quidem
1215 1079 1357 1143 enudare
1391 1076 1467 1142 deos
1499 1099 1541 1142 ex
1575 1099 1656 1142 auro
1688 1078 1739 1142 vel
1774 1088 1921 1162 argento,
1955 1099 2114 1163 pauperes
2148 1101 2192 1145 ex

189 1162 314 1248 telligit
335 1173 579 1248 praeposterum
601 1184 672 1229 esse
692 1163 719 1228 si
737 1163 809 1229 Deo
826 1165 1002 1248 imaginem
1020 1163 1164 1246 aliquam
1215 1164 1305 1247 ligno
1335 1162 1462 1230 seleeto.
1513 1163 1610 1230 Unde
1639 1163 1782 1230 ostendit
1814 1164 1898 1229 mira
1925 1165 2054 1229 insania
2083 1165 2192 1248 abripi

190 1249 396 1334 affingamus.
441 1250 609 1333 Propheta
632 1270 707 1314 vero
729 1250 776 1314 111
794 1271 813 1313 1
832 1249 1010 1314 diffidentia
1032 1257 1165 1314 revooat
1214 1260 1349 1315 eunotos
1367 1248 1532 1313 homines:
1555 1250 1620 1331 qui,
1636 1250 1767 1314 tametsi
1786 1248 1893 1314 desint
1911 1251 1989 1333 ipsis
2008 1250 2192 1328 1111111111,

189 1335 338 1414 Iudaeos,
356 1351 392 1401 ut
409 1335 509 1400 simul
528 1336 776 1417 superstitiones
794 1336 943 1418 gentium
960 1334 1163 1410 eundemnet,
1216 1346 1325 1400 tamen
1348 1335 1506 1399 eximium
1534 1334 1656 1418 aliquid
1686 1334 1806 1399 habere
1837 1345 1995 1419 expetunt
2025 1357 2083 1418 pro
2115 1337 2193 1404 deo·

189 1431 289 1504 atque
311 1421 546 1486 alienissimum
569 1440 589 1485 a
610 1421 683 1486 Deo
705 1442 776 1486 esse
804 1421 955 1486 ostendat
984 1430 1041 1486 aut
1064 1419 1164 1502 pingi,
1216 1420 1412 1486 tumnultu.
1455 1419 1582 1485 Volunt
1609 1423 1698 1485 enim
1719 1418 1868 1485 homines
1897 1432 2101 1504 praesentem
2131 1422 2194 1488 ha·

189 1518 248 1573 111
270 1506 393 1590 effingi.
438 1506 535 1573 Unde
564 1519 699 1590 apparat
726 1506 821 1571 Pauli
851 1506 1034 1572 doetrinam
1064 1507 1164 1589 probe
1217 1507 1292 1571 bere
1316 1505 1440 1571 Deum:
1472 1514 1569 1589 atque
1594 1504 1656 1572 hoo
1679 1508 1809 1571 initium
1832 1508 1959 1572 111111
1988 1507 2194 1574 idololatriae

189 1615 263 1660 eum
285 1594 350 1657 ista
372 1592 556 1658 eonvenite.
601 1593 782 1674 Postquam
805 1594 893 1657 enim
917 1591 1077 1675 propheta
1099 1591 1163 1656 Dei
1216 1601 1280 1657 est:
1310 1592 1386 1673 quia
1408 1590 1499 1658 Deus
1527 1612 1587 1674 per
1619 1591 1830 1657 simulaorum
1863 1592 1957 1658 nobis
1991 1614 2056 1658 non
2089 1595 2195 1673 adest,

190 1679 369 1763 potentiam
392 1678 586 1742 immensam
616 1697 686 1743 esse
714 1676 867 1756 ostendit,
898 1697 998 1761 quum
1022 1677 1074 1742 vel
1104 1698 1163 1760 pu·
1216 1677 1273 1742 sed
1296 1699 1353 1761 per
1376 1677 1513 1743 verbum
1535 1698 1631 1742 suum
1653 1688 1686 1741 et
1708 1678 1841 1761 spiritus
1864 1679 2029 1744 virtutem.
2066 1679 2195 1760 Quam·

189 1762 268 1848 gillo
291 1764 401 1828 omnia
426 1762 690 1846 comprehendat,
720 1764 819 1828 inlert
848 1763 991 1839 tandem,
1014 1765 1065 1828 111
1086 1783 1164 1846 ergo
1217 1763 1397 1829 visentem
1420 1776 1453 1828 et
1474 1764 1600 1847 gratiae
1621 1784 1700 1829 suae
1723 1779 1757 1828 et
1784 1762 1941 1828 bonorum
1969 1765 2195 1847 spiritualium

190 1871 242 1914 me
265 1848 402 1914 similem
426 1848 575 1914 laniatis?
605 1870 681 1913 nam
711 1869 923 1932 quaeeunque
951 1849 1076 1932 effigies
1105 1869 1163 1912 er·
1215 1849 1392 1932 imaginem
1426 1849 1517 1914 nobis
1552 1848 1682 1915 obiieiat
1709 1849 1742 1912 in
1774 1851 1999 1929 sacramentis,
2030 1873 2096 1915 non
2125 1851 2193 1917 alio

190 1935 363 2018 primatur,
392 1934 476 1998 nibil
500 1933 580 1998 mihi
602 1936 700 1999 111111
722 1935 776 1998 vel
798 1935 905 2000 simile
929 1932 1082 2000 habitura
1105 1946 1163 1999 est.
1217 1949 1327 1999 tamen
1349 1943 1482 2018 1111111,
1513 1955 1613 2017 quam
1636 1945 1673 1999 ut
1695 1956 1825 2000 sursum
1848 1933 1888 1998 ad
1911 1956 1944 2000 se
1973 1957 2032 2001 nos
2061 1938 2193 2003 invitet.

188 2021 292 2088 Utilis
324 2021 475 2085 doetrina
507 2029 541 2084 et
567 2019 672 2104 digna
701 2020 887 2085 observatu.
940 2020 1024 2085 Nam
1054 2023 1081 2086 si
1112 2019 1164 2084 vel
1215 2018 1345 2085 Interea
1367 2040 1535 2085 esseorum
1559 2020 1727 2086 hominum
1758 2021 1897 2103 ineptias
1927 2021 2086 2104 propheta
2115 2044 2193 2106 per-

190 2108 308 2172 unious
332 2106 384 2171 hie
405 2106 496 2172 loeus
520 2115 674 2185 exstaret,
704 2107 871 2172 sufficeret
893 2107 1027 2171 omnino
1049 2106 1090 2170 ad
1113 2126 1163 2169 re·
1217 2107 1366 2189 stringit,
1407 2106 1491 2189 quod
1525 2106 1559 2169 in
1599 2106 1697 2171 idolis
1730 2107 1888 2171 oonoinne
1927 2106 2083 2173 ornandis
2117 2108 2194 2191 plus

190 2192 327 2258 futanda
345 2194 511 2275 figmenta,
530 2192 647 2275 quibus
662 2213 696 2256 11
713 2190 871 2256 deludunt
885 2192 1041 2276 papistae,
1063 2211 1163 2273 quum
1218 2211 1316 2274 quam
1338 2190 1491 2257 industrii
1513 2193 1580 2255 sint
1602 2205 1634 2255 et
1657 2192 1788 2258 euriosi.

191 2279 252 2343 sibi
291 2278 389 2344 linere
423 2277 539 2342 volunt
581 2279 726 2342 externis
766 2278 880 2361 figuris
920 2290 1165 2360 repraesentare
1303 2276 1355 2342 21.
1385 2275 1453 2360 (Aa
1484 2276 1632 2362 11111111.)
1686 2277 1866 2360 Postquam
1900 2276 2012 2344 derisit
2044 2281 2195 2362 gentium

191 2363 309 2429 Deum.
353 2362 459 2445 Negat
481 2361 640 2446 propheta
661 2363 835 2446 imaginem
858 2383 951 2445 posse
973 2384 1013 2427 ex
1037 2374 1168 2426 mortua
1217 2377 1384 2444 stuporem
1417 2372 1450 2427 et
1483 2363 1643 2426 insaniam
1676 2362 1842 2446 propheta,
1875 2363 1916 2427 ad
1949 2363 2087 2429 Iudaeos
2121 2387 2197 2430 sese

191 2450 329 2515 materia
351 2448 475 2526 eonfioi,
498 2469 580 2529 quae
602 2449 665 2513 Dei
689 2449 811 2532 gloriae
832 2449 1014 2514 eonveuiat.
1049 2448 1163 2512 Palam
1218 2449 1390 2514 convertit.
1435 2447 1482 2514 Ut
1503 2449 1592 2512 enim
1614 2469 1727 2513 omnes
1754 2449 1794 2512 ad
1824 2451 2088 2530 superstitionem
2118 2473 2196 2534 pro·

191 2534 278 2599 idola
300 2533 413 2612 relisit,
436 2534 574 2599 neudum
598 2534 738 2616 loquitur
761 2534 801 2599 de
818 2535 963 2617 ipsorum
986 2533 1084 2607 11111,
1107 2532 1165 2597 sed
1218 2535 1320 2599 olives
1350 2554 1474 2610 sumus,
1504 2535 1550 2597 ita
1580 2534 1675 2599 facile
1704 2534 1852 2611 labimur,
1885 2557 1984 2616 quum
2014 2535 2106 2601 nobis
2136 2558 2197 2600 ex-

193 2620 279 2705 quod
302 2641 341 2685 ea
362 2620 520 2684 labrieare
542 2633 576 2684 et
597 2620 722 2703 erigere
744 2642 802 2703 per
827 2641 862 2684 se
883 2640 991 2685 eoram
1014 2620 1085 2684 Deo
1108 2641 1163 2683 ex·
1218 2620 1359 2702 emplum
1396 2619 1525 2701 aliquod
1561 2620 1601 2684 ob
1641 2620 1751 2685 oeulos
1790 2622 1932 2702 positum
1967 2627 2025 2686 111.
2080 2620 2196 2702 Quum

192 2705 387 2774 serrandum
408 2714 441 2770 et
459 2702 648 2771 detestabile
669 2708 721 2771 sit.
756 2706 927 2789 Scriptura
951 2726 1027 2770 vero
1051 2705 1164 2769 buius·
1218 2720 1327 2770 autem
1349 2704 1464 2775 Iudaei
1486 2706 1519 2769 in
1550 2705 1649 2769 exilio
1670 2704 1861 2784 Babyloniis
1890 2707 2045 2788 permixti
2073 2722 2196 2787 essent,

192 2792 280 2858 modi
312 2791 506 2858 testimoniis
537 2794 657 2856 referta
686 2803 744 2857 est.
790 2789 1165 2875 Μ1111(Ι)111.4,12)
1218 2790 1360 2874 quotidie
1401 2789 1588 2856 foedissima
1627 2791 1829 2855 idololatriae
1870 2793 2019 2874 exempla
2059 2814 2196 2857 eernere

192 2877 346 2962 populum
363 2877 404 2941 ad
421 2877 482 2940 hoe
497 2877 613 2942 vitium
629 2878 807 2960 proelivem
822 2878 988 2943 monebat:
1009 2876 1163 2961 Effigiem
1218 2879 1336 2956 111111,
1377 2889 1528 2957 poterant
1566 2877 1671 2961 abripi
1711 2878 1752 2942 ad
1791 2877 1926 2958 impiam
1966 2879 2195 2945 imitationem.

193 2964 317 3030 nnllam
342 2972 399 3027 aut
420 2961 559 3026 formam
577 2962 690 3027 uidisti
708 2965 742 3026 11
761 2974 883 3040 moute,
905 2982 1016 3027 votem
1036 2973 1164 3026 tantum
1218 2962 1395 3027 Praevenit
1424 2984 1501 3046 ergo
1530 2964 1561 3026 in
1594 2973 1737 3046 tempore
1767 2963 1880 3037 Isaiae,
1910 2974 2009 3044 atque
2038 2965 2196 3029 admonet

193 3048 334 3115 audiisti.
382 3046 468 3112 Vide
490 3068 568 3131 ergo
598 3058 631 3112 et
653 3047 783 3113 attende
811 3070 852 3113 ne
882 3047 1035 3129 deeeptus
1064 3047 1165 3112 ullam
1219 3070 1260 3112 ne
1283 3048 1397 3110 talium
1421 3069 1530 3113 rerum
1553 3058 1727 3132 conspeetu
1754 3059 1959 3113 moveantur.
2003 3050 2111 3132 Rogat
2133 3070 2195 3114 an·

192 3137 369 3219 imaginem
407 3133 468 3199 tibi
506 3133 652 3198 11111111.
706 3134 797 3216 Ergo
830 3132 871 3198 ad
903 3132 1164 3216 cognoscendum
1219 3153 1285 3197 non
1316 3133 1422 3198 edoeti
1450 3134 1524 3211 sint,
1559 3143 1656 3215 atque
1689 3132 1862 3198 didieerint
1894 3135 1965 3216 quis
2000 3136 2043 3199 sit
2075 3137 2193 3200 Deus?

193 3221 303 3285 Deum
336 3240 402 3284 non
443 3218 596 3284 debemus
636 3221 743 3302 ipsum
784 3241 843 3303 pro
881 3230 993 3285 nostra
1031 3217 1165 3284 libidine
1219 3219 1343 3283 Putant
1365 3218 1509 3301 plerique
1531 3219 1726 3302 interpretes
1755 3219 1841 3284 idem
1865 3231 1897 3284 et
1927 3241 2030 3285 unum
2060 3220 2113 3286 hio
2140 3245 2194 3287 re·

194 3306 360 3389 effingere,
392 3307 449 3370 sed
482 3306 656 3388 confugere
686 3304 728 3368 ad
756 3307 903 3382 verbum,
937 3306 970 3369 in
998 3325 1061 3388 quo
1089 3305 1166 3369 viva
1219 3306 1302 3388 peti:
1327 3305 1450 3386 liquere
1471 3304 1593 3370 seilioet
1614 3327 1656 3370 ex
1680 3304 1793 3369 mundi
1822 3305 1943 3370 labriea
1972 3307 2053 3371 nihil
2083 3310 2194 3373 minus

193 3392 296 3474 ipsius
317 3391 425 3473 imago
448 3389 541 3455 nobis
562 3391 766 3474 proponitur.
805 3391 856 3456 Ea
873 3389 1165 3457 eommunieatione
1219 3410 1289 3456 esse
1311 3405 1567 3455 eonsentaneum
1596 3411 1693 3473 quam
1724 3392 1758 3455 11
1785 3391 1876 3474 ligno
1907 3405 1939 3456 et
1966 3393 2083 3474 lapide,
2113 3413 2194 3457 auro

193 3477 342 3543 contenti
362 3497 405 3541 ne
427 3475 505 3558 quid
528 3475 669 3559 amplius
692 3497 734 3541 ex
763 3475 957 3559 nobisipsis
980 3475 1164 3541 audeamus.
1218 3488 1251 3541 et
1273 3485 1408 3560 argento
1430 3476 1541 3541 Deum
1563 3497 1729 3559 quaerere.
1774 3475 1841 3543 Sed
1864 3476 1929 3541 duo
1952 3499 2023 3542 esse
2047 3477 2194 3543 membra

193 3564 287 3629 Aliae
310 3564 397 3628 enim
417 3562 488 3627 viae
511 3567 570 3627 aut
592 3562 744 3639 rationes,
771 3561 1044 3646 quemadmodum
1063 3561 1165 3625 simu·
1218 3561 1327 3626 lioebit
1356 3561 1508 3645 colligere
1537 3583 1577 3627 ex
1608 3573 1773 3628 contextu.
1825 3561 1863 3628 Si
1890 3576 2041 3646 pergeret
2074 3563 2109 3628 in
2137 3566 2195 3630 ob-

193 3650 280 3714 11111
302 3655 335 3712 11
357 3648 527 3730 imagines,
550 3669 609 3713 nos
631 3648 672 3713 ad
691 3648 871 3714 vanitatem
894 3658 929 3713 et
949 3646 1164 3723 mendatium,
1218 3646 1388 3731 iurgandis
1408 3649 1569 3732 gentibus,
1591 3659 1690 3714 testes
1706 3670 1770 3712 non
1788 3649 1868 3713 alios
1883 3648 2078 3730 produoeret
2093 3669 2193 3731 quam

194 3755 260 3799 non
290 3734 331 3798 ad
354 3734 524 3799 veritatem
554 3734 739 3817 instituent,
768 3734 851 3800 siout
880 3733 1044 3815 praeolare
1072 3731 1166 3798 donet
1218 3734 1342 3798 eoelum
1365 3746 1399 3797 et
1421 3745 1552 3800 terram.
1587 3734 1654 3800 Sed
1677 3735 1753 3816 quia
1775 3732 1914 3798 Iudaeos
1936 3734 2114 3816 alloquitur
2135 3738 2193 3818 qui

194 3820 350 3886 Ieremias
372 3818 437 3902 (10,
461 3819 509 3902 8):
539 3818 690 3884 Eruditio
718 3821 909 3898 vanitatum,
939 3820 1076 3901 lignum.
1121 3818 1166 3882 Et
1218 3818 1422 3884 familiariter
1444 3841 1486 3885 ex
1505 3819 1577 3902 lege
1599 3821 1704 3885 edooti
1732 3827 1836 3896 erant,
1864 3820 1904 3883 ad
1934 3841 1988 3886 eos
2015 3839 2194 3903 coarguen-

192 3906 348 3971 Hsbeeue
381 3904 518 3990 (118),
558 3904 768 3970 Mendesium
808 3915 859 3971 est
890 3904 1053 3972 eonfiatile
1086 3903 1165 3969 eius.
1219 3904 1278 3970 dos
1311 3905 1497 3970 testimonia
1530 3906 1683 3971 distinete
1723 3906 1849 3988 profert
1881 3916 1950 3970 tam
1983 3927 2023 3970 ex
2058 3919 2194 3971 naturae

195 3990 290 4073 Quod
322 4001 430 4055 autem
460 3989 621 4056 Dominus
651 3990 817 4055 interdum
847 4012 918 4056 sese
950 3990 1046 4072 leoni,
1080 4009 1166 4068 urso,
1218 3988 1339 4067 ordine,
1362 4011 1459 4072 quam
1482 4012 1524 4055 ex
1545 4012 1623 4057 voee
1645 3991 1716 4072 ipsa
1738 3993 1815 4055 Dei:
1839 4010 1875 4056 ae
1898 3994 2040 4074 primum
2060 3991 2194 4073 quidem

196 4077 330 4150 bomini,
353 4087 411 4142 aut
431 4076 504 4140 aliis
525 4075 624 4142 rebus
641 4089 815 4158 comparat,
838 4077 920 4141 nihil
939 4075 979 4141 ad
998 4074 1166 4160 imagines,
1219 4075 1416 4160 generaliter
1438 4078 1566 4159 quaerit
1586 4098 1628 4142 an
1652 4076 1827 4160 ignorent?
1867 4076 1959 4141 Duos
1982 4088 2094 4160 postea
2122 4098 2193 4141 mo·

195 4177 231 4229 ut
253 4162 399 4246 papistae
421 4161 636 4226 arbitrantur:
669 4163 726 4227 sed
755 4163 796 4228 iis
818 4161 1087 4228 similitudinibus
1109 4171 1167 4225 aut
1219 4164 1277 4226 dos
1299 4161 1439 4243 subiioit,
1461 4161 1578 4245 quibus
1600 4183 1717 4228 verum
1737 4164 1844 4228 Deum
1863 4162 1989 4227 1111111
2008 4160 2193 4228 discernere

193 4249 381 4314 humanitas
407 4246 471 4312 Dei
500 4257 535 4312 et
563 4249 745 4327 elementia,
774 4257 831 4312 aut
859 4249 1018 4313 severitas
1047 4256 1081 4310 et
1108 4247 1166 4322 ire,
1219 4258 1416 4329 oportuerat.
1467 4249 1564 4312 Prior
1596 4260 1644 4313 est
1677 4271 1718 4314 ex
1746 4248 1838 4314 verbi
1872 4247 1997 4313 auditu.
2050 4248 2194 4330 Ideoque

194 4349 225 4401 st
262 4333 327 4399 alia
359 4333 516 4398 eiusmodi
553 4335 794 4416 exprimuntur.
850 4333 918 4399 Neo
951 4333 1039 4398 enim
1073 4332 1167 4397 aliter
1221 4333 1340 4398 diserte
1368 4334 1538 4417 exprimit:
1572 4338 1624 4398 An
1648 4356 1711 4399 non
1735 4336 1827 4402 vobis
1855 4333 2084 4399 annuntiatum
2114 4337 2192 4398 est?

195 4420 286 4486 Deus
308 4440 378 4485 sese
400 4419 492 4484 nobis
520 4422 700 4501 patelaoere
721 4429 837 4502 potest,
866 4419 929 4484 nisi
951 4440 994 4483 ex
1015 4418 1166 4483 similitu·
1220 4440 1263 4484 an
1286 4440 1351 4483 non
1373 4420 1533 4485 audistis?
1572 4420 1737 4486 Posterior
1755 4433 1805 4486 111
1823 4443 1864 4485 ex
1888 4420 2107 4502 pulcherrimo
2130 4418 2194 4487 hoo

195 4507 272 4571 dine
305 4525 415 4570 rerum
449 4525 529 4586 quas
569 4506 730 4571 novimus.
779 4505 821 4570 In
855 4524 1000 4581 summa,
1033 4503 1061 4567 11
1094 4502 1166 4569 Deo
1221 4504 1356 4583 theatro,
1379 4506 1435 4570 ubi
1457 4526 1588 4571 sursum
1611 4517 1644 4570 et
1662 4507 1811 4571 deorsum
1830 4505 1974 4589 refulget
1995 4505 2057 4569 Dei
2079 4505 2193 4589 gloria

194 4590 406 4658 simulaorum
429 4591 554 4673 erigere
582 4601 638 4655 aut
667 4601 811 4657 statuere
840 4591 961 4666 liceret,
992 4588 1053 4654 hoa
1080 4610 1165 4654 eom·
1221 4589 1259 4655 Si
1288 4589 1329 4655 ad
1358 4601 1487 4656 exteros
1512 4601 1546 4654 et
1575 4591 1729 4673 profanos
1756 4592 1903 4656 homines
1932 4593 2046 4656 1111111
2074 4611 2193 4672 sermo,

194 4699 294 4746 mune
315 4674 449 4741 haberet
477 4697 552 4741 eum
582 4676 644 4741 diis
672 4678 829 4761 gentium,
857 4697 918 4741 neo
945 4684 1032 4740 stare
1058 4685 1167 4758 posset
1220 4682 1394 4742 eontentus
1414 4677 1474 4741 hae
1491 4676 1633 4743 seeundo
1651 4676 1927 4742 demonstratione
1947 4677 2075 4741 fuisset:
2097 4677 2195 4743 sieuti

194 4764 274 4830 haee
296 4762 473 4846 prophetae
496 4762 670 4826 sententia.
1220 4762 1319 4844 etiam
1348 4782 1367 4825 a
1396 4762 1502 4826 Paulo
1536 4763 1658 4827 laetum
1688 4763 1846 4827 videmus.
1899 4762 1982 4827 Nam
2014 4763 2090 4844 quia
2118 4783 2194 4827 oum

282 4849 322 4913 19
341 4847 443 4912 1120.
466 4843 632 4932 (Artifex.)
665 4847 752 4929 Quia
769 4869 892 4933 magna
912 4846 963 4912 vis
980 4856 1030 4910 est
1048 4845 1167 4929 publioi
1220 4847 1457 4931 Lystrensibus
1479 4849 1646 4932 negotium
1665 4859 1745 4927 erat,
1768 4848 1809 4913 ad
1826 4869 1908 4931 quos
1927 4848 2016 4912 nulla
2034 4868 2194 4931 pervene-

196 4954 381 5011 oonsensus,
411 4943 444 4998 et
465 4931 622 5014 quidquid
643 4934 845 4999 multitudini
873 4933 980 5016 plaeet
1007 4952 1066 5015 pro
1095 4931 1167 5016 lege
1220 4941 1273 4998 rat
1302 4934 1420 4997 notitia
1448 4933 1597 5001 eoelestis
1626 4933 1800 5011 doetrinae,
1831 4935 2034 4999 naturalibus
2065 4944 2193 4999 tantum

196 5020 342 5085 dueitur:
375 5028 490 5084 eontra
522 5018 610 5085 hune
643 5040 787 5084 errorem
814 5019 927 5086 fideles
957 5018 1064 5083 munit
1094 5039 1166 5100 pro·
1221 5019 1424 5100 argumentis
1448 5018 1568 5083 utitur:
1592 5020 1669 5099 quia
1691 5018 1783 5084 Deus
1806 5018 1888 5085 dans
1906 5020 2035 5101 pluvias
2053 5029 2087 5084 et
2109 5030 2194 5084 tem·

195 5105 304 5190 pheta.
348 5106 411 5172 Est
439 5104 541 5189 igitur
563 5105 730 5187 ooeupatio
759 5106 793 5169 in
824 5104 875 5170 his
897 5104 1018 5183 verbis,
1047 5124 1090 5168 ne
1112 5104 1167 5168 Iu·
1221 5124 1282 5187 pus
1304 5125 1464 5182 serenum,
1488 5125 1523 5169 se
1546 5103 1728 5189 ἀμάρτυρον
1749 5106 1879 5169 minime
1898 5106 2074 5187 reliquerit.
2112 5106 2194 5171 Pro·

196 5191 294 5256 daeos
327 5195 465 5268 terreat,
506 5190 593 5275 quod
634 5199 747 5273 gentes
785 5190 935 5256 sertatim
968 5189 1077 5254 studia
1109 5211 1168 5255 sua
1220 5190 1320 5273 pheta
1342 5199 1450 5255 autem
1474 5189 1561 5271 apud
1583 5190 1722 5257 Iudaeos
1740 5190 1780 5256 de
1799 5211 1877 5256 vera
1896 5191 2016 5272 pietate
2032 5191 2196 5259 disserens

195 5277 364 5344 eonferant
385 5277 481 5343 idolis
508 5276 679 5362 fingendis,
709 5277 786 5359 quia
807 5277 869 5343 hoe
892 5274 987 5340 modo
1010 5274 1066 5340 alii
1088 5274 1168 5341 alios
1222 5276 1326 5360 legem
1342 5278 1492 5342 omittere
1504 5275 1638 5341 minime
1654 5275 1776 5355 debuit,
1792 5296 1875 5361 quae
1890 5275 1940 5344 bis
1955 5278 2196 5345 inexousabiles
