4784 5970
190 351 252 417 aar
1071 349 1120 414 ιιι
1146 347 1312 416 aaran
1713 306 1718 319 ’
2123 340 2186 407 aaa

190 541 288 621 daeis,
309 539 338 605 si
360 541 406 603 ita
428 557 547 619 aequos
569 552 601 600 et
629 537 778 601 innoxios
800 558 836 602 se
857 548 1032 620 praestent,
1062 548 1159 620 atque
1210 535 1298 602 aliud
1321 546 1371 603 est
1393 557 1488 620 quam
1511 557 1624 603 eornm
1651 535 1791 603 miseras
1820 533 2058 607 condolescere,
2088 542 2184 615 atque

189 627 375 693 abstineant
397 623 436 687 ab
455 622 544 686 omni
565 621 694 701 iniuria,
719 633 755 685 ut
777 623 851 687 inde
870 635 1025 706 appareat
1046 643 1158 687 eornm
1210 623 1256 688 sic
1279 622 1365 688 affici
1394 643 1506 687 eornm
1535 624 1679 704 penuria,
1713 644 1750 688 ac
1782 620 1811 687 si
1841 640 1913 686 eam
1945 618 2010 702 ipsi
2043 619 2183 685 sasbac-

189 713 292 797 pietas
315 721 347 774 et
369 709 491 790 religio.
537 705 629 771 Idem
659 708 746 771 enim
774 709 968 790 pronuntiat
995 710 1081 791 quod
1110 707 1158 772 di·
1210 729 1330 773 remus.
1375 706 1479 773 Sicuti
1507 729 1636 773 rursum
1666 706 1807 772 restricti
1832 726 1946 771 omnes
1975 704 2101 787 sibique
2131 703 2184 768 ad·

188 798 274 863 citur
292 795 331 859 ab
350 795 461 858 Hosea
479 804 511 856 et
530 795 689 875 repetitur
706 814 725 856 a
740 792 882 868 Christo,
901 793 1158 859 Misericordiam
1212 793 1288 858 dicti
1311 793 1415 859 ferree
1439 805 1472 858 ει
1500 792 1648 859 obserato
1676 791 1771 859 corda
1801 813 1873 857 esse
1901 791 2065 866 dicuntur,
2094 789 2182 855 clan-

188 881 356 948 saerificiis
379 876 625 963 praeferendam
649 899 719 942 esse
741 877 836 963 (Hos.
859 881 889 957 6,
912 881 945 959 6;
969 879 1048 944 Mat.
1071 879 1101 956 9,
1120 878 1160 943 13
1212 879 1288 942 dere
1314 901 1373 944 sua
1394 879 1520 944 viscera
1548 893 1580 943 et
1609 879 1779 961 prohibere
1807 877 1953 943 affectus.
2000 874 2106 956 Quod
2130 875 2183 939 alii

188 977 222 1032 et
245 967 294 1043 12,
319 965 362 1051 7).
407 965 585 1045 Postquam
617 985 694 1047 ergo
724 962 763 1028 de
791 965 936 1031 caritatis
965 965 1079 1030 officiis
1113 964 1159 1029 lo·
1212 975 1362 1029 vertunt:
1396 964 1434 1030 si
1458 963 1632 1047 protuleris
1653 966 1796 1028 animam
1819 972 1920 1039 tuam,
1942 959 2100 1046 frigidum
2124 972 2181 1026 eet.

188 1063 309 1137 quntns
331 1060 390 1128 est,
419 1059 516 1132 atque
543 1060 680 1114 testatus
708 1051 790 1114 bene
811 1049 960 1115 futurum
983 1051 1022 1114 iis
1044 1051 1098 1134 qui
1122 1071 1160 1114 ea
1212 1048 1371 1132 Sequitur
1398 1051 1517 1114 iterum
1549 1048 1661 1114 eadem
1697 1049 1876 1131 promissio,
1909 1052 1944 1112 et
1975 1048 2036 1112 snb
2069 1045 2180 1111 εειίειιι

188 1148 366 1210 servarent,
409 1135 554 1200 subiicit:
599 1135 691 1198 Tunc
719 1134 893 1213 invocabis,
936 1145 969 1201 et
997 1136 1160 1200 Dominus
1212 1137 1317 1218 figura
1341 1135 1390 1200 vel
1420 1136 1642 1200 similitudine.
1688 1135 1772 1199 Nam
1808 1155 1865 1217 per
1896 1133 2037 1199 maras
2069 1131 2182 1198 edver-

189 1221 340 1289 exandiet
362 1230 403 1285 te.
448 1220 539 1284 Haec
561 1221 647 1284 enim
678 1221 850 1303 praecipua
878 1233 1029 1303 estpars
1059 1221 1159 1286 felici·
1212 1241 1295 1299 sum,
1327 1241 1385 1303 per
1410 1221 1506 1287 lacem
1535 1240 1726 1302 prosperum
1749 1230 1871 1285 statum
1899 1218 2063 1302 designat:
2094 1217 2182 1283 acsi

188 1312 266 1374 tatis
300 1317 439 1384 nostrae,
473 1309 501 1370 si
535 1304 747 1369 exaudiamur
769 1327 789 1369 a
810 1306 898 1371 Deo:
931 1320 1044 1371 eontra
1077 1306 1159 1371 nihil
1211 1305 1331 1389 populo
1354 1307 1490 1371 diceret:
1518 1307 1649 1371 Efficiet
1671 1305 1834 1371 Dominus
1856 1313 1892 1369 ut
1919 1314 2049 1369 cessem
2070 1322 2183 1367 omnes

189 1395 282 1459 nobis
305 1392 467 1457 infelicius
490 1411 560 1455 esse
578 1401 685 1472 posset
700 1412 798 1474 quam
813 1393 841 1456 si
861 1392 1036 1457 adversum
1051 1393 1158 1474 ipsum
1212 1393 1361 1456 miseriae
1383 1393 1500 1475 quibus
1523 1411 1612 1456 nunc
1632 1412 1806 1473 oppressus
1827 1391 1922 1465 iaces,
1951 1411 1989 1455 ae
2010 1389 2184 1470 repentina

189 1480 377 1545 habeamus.
421 1476 580 1542 Concedit
609 1488 717 1541 antem
745 1478 893 1559 precibus
922 1477 1043 1543 nostris
1072 1476 1157 1560 quod
1211 1477 1349 1543 felicitas
1371 1479 1547 1542 exoriatur.
1581 1477 1713 1542 Nullam
1736 1497 1814 1560 ergo
1834 1496 1964 1541 caumm
1982 1495 2054 1540 esse
2075 1486 2183 1539 oeten·

188 1565 275 1630 ultro
298 1572 331 1629 ει
356 1563 498 1647 gratuito
527 1562 674 1645 largitur,
702 1570 739 1626 ut
766 1563 865 1627 fidem
895 1575 1038 1628 nostram
1069 1585 1159 1628 exer·
1212 1563 1259 1626 dit
1281 1584 1340 1629 cur
1368 1565 1576 1646 expostulent
1608 1583 1683 1628 cnm
1705 1563 1787 1638 Deo,
1820 1561 1906 1645 qnod
1939 1572 2006 1625 tam
2040 1563 2186 1643 graviter

188 1663 269 1716 ceat.
321 1648 406 1713 Nam
438 1648 466 1711 si
495 1648 651 1713 beneficia
679 1668 738 1712 sua
768 1647 1002 1714 dormientibus
1031 1669 1159 1731 semper
1211 1649 1408 1733 affligantur.
1463 1650 1679 1732 Emergerent
1712 1649 1798 1712 enim
1834 1646 2000 1729 protinus,
2032 1658 2065 1711 et
2098 1646 2185 1713 felici

189 1738 361 1820 ingereret,
391 1734 523 1797 omnino
557 1733 698 1817 frigeret,
731 1735 797 1796 imo
831 1742 972 1800 cessaret
1004 1734 1158 1816 precandi
1211 1744 1297 1798 etatn
1330 1735 1533 1809 fruerentur,
1572 1737 1599 1799 si
1633 1755 1709 1798 vere
1749 1734 1894 1800 solerent
1926 1734 2051 1811 Deum,
2091 1732 2184 1815 eique

188 1819 343 1896 studium,
372 1835 469 1901 atque
498 1819 545 1882 ita
573 1816 749 1882 liberalitas
776 1819 838 1884 Dei
866 1819 1044 1884 fomentum
1075 1829 1159 1884 esset
1211 1820 1388 1884 obedirent.

189 1905 363 1972 socordiae.
406 1904 481 1968 Etsi
503 1914 610 1967 autem
631 1925 689 1969 nos
706 1906 875 1987 praevenit
893 1926 983 1969 mera
1004 1925 1064 1970 sua
1084 1926 1158 1989 gra·
1298 1907 1346 1968 11.
1373 1904 1432 1990 (Ει
1452 1904 1599 1990 deducet.)
1645 1906 1738 1970 Nune
1765 1903 1885 1969 clarius
1913 1902 2070 1987 exprimit
2099 1902 2183 1987 quod

189 1993 244 2069 tia,
269 1990 338 2056 vult
368 2000 477 2054 tamen
505 1989 706 2054 intercedere
731 2011 842 2071 preces
868 1989 1002 2055 medias.
1048 1992 1159 2072 Atque
1211 1991 1354 2056 breviter
1381 2002 1414 2056 et
1443 1992 1580 2074 figurate
1604 1991 1740 2066 dixerat,
1764 1988 1872 2054 Deam
1896 1988 2046 2054 videlicet
2067 1987 2183 2055 ducem

188 2077 260 2143 ideo
292 2076 470 2159 subiungit,
509 2074 680 2154 clamabis,
718 2087 752 2138 ει
784 2075 878 2153 dicet,
917 2077 1002 2141 Ecce
1034 2075 1159 2141 adsum.
1211 2078 1372 2141 futurum:
1403 2079 1447 2140 ita
1467 2086 1504 2140 nt
1528 2076 1609 2140 nihil
1636 2077 1698 2160 ipsi
1721 2075 1761 2140 ad
1785 2075 1915 2157 plenam
1947 2074 2109 2140 bonmmn
2139 2075 2185 2139 af-

187 2163 280 2228 Haee
303 2162 390 2225 enim
413 2160 583 2242 promissio
606 2160 704 2224 simnl
732 2161 994 2226 exhortationem
1016 2162 1161 2226 continet
1211 2163 1380 2226 fluentiam
1410 2162 1502 2227 desit.
1552 2161 1724 2229 Deducere
1752 2162 1840 2226 enim
1871 2160 1990 2227 dicitnr
2016 2181 2122 2243 quum
2149 2180 2185 2225 re

188 2271 231 2314 ne
258 2249 420 2312 iaceamus
449 2246 552 2312 otiosi.
607 2244 702 2326 Quod
736 2268 771 2311 se
804 2248 912 2313 casse
941 2246 1028 2328 dicit,
1058 2247 1160 2311 oculis
1211 2249 1282 2328 ipsa
1303 2250 1462 2312 sentimus
1480 2248 1587 2329 ipsum
1606 2246 1699 2312 nobis
1721 2246 1857 2330 praeire,
1880 2267 1918 2311 ac
1934 2246 1963 2311 si
1981 2257 2057 2310 ante
2074 2245 2185 2311 oculos

189 2331 321 2416 quidem
347 2333 466 2396 nostris
494 2353 559 2395 non
589 2340 739 2414 apparet:
769 2332 825 2396 sed
854 2353 889 2397 re
917 2332 988 2415 ipsa
1016 2331 1161 2398 declarat
1211 2333 1353 2417 positum
1382 2332 1581 2398 haberemus.
1634 2333 1797 2414 Adiungit
1828 2330 1891 2397 hoo
1920 2351 1985 2397 non
2015 2331 2087 2397 fore
2118 2353 2185 2395 mo·

190 2441 225 2485 se
252 2419 344 2484 nobis
372 2418 591 2501 propinquum
622 2438 660 2483 ae
688 2418 862 2500 propitium
892 2438 973 2482 esse.
1025 2417 1065 2480 Iu
1095 2418 1160 2482 fine
1213 2430 1432 2498 mentanenm,
1461 2419 1538 2501 quia
1560 2415 1652 2483 Dens
1674 2419 1707 2483 in
1730 2416 1837 2483 medio
1867 2417 1984 2482 iuuere
2013 2437 2184 2499 nunqnam

190 2526 304 2570 versus
326 2503 444 2568 iterum
474 2503 591 2584 repetit
612 2501 752 2579 Iudaeis,
781 2504 810 2567 si
837 2503 1030 2586 resipiscant
1051 2502 1160 2566 Deum
1212 2525 1290 2569 suos
1319 2502 1448 2583 deserit,
1481 2503 1537 2569 sed
1569 2503 1765 2585 infatigabili
1796 2512 1907 2568 tenore
1937 2502 2185 2568 beneficentiam

189 2591 258 2657 fore
290 2588 490 2672 placabilem.
543 2588 592 2653 Ac
620 2589 724 2652 onata
756 2587 887 2670 quidem
913 2588 1045 2654 nomine
1074 2609 1160 2654 com·
1212 2611 1291 2673 erga
1313 2610 1367 2655 eos
1388 2610 1479 2654 suam
1501 2589 1684 2655 continuat:
1714 2589 1851 2671 ideoque
1877 2589 2039 2671 promittit
2066 2589 2184 2653 saturi·

189 2675 363 2759 prehendit
383 2695 495 2738 omnes
517 2673 682 2738 molestias
699 2694 783 2756 qnae
800 2675 998 2757 pauperibus
1016 2674 1161 2739 iuferuu·
1213 2685 1312 2740 tatem
1336 2676 1371 2739 in
1394 2695 1521 2740 summa
1547 2674 1673 2757 inopia:
1703 2677 1778 2758 quia
1806 2694 1976 2756 nunquam
2006 2672 2101 2738 deest
2131 2675 2185 2738 bc·

189 2772 258 2827 tnr:
280 2781 317 2826 ao
334 2760 361 2824 si
381 2757 511 2837 diceret,
535 2757 573 2824 Si
592 2757 727 2824 desieris
745 2759 901 2825 molestus
918 2781 988 2825 esse
1006 2758 1161 2824 fratribus
1213 2782 1328 2826 norum
1357 2763 1501 2825 omnium
1531 2761 1623 2843 copia
1651 2760 1723 2825 Deo
1756 2780 1822 2843 qna
1853 2760 2026 2824 subveniat
2051 2779 2185 2825 sucrum

188 2849 265 2927 tuis,
287 2857 382 2928 atque
405 2846 444 2910 ab
467 2846 556 2909 omni
574 2847 606 2909 vi
628 2857 661 2909 et
683 2844 797 2909 frande
811 2846 983 2921 abstineas,
999 2844 1161 2910 Dominus
1213 2845 1367 2930 egestati:
1397 2856 1431 2910 ει
1464 2846 1566 2928 pluris
1589 2856 1637 2911 est
1670 2848 1740 2911 eius
1771 2844 1960 2923 benedictio,
1994 2864 2094 2928 quam
2123 2845 2185 2909 lar·

189 2941 403 3016 prosequetur
430 2936 463 2994 te
493 2930 582 2993 omni
611 2951 730 3013 genere
761 2929 1003 2996 benedictionis.
1054 2930 1162 3013 thtti
1213 2932 1366 3015 gissimac
1388 2932 1487 2997 totius
1509 2932 1587 2995 anni
1610 2931 1749 3014 pluviae.
1793 2930 1909 3013 Neque
1931 2940 2041 2995 tamen
2063 2929 2185 2995 laetum

190 3038 320 3100 qnoque
353 3016 482 3080 emissio
515 3035 611 3096 qnam
645 3015 830 3097 subiungit,
870 3016 1016 3081 continet
1048 3037 1161 3080 omnes
1213 3027 1246 3081 et
1269 3018 1401 3084 uberem
1430 3019 1560 3101 frugum
1590 3025 1791 3099 proventum,
1814 3016 1867 3081 vel
1894 3017 2055 3098 copiosam
2086 3037 2186 3080 anno·

191 3105 313 3186 species
341 3101 487 3164 iniuriae.
533 3098 684 3164 Dicimur
714 3101 800 3164 enim
831 3101 980 3166 emittere
1009 3099 1160 3184 digitum,
1213 3124 1289 3167 nam
1312 3104 1473 3186 promittit
1495 3102 1654 3181 fidelibus,
1684 3103 1741 3167 sed
1762 3103 1869 3167 Deum
1891 3102 1958 3167 illis
1979 3101 2049 3166 fore
2079 3102 2184 3166 nutri·

191 3208 291 3271 quum
310 3185 473 3249 minamur
490 3185 655 3268 proximis,
675 3196 731 3250 aut
748 3185 922 3250 crudeliter
938 3188 1026 3268 ipsos
1044 3196 1161 3251 tracta·
1213 3190 1303 3264 tium,
1326 3188 1478 3270 quamvis
1499 3210 1517 3252 e
1539 3199 1627 3252 terra
1647 3189 1801 3252 alimenta
1820 3207 1886 3252 non
1908 3195 2097 3270 suppetant.
2140 3187 2185 3251 Ilt

191 3295 274 3349 mus,
297 3270 516 3352 autaliquem
538 3270 924 3339 inferimusviolentiam.
963 3272 1005 3335 Ia
1021 3291 1161 3336 samone
1214 3275 1276 3339 hoc
1298 3273 1394 3338 modo
1418 3295 1437 3337 a
1460 3273 1522 3338 Dei
1550 3274 1671 3338 auxilio
1700 3273 1842 3358 pendere
1871 3273 1969 3352 iubet,
2002 3286 2103 3355 atque
2131 3293 2185 3337 eos

190 3380 295 3437 vano,
335 3357 430 3421 tertia
466 3369 515 3421 est
551 3356 676 3439 species
715 3356 869 3435 iniuriae,
910 3378 975 3437 qua
1008 3378 1162 3424 nocemus
1214 3380 1285 3424 esse
1310 3370 1488 3436 contentos,
1518 3359 1593 3425 licet
1622 3380 1686 3424 non
1716 3380 1849 3443 prorsus
1878 3360 2041 3424 immunes
2069 3358 2186 3423 sinte

190 3444 351 3528 proximo,
375 3442 453 3506 dnm
476 3444 594 3507 astutis
613 3451 646 3506 et
664 3441 832 3508 fallacibus
854 3444 972 3522 verbis,
995 3453 1052 3507 ant
1073 3442 1163 3507 blau·
1213 3444 1395 3510 sterilitatis
1417 3445 1629 3509 incommodo.
1674 3444 1749 3525 Quo
1779 3465 1880 3509 senen
1910 3444 2007 3528 paulo
2036 3457 2111 3527 post
2136 3465 2185 3510 se·

191 3530 278 3594 ditiis
307 3530 413 3611 ipsum
442 3528 726 3594 circumvenimus.
782 3526 900 3594 Omnis
927 3530 1014 3592 enim
1042 3528 1161 3611 iniqui·
1214 3531 1324 3613 quitur
1347 3531 1473 3613 Eripiet
1495 3551 1569 3595 ossa
1591 3544 1655 3595 tua.
1701 3531 1814 3613 Neque
1839 3529 1926 3594 enim
1949 3529 2031 3596 bene
2051 3540 2088 3594 et
2114 3530 2185 3613 pin·

190 3628 241 3681 tas
264 3615 315 3680 vel
334 3613 459 3679 occulta
477 3614 604 3680 malitia
622 3625 655 3679 et
674 3612 788 3679 frande
809 3624 946 3694 constat,
969 3613 1021 3679 vel
1039 3614 1162 3679 iniusta
1214 3617 1323 3700 guiter
1344 3617 1506 3700 saginatos
1529 3617 1595 3681 fore
1618 3616 1705 3694 dicit,
1724 3616 1788 3681 sed
1811 3615 1858 3680 its
1879 3615 2070 3682 macilentos
2094 3630 2129 3680 ut
2150 3618 2184 3680 in

191 3699 357 3765 violentia.
1214 3703 1285 3784 ipsa
1306 3712 1379 3767 cute
1400 3723 1472 3767 ossa
1494 3703 1668 3767 emineant.
1712 3702 1816 3767 Vocat
1841 3701 1943 3784 igitur
1969 3722 2044 3767 ossa
2065 3721 2186 3767 vacuos

280 3785 329 3849 10.
352 3783 405 3870 (Si
426 3783 595 3869 effuderis.)
639 3785 751 3868 Pergit
773 3785 998 3851 commendare
1020 3786 1163 3852 caritatis
1215 3808 1292 3870 prae
1322 3788 1430 3851 inedia
1459 3788 1509 3851 vel
1539 3789 1634 3865 fame,
1668 3789 1817 3852 homines
1850 3786 1967 3869 quibus
1998 3785 2084 3852 nihil
2119 3787 2186 3851 lere

192 3869 307 3934 officia.
364 3869 454 3933 Haec
486 3869 571 3932 enim
606 3881 654 3933 est
692 3891 820 3935 summa
858 3871 956 3936 totius
993 3873 1162 3948 concionis,
1214 3886 1342 3954 praeter
1363 3873 1487 3937 aridam
1510 3885 1616 3938 cutem
1639 3885 1671 3937 et
1692 3894 1766 3938 ossa
1787 3884 1943 3955 superest.
1982 3871 2033 3938 Ao
2054 3872 2186 3937 Indaeis

194 3957 316 4019 frustra
339 3955 484 4019 homines
507 3955 611 4019 colere
633 3954 750 4032 Deum,
774 3957 802 4020 si
824 3955 959 4038 frigidas
981 3966 1107 4021 tantum
1131 3968 1163 4020 et
1214 3980 1287 4022 cum
1318 3959 1454 4040 penuria
1483 3980 1591 4023 rerum
1622 3959 1767 4023 omnium
1801 3971 1834 4022 et
1864 3958 1966 4024 macie
1994 3958 2185 4024 luctandum

193 4040 298 4105 nudas
321 4040 540 4106 caeremonias
561 4039 591 4103 ei
610 4041 764 4104 offerant:
789 4062 892 4122 neque
914 4042 1003 4108 hunc
1020 4063 1090 4107 esse
1112 4043 1162 4107 vel
1215 4044 1283 4108 fore
1312 4045 1482 4126 significat,
1513 4044 1616 4108 donec
1641 4066 1660 4107 a
1688 4044 1760 4110 Dec
1788 4045 2011 4109 restituantur.
2059 4043 2186 4109 Eodem

194 4137 321 4191 rectum
344 4137 376 4188 ct
398 4125 537 4189 solidum
560 4124 623 4189 Dei
646 4126 779 4202 cultum,
802 4127 856 4208 qni
874 4148 984 4192 severe
1006 4128 1163 4210 praecipit
1214 4131 1377 4210 pertinent
1398 4129 1628 4195 similitudines
1651 4151 1731 4210 quas
1758 4130 1936 4212 subiungit,
1963 4128 2049 4194 ltorls'
2068 4130 2187 4213 irrigui

194 4223 293 4293 atque
327 4210 431 4292 exigit
465 4222 499 4275 ut
532 4211 617 4276 iuste
640 4218 673 4275 ct
702 4212 892 4276 innocenter
921 4213 1068 4278 vivamus
1090 4234 1161 4277 cnm
1215 4229 1247 4279 ct
1269 4215 1478 4295 scaturiginis
1501 4234 1668 4296 aquarum.
1713 4214 1782 4280 Nec
1804 4215 1892 4279 enim
1914 4213 2104 4280 satisfacere
2125 4214 2187 4279 sibi

194 4297 362 4380 proximis,
386 4316 508 4376 nosque
531 4305 563 4359 et
585 4317 716 4378 operam
746 4307 889 4361 nostram
918 4297 1056 4362 libenter
1084 4299 1162 4380 ipsis
1214 4309 1322 4380 potest
1344 4300 1446 4363 lsaias
1474 4301 1508 4363 in
1539 4300 1751 4382 exprimenda
1778 4300 1991 4366 beneficentia
2011 4299 2095 4365 Dei:
2124 4321 2189 4383 qna

194 4382 391 4465 impendere,
423 4392 635 4463 prompteque
666 4392 698 4445 ει
729 4381 878 4447 alacriter
904 4383 945 4446 iis
974 4404 1163 4448 succurrere
1215 4404 1310 4448 veros
1330 4405 1407 4448 snos
1428 4385 1568 4450 cultores
1587 4387 1749 4470 dignatur,
1772 4407 1813 4451 ne
1828 4384 1903 4450 alibi
1923 4386 2071 4451 homines
2089 4406 2187 4469 qnam

194 4469 301 4551 parati
324 4471 434 4541 simus,
463 4467 587 4548 quoties
610 4488 738 4532 necesse
761 4480 818 4532 est.
863 4467 972 4549 Atque
994 4466 1092 4532 huius
1114 4470 1162 4532 cf·
1214 4471 1248 4534 in
1270 4491 1305 4534 ee
1327 4469 1407 4550 ipsis
1429 4482 1586 4553 quaerant
1601 4472 1783 4537 sterilitatis
1801 4492 1926 4536 causas.
1969 4468 2110 4538 Summa
2126 4483 2188 4550 est,

193 4555 261 4620 ficii
284 4553 442 4617 notandae
465 4564 541 4616 sunt
563 4551 647 4618 dnae
671 4563 788 4634 partes,
817 4574 897 4634 quas
926 4553 1076 4617 distincte
1106 4576 1162 4618 ex·
1214 4555 1338 4619 fontem
1354 4556 1461 4637 ipsum
1478 4556 1707 4623 beneficentiae
1723 4557 1787 4621 Dei
1802 4577 1971 4640 nunquam
1986 4576 2189 4641 exarescere,

194 4641 312 4722 pressit
335 4638 499 4719 propheta.
544 4637 628 4701 Nam
651 4639 756 4719 priore
779 4637 848 4702 loco
877 4638 1084 4703 commendat
1107 4661 1163 4703 no·
1215 4641 1294 4722 quin
1316 4661 1445 4722 semper
1467 4642 1556 4718 fluat,
1579 4643 1641 4706 uisi
1667 4644 1753 4707 viam
1772 4643 1834 4724 ipsi
1853 4652 1964 4707 nostra
1980 4642 2077 4725 culpa
2093 4664 2189 4728 prae·

195 4723 245 4789 bis
275 4725 428 4789 affectum
462 4722 701 4787 misericordiae
735 4737 766 4787 ει
799 4723 1027 4788 humanitatis:
1062 4724 1163 4789 altero
1217 4725 1385 4790 cludimus.

196 4818 305 4874 autem
341 4812 378 4872 ad
409 4830 491 4890 opus
520 4809 623 4890 ipsum
655 4822 686 4872 et
714 4808 863 4873 effectum
890 4810 1047 4874 hortatur.
1096 4811 1164 4875 Noc
1304 4811 1353 4874 12.
1390 4807 1447 4897 (Et
1479 4813 1591 4896 erum.)
1647 4814 1711 4877 Per
1743 4813 1864 4879 deceta
1896 4813 2051 4896 intelligit
2084 4814 2190 4880 Isaias

197 4898 284 4959 enim
318 4895 396 4960 satis
427 4904 510 4959 esset
540 4894 702 4959 beneficiis
731 4898 881 4978 prosequi
910 4893 1068 4971 homines,
1101 4896 1162 4960 nisi
1217 4898 1411 4962 horrendam
1432 4899 1626 4971 vastitatem,
1646 4920 1727 4980 quae
1745 4899 1906 4964 acciderat
1923 4900 2061 4973 Iudaeis,
2085 4921 2190 4983 quum

196 5003 356 5064 propensa
378 5001 455 5063 arga
477 4982 564 5061 ipsos
587 4993 619 5043 et
642 4979 782 5064 benigna
801 4981 898 5044 fuerit
922 4981 1082 5045 voluntas.
1128 4981 1163 5047 Si
1217 4986 1248 5047 in
1273 4983 1422 5045 exsilium
1446 4982 1575 5048 abducti
1604 4999 1690 5048 sunt.
1735 4986 1837 5049 Terra
1866 4987 1952 5048 enim
1984 4986 2117 5050 redacta
2138 4998 2191 5051 est

197 5065 391 5131 distribuero
413 5087 524 5129 omnes
548 5065 715 5129 facultates
739 5086 827 5129 meas
856 5067 890 5128 in
921 5087 1078 5148 pauperes
1100 5064 1164 5150 (in·
1216 5070 1249 5132 in
1273 5067 1490 5145 solitudinem,
1514 5071 1591 5134 urbs
1614 5070 1733 5145 diruta,
1762 5072 1908 5135 excisum
1933 5070 2101 5151 templum,
2132 5093 2190 5152 po-

197 5153 268 5234 quit
296 5152 420 5216 Paulus
451 5152 493 5230 [1.
518 5150 592 5216 (lor.
618 5150 666 5228 13,
689 5151 736 5232 3])
765 5152 933 5214 caritatem
961 5162 1069 5215 autem
1100 5174 1164 5216 non
1217 5153 1314 5236 pulus
1336 5154 1370 5216 in
1392 5155 1583 5218 servitutem
1615 5155 1763 5220 redactus
1786 5166 1820 5218 et
1846 5156 2000 5221 disiectus
2023 5167 2082 5223 est.
2126 5157 2192 5223 Dc-

197 5235 349 5312 habnero,
370 5235 450 5300 nihil
472 5258 555 5302 snm.
600 5237 778 5302 Effundere
805 5257 881 5319 ergo
911 5238 1052 5300 animam
1083 5239 1163 5302 nihil
1216 5244 1299 5305 serta
1316 5260 1413 5322 porro
1431 5241 1547 5305 acectdi
1566 5257 1666 5315 vectu,
1686 5241 1771 5323 qnod
1788 5242 1944 5324 templum
1963 5261 2028 5306 non
2044 5244 2192 5326 potuerit
