4784 5970
190 269 253 332 643
1002 268 1388 338 PRAEIAEGPIONBS
2157 263 2218 329 644

190 457 231 522 de
253 458 349 524 rebus
363 460 458 524 notis.
495 458 539 523 Et
555 459 648 524 tollite
664 460 791 543 eipnum
807 479 903 542 super
920 460 1045 526 mutum
1062 472 1164 528 nram.
1218 467 1251 524 et
1274 457 1434 524 habitanti
1459 459 1492 522 in
1521 459 1592 539 ctio,
1616 466 1650 524 et
1678 456 1813 523 delitiis:
1847 477 1889 522 an
1922 474 2011 521 vero
2048 452 2218 604 intelliget

190 543 266 608 Non
290 543 423 609 dubium
446 550 497 609 est
524 546 601 626 quin
633 545 721 610 locus
750 544 807 611 ille
835 546 882 612 sic
905 555 1038 611 vocatus
1066 545 1166 611 luerit
1217 543 1360 627 quietem
1383 543 1424 609 ad
1448 554 1577 627 tempus
1599 562 1785 609 concessam
1807 543 1906 608 luisse
1929 539 2079 625 populo.
2115 537 2164 604 Vi
2187 563 2218 606 e·

189 631 341 711 quoniam
365 630 489 696 multae
512 630 579 695 illie
602 641 695 696 erant
717 631 862 696 consitae
884 632 976 696 vites.
1015 630 1067 695 Ad
1090 652 1184 695 ver··
1218 636 1275 695 tur
1297 628 1426 713 quidem
1448 629 1577 695 nullum
1599 651 1670 695 esse
1697 629 1871 695 discrimen
1900 629 1998 693 inter
2023 624 2117 691 duas
2140 628 2218 692 istas

191 715 267 779 bum
291 716 454 799 significat
477 717 608 781 domum
631 718 757 782 vincae.
801 717 864 782 Est
893 716 1024 800 quidem
1046 736 1165 782 nomen
1218 716 1447 799 expositiones,
1469 724 1520 781 est
1542 725 1650 780 tamen
1673 712 1821 798 aliquod:
1852 734 1930 779 nam
1961 712 1997 778 si
2031 711 2217 795 accipimus

189 803 368 883 proprium,
403 803 460 867 sed
495 802 637 868 tenenda
669 814 719 867 εει
747 803 951 887 etymologia,
1000 800 1165 883 Quoniam
1218 802 1355 866 verbum
1386 815 1477 870 'tum
1507 820 1568 884 pro
1596 800 1802 883 comparavi,
1841 797 2142 882 quemadmodum
2171 798 2217 863 la·

190 898 298 951 autem
322 887 405 952 vites
427 888 534 952 solent
556 889 683 953 conseri
706 890 739 952 in
769 888 917 966 collibus,
946 885 1019 952 ideo
1047 887 1165 970 proba·
1218 889 1310 952 ciunt
1331 888 1535 970 interpretes,
1557 886 1691 969 perinde
1714 899 1766 952 εει
1783 906 1821 951 ac
1837 886 1866 951 si
1884 883 2017 951 diceret
2036 883 2215 967 propheta,

190 971 255 1036 bile
277 983 327 1037 εει
351 972 456 1038 locum
480 973 573 1037 illum
597 974 697 1038 luisse
718 994 796 1056 prae
823 975 896 1039 aliis
924 973 1104 1039 excelsum:
1133 984 1166 1037 et
1219 973 1331 1037 videor
1369 975 1403 1037 in
1446 983 1535 1037 statu
1573 970 1794 1055 lerosolymae
1836 991 1972 1037 cernere
2024 972 2216 1054 imaginem

190 1057 267 1122 inde
290 1060 395 1141 potuit
423 1060 552 1141 signum
576 1059 647 1123 dari
672 1060 796 1126 vicinis.
840 1059 920 1126 Ideo
943 1059 1030 1136 dicit,
1056 1060 1167 1125 Tollite
1219 1057 1346 1141 puellae
1370 1066 1501 1124 tenerae
1523 1068 1556 1141 et
1586 1057 1705 1123 mollis:
1736 1057 1783 1121 ita
1812 1056 1957 1140 loquitur
1981 1056 2162 1122 Ieremias
2184 1058 2216 1121 in

190 1156 301 1211 numu.
347 1145 473 1209 Nomen
498 1145 559 1210 hoc
585 1145 757 1210 deducitur
783 1165 803 1209 a
833 1145 932 1211 verbo
963 1156 1048 1228 rtur,
1078 1144 1164 1227 quod
1218 1165 1278 1209 sua
1300 1165 1447 1225 persona.
1492 1142 1559 1210 Sed
1581 1154 1686 1227 potest
1709 1143 1771 1208 hoc
1791 1143 1926 1209 verbum
1949 1143 2066 1207 etiam
2089 1143 2217 1225 optima

190 1232 288 1295 etiam
310 1230 364 1294 hic
386 1232 525 1312 ponitur.
567 1228 632 1295 Sed
656 1231 787 1313 quidam
805 1231 1001 1314 interpretes
1022 1238 1166 1305 vertunt,
1219 1230 1251 1294 in
1275 1228 1384 1294 Deum
1407 1239 1599 1313 competere,
1627 1228 1713 1312 quod
1735 1228 1859 1296 scilieet
1886 1226 2086 1292 reddiderit
2108 1227 2216 1292 filiam

192 1318 311 1399 ignem,
335 1326 394 1380 ent
416 1333 547 1399 pyram:
578 1315 633 1380 alii
655 1316 823 1394 vexillum,
846 1317 902 1380 alii
925 1317 1053 1382 turrim.
1099 1315 1165 1396 Qui
1220 1313 1300 1381 Sion
1323 1314 1533 1398 tranquillam
1562 1315 1603 1380 ad
1627 1327 1763 1397 tempus,
1792 1325 1827 1380 et
1848 1312 1976 1378 dederit
2011 1313 2068 1378 illi
2098 1334 2215 1398 pacem

191 1404 309 1466 turrim
330 1402 384 1466 vel
409 1421 516 1465 arcem
541 1402 753 1481 transferunt,
782 1413 896 1467 carent
924 1404 1011 1467 omni
1034 1403 1166 1467 ratione.
1218 1401 1259 1464 ab
1288 1401 1443 1481 hostibus,
1473 1403 1519 1465 ita
1549 1410 1586 1466 ut
1614 1403 1649 1466 in
1680 1400 1800 1467 delitiis
1828 1414 1948 1485 ageret.
1999 1397 2216 1482 Quanquam

190 1487 306 1570 Neque
321 1488 406 1550 enim
424 1497 578 1570 poterant
593 1488 699 1552 subito
714 1487 820 1551 attolli
836 1507 944 1553 arces:
967 1488 1034 1569 sed,
1058 1508 1166 1571 quem·
1219 1485 1375 1552 differunt
1396 1487 1431 1551 hi
1454 1487 1518 1552 duo
1540 1508 1665 1563 sensus,
1689 1498 1796 1551 tamen
1819 1487 1855 1550 in
1877 1485 2011 1567 reipsa
2032 1506 2106 1551 non
2133 1486 2217 1551 mul·

189 1573 363 1638 admodum
383 1573 448 1636 iem
465 1573 543 1651 dixi,
566 1573 730 1654 probabile
752 1584 811 1652 est,
834 1573 909 1638 inde
932 1574 1031 1640 luisse
1053 1574 1165 1638 datum
1218 1582 1290 1637 tum
1319 1581 1369 1638 εει
1397 1574 1563 1638 momenti.
1607 1572 1722 1655 Neque
1750 1573 1839 1636 enim
1869 1570 2013 1635 dubium
2048 1582 2106 1635 εει
2139 1572 2217 1655 quin

190 1659 321 1741 signum
355 1659 479 1736 vicinis,
514 1659 607 1739 quasi
640 1681 682 1722 ex
714 1659 854 1742 specula,
887 1660 1013 1741 quoties
1043 1658 1166 1742 aliquid
1218 1657 1377 1741 propheta
1407 1658 1460 1725 hic
1487 1658 1664 1741 exprobret
1690 1655 1822 1723 Iudaeis
1851 1658 1990 1721 nimium
2028 1665 2219 1740 torporem,

189 1745 406 1809 metuebatur.
452 1745 524 1825 Ego
546 1744 646 1827 igitur
668 1745 808 1810 libenter
830 1746 951 1827 accipio
981 1766 1039 1828 pro
1061 1746 1166 1829 signo.
1219 1743 1371 1826 quoniam
1401 1744 1493 1811 abusi
1522 1747 1652 1809 lucrant
1681 1742 1916 1825 tranquillitate
1945 1739 2016 1808 sibi
2052 1742 2219 1809 divinitus

189 1831 276 1894 Nam
293 1829 405 1893 vexilli
428 1828 560 1893 nomine
584 1831 680 1894 nimis
699 1841 784 1895 esset
804 1833 1007 1897 restrictum:
1032 1830 1073 1896 ad
1096 1851 1166 1893 ver·
1219 1849 1380 1894 concessa.
1425 1827 1578 1895 Ostendit
1600 1831 1700 1914 igitur
1722 1849 1778 1894 eos
1807 1828 1904 1893 nimis
1933 1846 2013 1893 esse
2047 1828 2219 1906 socordes

193 1916 269 1980 hum
293 1926 386 1987 esset,
410 1915 527 1978 Tollite
555 1916 779 1981 elevationem.
824 1918 913 2001 Ergo
936 1937 1057 1981 nomen
1079 1915 1165 1999 sigui
1220 1915 1275 1996 qui
1309 1924 1426 1998 putent
1454 1915 1538 1980 hanc
1570 1935 1660 1980 suam
1691 1914 1862 1979 mollitiem
1890 1913 1961 1978 lore
1998 1925 2220 1998 perpetuam,

191 2002 312 2082 optime
334 2002 517 2066 conveniet.
556 2001 710 2081 Quoniam
726 2001 856 2082 malum,
878 2004 994 2085 inquit,
1016 2002 1055 2067 ab
1078 2003 1167 2082 aqui-
1220 2003 1295 2082 quia
1331 2001 1517 2066 beneficium
1552 2007 1624 2066 erat
1656 2000 1736 2081 Dei,
1770 2012 1803 2065 et
1832 1998 1964 2082 quidem
2003 2000 2220 2084 temporale:

192 2087 259 2153 lone
280 2089 384 2151 almum
405 2092 456 2150 est.
502 2085 665 2170 Designat
689 2086 848 2171 propheta
871 2089 956 2154 unde
978 2088 1166 2171 apparitura
1220 2086 1297 2151 dicit
1320 2088 1420 2170 igitur
1442 2086 1580 2152 Iudaeos
1607 2088 1707 2152 fuisse
1730 2085 1770 2150 ad
1793 2085 1883 2150 illam
1906 2105 2023 2168 usque
2058 2087 2154 2152 diem
2178 2089 2220 2152 si-

192 2174 236 2237 sit
269 2173 367 2255 paulo
402 2181 474 2254 post
507 2171 632 2248 clades,
668 2194 785 2255 nempe
818 2195 838 2238 a
866 2173 1058 2250 Chaldaeis,
1090 2173 1166 2254 quia
1221 2171 1314 2237 miles
1341 2173 1467 2253 puellae
1497 2183 1636 2237 tenerae.
1688 2170 1799 2253 Quum
1829 2172 1914 2236 enim
1947 2181 2098 2237 vastata
2134 2187 2223 2239 esset

193 2257 285 2322 Deus
313 2258 385 2321 illos
415 2257 637 2323 destinaverat
665 2271 820 2341 tanquam
843 2259 1017 2341 ministros,
1052 2267 1085 2322 et
1113 2279 1168 2322 ex·
1220 2259 1311 2340 regio
1333 2258 1443 2322 decem
1466 2259 1620 2335 tribuum,
1651 2269 1683 2322 et
1711 2278 1811 2339 quum
1841 2258 1874 2321 in
1902 2256 2078 2323 exsilium
2109 2272 2223 2325 essent

192 2357 382 2426 sequuturae
400 2364 477 2409 suae
493 2342 665 2422 vindictae,
682 2356 719 2408 ut
733 2343 906 2426 perderent
920 2344 1167 2427 lerosolymam,
1220 2362 1333 2408 omues
1366 2344 1513 2422 abducti,
1547 2364 1685 2426 regnum
1720 2340 1869 2408 Iehudah
1902 2342 2078 2408 manebat
2113 2345 2224 2410 adhuc

193 2440 226 2494 ει
249 2440 352 2493 totum
377 2449 495 2493 nomen
518 2428 676 2493 Iehudah.
720 2430 880 2496 Videmus
902 2451 980 2514 ergo
1005 2428 1084 2512 quid
1106 2429 1167 2494 eibi
1219 2426 1359 2494 salvum.
1404 2429 1554 2494 Fuerant
1576 2428 1704 2511 quidem
1728 2428 1856 2510 spoliati
1877 2429 1917 2492 ab
1946 2427 2133 2496 hostibus:
2166 2430 2223 2495 sed

193 2515 355 2598 propheta
376 2515 466 2580 velit.
512 2513 651 2579 Deridet
673 2515 819 2594 Iudaeos,
850 2517 907 2599 qui
936 2517 1169 2598 obtorpuerant
1221 2515 1461 2596 comparatione
1483 2516 1620 2580 lratrum
1643 2516 1741 2578 nimie
1759 2514 1935 2578 clementer
1958 2513 2114 2580 fuerant
2137 2527 2224 2581 trac·

193 2601 228 2664 in
251 2602 320 2666 suis
342 2601 440 2677 vitiis,
468 2621 565 2682 quum
588 2601 648 2666 sibi
672 2603 901 2684 promitterent
929 2601 1167 2686 impunitatem,
1222 2601 1293 2665 tati.
1337 2599 1430 2666 Haec
1452 2601 1553 2685 igitur
1575 2601 1659 2665 ratio
1688 2610 1739 2665 eet
1766 2620 1825 2665 cur
1853 2600 1942 2664 dicat
1971 2599 2118 2667 similes
2151 2622 2223 2668 esse

194 2700 226 2751 et
248 2688 372 2769 pridem
397 2687 600 2768 sprevissent
623 2687 733 2752 omnia
754 2685 818 2752 Dei
840 2688 968 2754 iudicia.
1000 2687 1097 2753 Nunc
1119 2687 1168 2750 in·
1221 2685 1312 2750 molli
1348 2695 1380 2750 et
1417 2691 1549 2753 tenerae
1585 2685 1721 2769 puellae.
1774 2683 1841 2751 Sed
1880 2694 1996 2768 postea
2050 2687 2223 2771 adiungit,

194 2775 276 2856 quit,
300 2772 540 2855 Corrprepamiul
561 2774 694 2837 emedio
712 2772 906 2840 Ierusalem:
927 2777 1020 2857 quasi
1039 2772 1169 2849 diceret,
1229 2770 1357 2837 Venient
1378 2778 1531 2854 paemes,
1558 2772 1675 2853 inquit,
1705 2771 1767 2836 hoc
1795 2780 1853 2848 est,
1881 2791 1948 2834 non
1982 2773 2167 2857 estquod
2189 2794 2224 2838 se

193 2880 259 2923 non
289 2860 358 2922 lore
392 2867 481 2922 tutos
513 2859 548 2920 in
582 2858 670 2935 urbe,
705 2859 768 2923 nisi
801 2868 973 2925 occurrant
1005 2858 1168 2924 hostibus:
1222 2857 1386 2940 decipiant
1408 2857 1530 2936 Iudaei,
1553 2859 1581 2922 si
1605 2858 1762 2923 hactenus
1783 2855 1849 2922 illis
1871 2858 2025 2939 pepercit
2053 2860 2169 2939 Deus,
2191 2872 2224 2922 et

197 2941 340 3025 Glaupite
361 2943 433 3006 tuba
454 2943 489 3006 in
515 2942 660 3007 Thelme:
682 2943 799 3010 deinde
821 2945 940 3010 tollant
956 2946 1055 3009 etiam
1076 2945 1170 3027 signa
1222 2944 1250 3008 si
1273 2945 1471 3025 compescuit
1492 2946 1632 3025 impetus
1658 2942 1810 3007 hostium.
1856 2941 1951 3006 Nunc
1972 2943 2071 3008 enim
2095 2947 2225 3011 venunt

194 3028 320 3092 incolae
338 3027 627 3107 Beth-haeherem,
650 3028 711 3093 hoc
730 3040 789 3107 εει,
812 3029 927 3095 domus
945 3031 1071 3109 vineae,
1093 3031 1171 3110 quia
1216 3033 1371 3110 parares.
1427 3029 1641 3111 Prosequitur
1672 3048 1773 3107 ,suam
1813 3026 2065 3110 metaphoram.
2130 3032 2223 3096 Dicit

195 3113 313 3177 malum
339 3111 425 3175 vohis
458 3112 597 3175 imminet
630 3118 657 3175 et
686 3134 803 3196 mapua
834 3115 979 3196 afflictio:
1012 3115 1120 3178 unde?
1151 3136 1171 3177 a
1223 3123 1367 3195 pastores
1389 3126 1544 3179 venturos
1567 3134 1641 3178 cum
1663 3114 1731 3179 suis
1751 3113 1911 3197 gregibus,
1934 3112 2000 3179 hoc
2021 3127 2094 3194 est,
2118 3116 2222 3181 duces

197 3197 386 3263 Chaldaeis:
403 3217 465 3278 quc
482 3196 606 3260 scilicet
624 3198 813 3262 vaticinium
829 3200 903 3280 plus
920 3199 1067 3263 obtineat
1084 3198 1171 3281 apud
1224 3199 1426 3263 exercituum
1459 3219 1530 3264 cum
1564 3200 1633 3264 suis
1665 3200 1774 3282 copiis.
1831 3196 1896 3264 Sed
1929 3198 1997 3263 iam
2039 3199 2222 3284 admonui,

196 3286 283 3366 ipsos
298 3283 383 3360 fidei,
403 3282 480 3345 dum
498 3282 606 3347 hostes
621 3283 714 3364 quasi
729 3281 830 3366 digito
846 3292 1017 3350 monstrat.
1051 3285 1171 3351 Postea
1223 3283 1413 3365 prophetam
1433 3284 1486 3349 hic
1507 3285 1667 3367 respicere
1690 3285 1730 3348 ad
1751 3284 1865 3350 urbem
1887 3284 1976 3348 unde
1994 3295 2112 3353 natus
2137 3302 2222 3365 erat,

196 3371 350 3453 sequitur,
1223 3377 1257 3433 et
1278 3368 1351 3435 ideo
1373 3369 1458 3452 loqui
1480 3371 1649 3453 pastoritio
1672 3391 1771 3435 more.
1824 3369 1953 3436 Venient
1974 3370 2092 3453 igitur
2109 3380 2223 3456 paeto

1222 3474 1273 3520 ree
1293 3474 1363 3519 mm
1381 3455 1526 3540 prepibue
1546 3455 1625 3536 cuir,
1648 3455 1742 3538 figent
1761 3454 1959 3521 tabernacula
1979 3475 2065 3540 atta,
2090 3464 2122 3525 et
2138 3480 2221 3543 ,pca-

283 3541 313 3603 2.
357 3540 484 3621 Quietae
517 3540 585 3625 (elii
612 3549 745 3606 vertunt
773 3542 969 3625 spesiosam:
1002 3542 1059 3608 sed
1088 3542 1171 3608 alter
1223 3545 1289 3609 cent
1320 3543 1450 3623 quisque
1472 3542 1515 3606 ad
1535 3542 1634 3608 locum
1662 3562 1765 3607 suum.
1810 3539 1986 3624 Significat
2018 3548 2140 3611 totam
2172 3547 2222 3612 di-

197 3648 310 3693 seusus
340 3626 455 3690 melias
485 3625 640 3707 quadrat:
670 3628 797 3708 quietae
825 3625 940 3712 igitur)
968 3632 996 3692 et
1022 3628 1172 3695 delicatae
1223 3629 1346 3692 tionem
1368 3627 1588 3712 ierosolymae
1617 3629 1684 3693 fore
1706 3628 1752 3691 ita
1774 3628 1955 3710 expositam
1979 3625 2162 3711 hostibus,
2186 3642 2223 3697 nt

196 3712 330 3778 amdam
352 3712 413 3793 feci
432 3711 537 3790 filiam
560 3710 645 3777 Sion.
1223 3713 1370 3797 deligant
1391 3712 1450 3778 sihi
1473 3714 1574 3779 libere
1596 3714 1734 3796 quisque
1756 3719 1891 3795 partem,
1916 3710 1969 3776 vel
1988 3725 2132 3782 certam
2153 3719 2223 3801 pla·

282 3799 312 3862 3.
347 3797 450 3879 Super
471 3817 540 3862 eum
561 3799 681 3861 venient
703 3802 855 3879 pastum,
884 3803 913 3863 et
930 3819 1038 3883 preces
1054 3819 1170 3882 eorum,
1224 3819 1307 3884 gam.
1352 3799 1415 3864 Ubi
1449 3801 1536 3864 enim
1566 3814 1614 3862 eat
1642 3799 1759 3881 aliquis
1791 3809 1907 3875 metus,
1941 3803 2027 3865 tunc
2063 3814 2222 3885 pastores

194 3883 288 3967 figent
309 3884 460 3948 adversus
481 3903 550 3947 eam
571 3883 771 3947 tabernacula
792 3903 852 3949 sua
874 3885 909 3948 in
929 3885 1079 3950 circada:
1094 3906 1170 3966 paa-
1223 3883 1423 3950 contrahunt
1451 3905 1567 3968 greges
1596 3905 1683 3963 suos,
1712 3894 1748 3948 ut
1774 3883 1829 3948 alii
1858 3883 1930 3947 aliis
1960 3884 2034 3948 sint
2070 3892 2221 3955 auxilio:

197 3974 261 4036 aeut
281 3969 332 4032 cir
353 3969 396 4033 cd
423 3987 551 4032 manum
576 3987 667 4032 suam
689 3967 762 4051 (hoc
778 3979 836 4047 est,
855 3968 1048 4053 quiequead
1064 3970 1169 4036 locum
1223 3970 1280 4034 sed
1302 3969 1357 4034 ubi
1378 3971 1489 4034 omnia
1511 3970 1576 4035 illis
1598 3970 1707 4050 licent,
1730 3980 1809 4034 tunc
1830 3990 1900 4034 sese
1918 3967 2132 4056 dispergunt
2156 3975 2223 4042 huc

198 4053 321 4137 eoum).
1223 4068 1320 4136 atque
1347 4054 1434 4118 illuc.
1485 4054 1577 4119 Haec
1610 4076 1687 4140 ergo
1715 4054 1847 4121 libertas
1876 4055 2050 4138 significat
2083 4061 2220 4127 nullum

1224 4140 1292 4203 fore
1313 4139 1412 4203 robur
1433 4138 1571 4216 Iudaeis,
1602 4151 1636 4204 et
1658 4140 1765 4205 nullas
1787 4143 1961 4224 suppetias,
1990 4143 2086 4222 quin
2118 4147 2219 4212 undi-

283 4221 447 4304 Quoniam
480 4223 570 4289 locus
601 4222 689 4287 unde
719 4222 877 4288 oriundus
906 4234 976 4289 erat
1001 4226 1169 4308 propheta,
1224 4244 1286 4306 que
1308 4225 1422 4289 urhem
1445 4225 1547 4306 ipsam
1570 4226 1773 4292 circumdent
1791 4237 1887 4310 atque
1903 4225 2089 4294 obsideant
2108 4245 2220 4316 pasto·

198 4322 270 4376 erat
292 4310 472 4391 pecuarius,
496 4310 570 4373 ideo
593 4329 633 4372 ex
657 4308 844 4390 primaeua
872 4309 1064 4376 educatione
1094 4313 1170 4375 reti·
1224 4329 1292 4374 res:
1316 4310 1448 4391 quicque
1468 4311 1510 4375 ad
1532 4313 1632 4376 locum
1652 4331 1755 4392 auum,
1777 4311 1892 4394 inquit.
1937 4308 2124 4399 Sequitur,

198 4397 272 4461 nuit
301 4394 420 4458 multae
449 4393 602 4475 loquendi
636 4396 767 4458 lormas.
819 4392 934 4476 Neque
962 4398 1048 4460 enim
1079 4395 1170 4460 Deus

200 4482 290 4547 exuit
323 4480 413 4545 omni
446 4500 544 4544 sensu
577 4500 690 4543 servos
723 4501 814 4553 suos,
849 4500 948 4561 quum
981 4481 1172 4562 praeficeret
1309 4479 1339 4544 4.
1373 4478 1567 4547 Sanctificate
1594 4501 1688 4563 super
1709 4503 1778 4548 eum
1803 4481 1978 4564 proelium:
2011 4489 2155 4570 surpite,
2189 4494 2219 4553 et

200 4566 344 4633 docendo
368 4565 485 4647 populo
508 4585 574 4628 suo.
620 4565 786 4646 Propheta
812 4565 915 4649 igitur
943 4564 997 4630 hic
1026 4585 1066 4630 ex
1096 4587 1171 4631 con·
1223 4567 1427 4632 comedamus
1447 4566 1594 4632 meridie:
1620 4589 1677 4632 rae
1702 4569 1798 4647 nobis,
1826 4568 1903 4649 quia
1931 4567 2114 4638 acclinavit
2134 4575 2216 4655 dies,

200 4654 372 4719 suetudine
394 4653 518 4732 primae
540 4669 618 4714 suae
641 4651 758 4714 aetatis
780 4672 818 4717 ac
841 4650 997 4731 pueritiae
1016 4650 1170 4733 loquitur.
1223 4651 1299 4732 quia
1320 4656 1461 4716 :ammae
1481 4657 1555 4716 suut
1575 4652 1701 4717 umbrae
1721 4654 1918 4735 vespertinae.

199 4740 290 4805 Dicit
309 4738 411 4819 filiam
434 4736 512 4801 Sion
533 4755 598 4800 ease
614 4735 748 4801 similem
763 4735 890 4816 puellae
910 4736 1040 4817 quietae,
1064 4737 1115 4800 vel
1138 4741 1171 4802 in
1308 4736 1338 4800 5.
1368 4733 1503 4818 Surpite,
1533 4743 1561 4801 et
1589 4739 1795 4806 ascendamus
1815 4743 1912 4817 namu,
1939 4743 1968 4803 et
1989 4739 2214 4810 demoliantur

200 4826 267 4890 ctio
291 4838 323 4889 et
345 4823 463 4888 delitiis
497 4822 675 4886 habitanti:
704 4831 737 4885 et
765 4835 874 4886 temen
902 4822 970 4886 lore
999 4818 1170 4886 obnoxiam
1216 4822 1344 4901 palatia
1366 4823 1442 4886 eius.

200 4910 314 4975 multis
333 4909 524 4990 opprobriis,
547 4909 623 4988 quia
638 4907 758 4971 uenient
773 4912 916 4988 pastores
937 4911 964 4971 et
984 4906 1020 4968 in
1041 4906 1172 4971 circuitu

199 4997 293 5081 pigent
315 4995 523 5073 tabernacula,
555 5005 587 5057 et
609 5006 679 5057 tota
701 4994 791 5075 regio
813 4992 960 5074 exposite
991 4992 1052 5054 erit
1081 4995 1170 5072 quasi
1309 4992 1476 5074 Propheta
1497 4994 1549 5058 hic
1568 4996 1723 5077 relinquit
1750 4999 1886 5080 figuram
1910 5016 1975 5077 qua
1994 5018 2110 5081 nuper
2130 5025 2211 5068 usus

201 5084 237 5146 in
260 5082 424 5164 praedam.
469 5079 617 5144 Dubium
640 5088 750 5142 autem
773 5090 822 5142 est
844 5098 884 5140 an
905 5076 990 5140 dicat
1013 5078 1172 5157 propheta
1224 5082 1340 5144 fuerat.
1386 5079 1499 5161 Neque
1522 5082 1608 5143 onim
1632 5081 1683 5145 hie
1706 5085 1807 5149 verbe
1834 5084 1909 5146 facit
1932 5080 1971 5144 de
2003 5090 2209 5165 pastoribus,

202 5169 302 5233 filiam
326 5166 406 5232 Sion
430 5187 523 5248 posse
545 5165 685 5231 conferri
715 5163 841 5244 puellae
861 5174 992 5226 tenerae
1015 5171 1048 5224 et
1070 5163 1170 5241 molli,
1225 5166 1279 5228 sed
1311 5178 1420 5245 aperte
1452 5167 1561 5230 hostes
1591 5166 1751 5249 describit,
1787 5169 1842 5252 qui
1871 5167 2052 5233 advenient
2084 5194 2210 5258 magno
