4784 5970
139 340 202 404 613
868 336 918 402 IN
940 336 1189 402 leuamen.
1233 336 1332 402 OAP.
1357 331 1397 396 V.
2072 337 2136 403 614

141 549 201 592 nos
222 535 311 592 certa
333 526 403 590 vie:
425 525 577 607 quoniam
603 524 663 591 hoc
677 536 728 591 est
745 526 827 611 legis
841 526 993 605 officium,
1016 545 1110 590 revo·
1163 535 1260 606 atque
1282 523 1472 588 existimant
1495 522 1592 588 talem
1612 543 1683 588 esse
1701 543 1845 602 sensum,
1869 523 1955 605 qnod
1975 525 2135 608 propheta

142 634 215 679 care
238 634 296 677 noe
319 611 499 690 aberrare,
522 611 907 678 etdedueereadfinem
930 612 1111 693 nobispro·
1162 609 1294 675 Iudaeis
1333 609 1509 693 exprobret
1547 630 1613 674 non
1651 609 1774 675 frustra
1811 620 1858 675 tot
1895 610 2134 677 calamitatibus

141 699 298 782 positum:
321 696 393 761 ideo
415 697 468 761 lex
490 698 561 780 ipsa
582 707 718 763 vocatur
750 697 810 763 Via
832 698 973 763 latonae.
1011 699 1110 766 batia
1162 695 1265 760 faisse
1297 695 1388 779 prius
1421 694 1576 772 afflictos,
1616 696 1771 777 quoniam
1809 697 1975 780 graviores
2012 716 2135 780 poenes

141 794 260 861 autem,
293 781 560 864 quemadmodum
595 783 665 848 beri
695 783 817 850 dictum
848 785 917 861 fuit,
947 784 1112 867 significat
1163 782 1292 846 lucrant
1314 782 1492 865 promeriti.
1524 779 1590 846 Sed
1608 790 1716 864 potest
1733 782 1832 846 etiam
1851 780 1954 847 altera
1971 785 2135 849 senmntia

141 869 375 945 rectitudinem,
408 869 459 933 vel
494 868 651 953 regulam.
707 870 821 934 Priore
854 867 1000 933 membro
1033 869 1111 935 dicit
1163 866 1301 949 probari.
1346 865 1478 932 Scimus
1500 867 1588 931 enim
1611 873 1650 932 ut
1671 876 1858 949 permutent
1881 867 2025 935 Hebraei
2047 869 2135 936 inter

139 957 226 1021 aiam
249 954 397 1020 Iebovae:
426 954 527 1018 eltero
551 963 660 1019 eutem
690 955 845 1020 indicium
865 954 938 1021 Dei.
984 955 1027 1019 a:
1049 954 1111 1020 hoe
1163 973 1197 1018 se
1219 960 1366 1035 tempora
1388 953 1579 1018 verborum:
1613 961 1647 1018 ct
1669 953 1825 1018 libentius
1854 955 1959 1018 refero
1981 953 2023 1019 ad
2046 956 2133 1021 lutu-

140 1040 235 1105 modo
267 1040 411 1104 ostendit
440 1061 503 1104 non
530 1061 601 1105 sese
627 1040 840 1117 excusabiles,
867 1041 924 1122 qui
953 1039 1111 1106 obiiciunt
1161 1057 1236 1102 rum
1260 1046 1402 1119 tempus:
1437 1039 1513 1120 qaia
1541 1059 1605 1103 non
1630 1038 1762 1103 videtur
1792 1038 1845 1104 hia
1874 1039 2035 1121 propheta
2057 1062 2133 1106 nar·

140 1148 175 1191 se
197 1147 267 1191 asse
290 1127 423 1190 miseros
449 1125 575 1202 idiotes,
606 1133 638 1189 et
666 1126 749 1190 nihil
770 1146 973 1209 cognoscere.
1019 1126 1110 1191 Deus
1163 1144 1236 1188 rare
1257 1124 1335 1206 quid
1357 1123 1497 1189 antehac
1525 1125 1614 1206 passi
1643 1133 1761 1204 essent,
1796 1123 1854 1189 sed
1882 1145 1979 1205 quam
2008 1136 2134 1192 atroam

140 1214 225 1276 enim
261 1233 327 1276 non
360 1211 470 1275 minus
509 1211 601 1293 ipsis,
643 1231 739 1293 quam
779 1211 974 1278 doctissimis
1008 1212 1111 1277 voluit
1162 1230 1285 1290 poenae
1313 1209 1379 1274 illis
1408 1209 1610 1273 immineant.
1658 1208 1812 1275 Percutict
1840 1211 1940 1293 igitur
1968 1231 2023 1275 eos
2051 1212 2135 1279 teos

139 1297 309 1362 ostendere
341 1296 500 1379 quomodo
534 1296 711 1363 vivendum
743 1299 795 1362 sit.
851 1297 922 1361 Iam
950 1297 1109 1382 adiungit,
1161 1295 1257 1378 syba
1302 1294 1397 1375 Quod
1420 1294 1461 1360 ed
1484 1295 1584 1360 verba
1605 1303 1743 1378 spectet,
1774 1295 1917 1360 diximus
1939 1295 2054 1378 lupum
2076 1319 2133 1364 vo·

140 1383 201 1449 Ita
222 1384 265 1448 ad
285 1402 423 1466 mapnos
465 1383 529 1447 Per
551 1392 720 1465 magnetes
742 1382 895 1466 intelligit
917 1391 983 1447 tam
1007 1404 1111 1449 sacer·
1162 1383 1228 1445 cari
1259 1380 1492 1445 solitudinum:
1527 1381 1588 1447 hoc
1616 1391 1680 1462 est,
1714 1379 1926 1463 prodeuntem
1954 1382 2132 1450 edeserto.

140 1469 231 1534 dotes
264 1479 297 1532 et
335 1467 512 1550 prophetas
544 1488 641 1550 quam
675 1467 762 1551 regis
797 1469 1013 1546 consiliarios,
1045 1470 1110 1533 imo
1162 1465 1258 1546 Quod
1291 1466 1345 1531 alii
1378 1467 1602 1548 vespertinum
1640 1478 1828 1549 exponunt,
1868 1466 2037 1533 tolerabile
2074 1480 2133 1535 est.

141 1574 250 1638 regem
273 1554 391 1635 ipsam.
437 1553 498 1618 Ito
519 1554 619 1638 igitur
642 1554 685 1619 ud
704 1574 842 1637 mapnos,
865 1555 983 1636 inquit,
1011 1560 1038 1618 et
1066 1556 1109 1620 Io-
1161 1551 1291 1618 Scimas
1325 1551 1410 1616 enim
1429 1551 1516 1620 ,aliis
1549 1552 1627 1618 locis
1656 1551 1751 1635 lupos
1781 1553 1984 1635 vespertinos
2012 1556 2133 1633 vocari,

139 1660 222 1721 quar
244 1640 330 1720 apud
350 1660 409 1705 ecs.
445 1640 588 1704 Perinde
611 1649 659 1704 est
682 1659 719 1703 ac
740 1641 768 1704 si
786 1640 916 1717 diceret,
938 1641 1059 1722 ubique
1074 1662 1110 1706 se
1162 1639 1318 1720 quisunt
1346 1636 1497 1702 famelici.
1542 1637 1627 1704 Nam
1652 1636 1707 1702 ubi
1737 1637 1891 1720 praedam
1922 1641 2133 1719 quaesierunt

139 1726 275 1807 perdere
298 1746 437 1807 operam,
468 1725 544 1807 quia
567 1745 631 1789 non
656 1732 784 1790 tautum
807 1726 894 1810 apud
917 1726 1038 1809 vulgus
1059 1727 1109 1790 in·
1162 1734 1230 1788 toto
1252 1724 1314 1801 die,
1348 1734 1381 1788 et
1410 1723 1500 1788 nulla
1533 1724 1599 1790 illis
1627 1725 1777 1808 occurrit,
1809 1724 1939 1790 circiter
1961 1745 2133 1807 vesperam

139 1813 271 1876 doctum
304 1811 430 1899 surdis·
445 1810 595 1893 loquitur,
628 1810 685 1875 sed
719 1812 817 1876 etiam
847 1811 932 1894 apud
962 1832 1109 1894 proceres
1161 1819 1240 1874 sunt
1262 1812 1329 1875 fere
1352 1807 1488 1873 rabiosi:
1522 1810 1569 1874 ita
1590 1829 1647 1875 eos
1675 1811 1763 1893 cogit
1792 1811 1914 1874 esuries
1944 1831 2039 1874 ruere
2069 1809 2134 1878 huc

139 1897 235 1978 ipsos.
282 1897 359 1961 Dixi
386 1896 578 1978 prophetam
607 1917 673 1960 nou
700 1897 900 1963 consultasse
928 1896 1110 1963 haedere
1161 1904 1194 1959 et
1215 1895 1303 1961 illuc.
1347 1895 1462 1959 Posset
1494 1895 1598 1978 igitar
1631 1895 1712 1962 haec
1745 1895 1905 1978 expositio
1932 1897 2019 1961 ferri.
2066 1895 2133 1962 Sed

139 1993 295 2064 tanquam
320 1980 433 2047 dubia:
456 1980 512 2047 sed
532 1981 671 2046 voluisse
689 1982 834 2047 incutere
850 1981 1006 2064 pudorem
1030 1985 1109 2066 ipsis
1161 1981 1314 2063 quoniam
1346 1980 1438 2064 prius
1471 1979 1555 2044 dixit
1583 1981 1698 2047 kanna
1725 2002 1741 2047 e
1765 1981 1854 2064 spica
1881 1983 1994 2061 venire,
2028 1982 2134 2066 magis

139 2067 335 2151 proceribus.
369 2069 413 2132 Et
436 2069 638 2132 confirmatio
660 2077 710 2132 est
727 2069 904 2150 superioris
919 2070 1109 2153 sententiae,
1161 2065 1327 2149 probabile
1351 2076 1415 2142 est,
1446 2067 1561 2148 lupum
1590 2068 1689 2132 edam
1720 2066 1857 2132 describi
1882 2067 2068 2131 venientem
2091 2091 2134 2133 ex

140 2153 224 2235 quod
249 2153 370 2218 scilicet
394 2175 436 2218 ne
458 2174 542 2218 unus
563 2153 694 2235 quidem
722 2164 833 2235 posset
860 2155 995 2237 reperiri
1019 2154 1108 2220 Iero-
1161 2153 1299 2218 deserto.
1343 2153 1389 2217 Et
1410 2161 1569 2234 quantum
1591 2152 1633 2217 ad
1655 2173 1816 2217 summam
1840 2152 1888 2216 rei
1909 2162 2048 2234 spectat,
2077 2174 2133 2235 pa·

140 2239 284 2323 solymae
306 2240 435 2322 integer
456 2248 489 2302 et
510 2251 626 2306 rectus.
659 2238 732 2321 Ipsi
752 2240 842 2318 enim,
866 2241 982 2323 inquit,
1004 2261 1110 2324 cepna-
1161 2260 1234 2303 rum
1265 2239 1329 2303 erit
1356 2238 1563 2303 discriminis.
1608 2237 1709 2302 Ponit
1731 2237 1785 2303 hio
1808 2251 1874 2302 tres
1905 2237 2038 2315 belluas,
2069 2239 2133 2303 leo·

138 2329 235 2400 soant,
258 2335 318 2389 etc.
352 2325 486 2407 Repetit
500 2324 696 2389 affirmative
711 2324 823 2390 eadem
840 2324 949 2391 verba.
982 2327 1109 2392 Verum
1161 2345 1247 2403 nem,
1276 2333 1309 2389 et
1331 2323 1456 2406 lupum,
1479 2334 1511 2387 et
1532 2323 1682 2405 pardum.
1727 2324 1801 2388 Non
1825 2322 1956 2389 dubium
1981 2334 2031 2390 est
2052 2327 2132 2406 quin

139 2411 316 2474 tenendum
349 2430 478 2494 semper
510 2417 569 2493 est,
604 2411 796 2492 prophetam
830 2431 897 2476 non
930 2413 976 2476 ita
1009 2413 1108 2478 fuisse
1161 2410 1381 2492 metaphorice
1413 2429 1472 2490 per
1494 2408 1553 2474 bas
1576 2408 1699 2475 bestias
1727 2408 1891 2492 intelligat
1922 2408 2041 2489 hostes,
2076 2411 2133 2492 qui

136 2515 338 2575 persuasum,
369 2494 426 2561 sed
449 2496 538 2578 loqui
561 2495 601 2560 de
630 2518 665 2560 re
695 2496 862 2576 probabili.
908 2497 992 2578 Quis
1021 2498 1107 2563 enim
1160 2515 1281 2580 magna
1302 2495 1440 2561 saevitia
1462 2508 1556 2560 erant
1578 2495 1674 2578 paulo
1696 2505 1770 2578 post
1790 2495 1960 2578 irrupturi.
2005 2496 2131 2560 Verum

136 2586 216 2645 tanc
239 2589 386 2663 putasset
408 2582 441 2645 in
464 2583 548 2665 ipsis
567 2582 755 2662 proceribus
783 2590 911 2646 tantum
942 2604 1013 2648 esse
1039 2591 1108 2648 stu·
1161 2582 1290 2663 quidem
1314 2589 1377 2660 cst,
1406 2580 1545 2646 Iudaeos
1566 2593 1641 2645 ante
1664 2592 1803 2663 tempus,
1837 2601 1900 2662 quo
1922 2581 2133 2647 concionatus

137 2667 272 2747 parem?
316 2667 403 2731 Nam
424 2666 591 2748 pollebant
612 2686 730 2750 magne
759 2669 1000 2732 existimatione
1022 2669 1108 2751 apud
1161 2675 1211 2731 est
1230 2666 1395 2743 Ieremias,
1418 2666 1519 2732 faisse
1541 2666 1650 2731 multis
1672 2665 1819 2732 cladibus
1838 2666 1990 2731 afflictos.
2018 2666 2132 2748 Neque

137 2751 305 2833 populum.
350 2751 460 2832 Quum
495 2772 571 2835 ergo
601 2752 680 2817 haec
708 2752 817 2832 opinio
844 2754 1046 2831 invaluisset,
1075 2758 1108 2818 in
1161 2754 1248 2816 enim
1271 2750 1363 2817 Deus
1385 2773 1450 2816 uno
1472 2752 1524 2816 die
1547 2753 1685 2834 sumpsit
1707 2750 1747 2817 de
1769 2751 1835 2817 illis
1858 2751 2052 2817 vindictam:
2075 2752 2132 2818 sed

136 2837 209 2920 lege
231 2838 352 2918 optime
375 2859 445 2903 esse
466 2838 661 2903 exercitatos
681 2839 863 2920 quicunque
886 2844 965 2905 tunc
987 2840 1108 2921 prima·
1161 2838 1290 2921 saepius
1311 2837 1385 2903 illos
1408 2836 1593 2902 admonuit:
1623 2847 1656 2901 et
1676 2837 1704 2902 si
1725 2857 1789 2919 qua
1812 2838 1926 2903 luisset
1954 2859 2029 2921 spes
2052 2839 2132 2903 resi·

136 2928 207 2986 tum
231 2923 387 2988 tenebant
409 2924 442 2986 in
465 2924 600 3006 populo:
634 2921 704 2986 idco
738 2945 780 2987 ex
814 2926 978 2989 communi
1010 2946 1108 2991 sensu
1161 2924 1352 3005 placentiae,
1384 2930 1537 3005 poterant
1569 2921 1677 2988 adhue
1710 2942 1810 3005 qaam
1840 2933 1950 2989 essent
1978 2925 2012 2988 iu
2043 2933 2132 2989 statu

137 3008 283 3090 loquitur
318 3009 492 3088 Ieremias,
530 3020 563 3073 et
599 3009 678 3074 dicit
714 3014 812 3074 anae
847 3011 932 3075 amm
969 3011 1108 3077 Imcoae.
1160 3010 1312 3074 mediocri
1342 3009 1521 3074 incolumes
1548 3029 1689 3074 manere.
1734 3008 1801 3074 Sed
1825 3008 1954 3075 videtur
1975 3008 2133 3075 Ieremias

137 3094 255 3159 Postea
278 3094 436 3179 adiungit,
459 3096 529 3161 Irno
552 3097 641 3178 (nam
664 3106 707 3181 ‘pt
730 3094 783 3160 bic
798 3095 1003 3163 adversative
1021 3101 1107 3179 cepi·
1160 3095 1330 3160 vaticinari
1353 3094 1528 3160 defuturis
1550 3096 1675 3176 poenis:
1699 3094 1772 3159 ideo
1794 3094 1949 3180 intelligit
1971 3116 2038 3160 non
2061 3104 2133 3160 tan·

138 3191 202 3258 tur,
231 3181 325 3244 sicuti
349 3194 398 3245 est
419 3182 550 3262 propria
573 3180 670 3245 huius
692 3181 870 3261 particulae
899 3183 1106 3267 significatio,
1160 3190 1231 3246 tam
1254 3181 1408 3263 Assyrios
1430 3190 1462 3244 et
1484 3179 1675 3263 Aegyptios,
1705 3180 1763 3246 sed
1786 3180 1866 3246 alios
1889 3181 1988 3245 etiam
2011 3179 2132 3248 hostes.

136 3266 211 3341 imo,
228 3265 281 3329 vel
297 3265 400 3352 atqui)
417 3267 484 3346 ipsi
500 3267 623 3350 pariter
642 3267 802 3349 freperunt
819 3268 935 3352 iupum,
956 3274 1109 3352 ruperunt
1160 3268 1291 3334 Scimus
1309 3268 1395 3332 enim
1414 3266 1515 3332 luisse
1533 3286 1666 3332 exosum
1685 3266 1843 3350 populum
1864 3266 1958 3331 illum
1981 3267 2133 3333 omnibus

136 3351 280 3416 uinaria:
312 3350 373 3415 boc
402 3364 461 3430 est,
494 3354 522 3417 si
552 3353 625 3435 quis
654 3353 821 3418 existimet
854 3353 1004 3420 meliores
1036 3376 1107 3420 esse
1160 3355 1286 3430 vicinis,
1320 3363 1416 3434 atque
1445 3354 1544 3417 etiem
1567 3373 1587 3416 a
1607 3354 1757 3436 cognatis
1779 3352 1879 3418 luisse
1901 3373 2033 3433 passum
2057 3374 2132 3436 gra·

137 3435 242 3514 daces,
267 3457 363 3519 quam
387 3437 518 3522 vulgus,
540 3437 635 3522 longe
657 3438 791 3503 fallitur.
823 3439 895 3522 Ego
917 3440 1005 3505 enim
1028 3443 1108 3506 satis
1161 3440 1311 3505 vissimas
1343 3439 1490 3503 iniurias.
1542 3436 1652 3517 Quum
1683 3459 1761 3520 ergo
1793 3438 1841 3501 ita
1873 3437 1983 3519 plnres
2017 3450 2132 3520 gentes

138 3535 342 3603 perspectam
379 3522 482 3588 babeo
518 3523 657 3605 qualiter
693 3544 727 3588 se
760 3537 886 3606 gerant.
942 3525 1110 3607 Ruperunt
1160 3528 1296 3590 iniectae
1317 3533 1429 3589 essent
1449 3521 1589 3605 Indaeis,
1624 3543 1688 3586 non
1712 3525 1833 3587 miram
1856 3532 1915 3599 est,
1949 3522 2035 3603 quod
2057 3544 2132 3607 pro·

137 3629 214 3690 ergo
235 3629 297 3672 non
320 3610 427 3674 minus
456 3629 551 3691 quam
572 3609 740 3674 rudissimi
769 3611 882 3691 quique
904 3610 1012 3693 iupunt
1032 3610 1105 3676 Dei.
1159 3613 1259 3694 pheta
1281 3609 1334 3674 hic
1355 3619 1424 3672 tres
1445 3607 1628 3673 belluarum
1659 3610 1783 3690 species
1816 3620 2003 3673 enumeret:
2037 3610 2132 3690 quasi

137 3692 213 3772 Qua
231 3696 423 3776 repetitione
442 3697 547 3777 magis
564 3696 734 3759 confirmat
757 3716 868 3759 eoram
888 3694 1108 3774 detectionem,
1161 3698 1281 3761 diceret
1303 3692 1445 3776 undique
1468 3703 1621 3758 venturos
1645 3693 1769 3772 hostes,
1786 3694 1840 3775 qui
1863 3695 1969 3758 instar
1990 3694 2131 3772 leonum,

137 3788 171 3841 et
193 3778 290 3842 simul
314 3777 465 3843 admonet
488 3793 611 3862 quanta
632 3781 675 3844 sit
697 3779 777 3844 haee
800 3780 987 3864 indignitas,
1022 3780 1107 3863 quod
1160 3791 1194 3848 et
1215 3781 1376 3863 luporum,
1405 3789 1437 3842 et
1460 3779 1636 3861 pardorum
1663 3790 1838 3844 exerceant
1860 3800 1957 3844 suum
1986 3779 2132 3845 furorem

137 3863 325 3944 prophetae,
355 3864 538 3930 secerdotes
560 3877 593 3928 et
614 3864 746 3942 iudices,
777 3866 831 3948 qui
862 3866 1016 3931 tenebant
1047 3889 1107 3949 gu·
1161 3877 1275 3933 contre
1297 3885 1360 3940 coe,
1395 3866 1450 3946 qui
1481 3864 1584 3942 toties,
1617 3873 1651 3928 et·
1673 3873 1720 3929 tot
1742 3864 1857 3944 modis,
1891 3875 2012 3929 ettam
2035 3865 2132 3950 longo

138 3949 327 4028 bernacula,
361 3948 482 4014 luerint
514 3951 674 4015 effraenes
702 3951 736 4014 in
765 3953 834 4016 suis
864 3951 1107 4034 cupiditatibus.
1161 3963 1306 4035 tempore
1328 3960 1589 4032 provocaverant
1610 3951 1692 4016 iram
1709 3950 1782 4016 Dei.
1816 3950 1948 4015 Interea
1971 3951 2023 4017 hic
2038 3950 2132 4018 Deus

138 4033 303 4117 Sequitur,
1161 4038 1280 4105 refellit
1298 4056 1468 4119 perversas
1487 4037 1716 4119 querimonias,
1736 4056 1819 4119 quac
1833 4036 1981 4101 solebant
1994 4037 2132 4103 subinde

1161 4123 1255 4189 obiici
1273 4144 1292 4186 a
1307 4122 1467 4204 reprobis:
1488 4134 1521 4187 et
1536 4123 1680 4187 ostendit
1696 4144 1731 4188 se
1747 4125 1867 4187 iustum
1887 4142 1958 4187 esse
1976 4122 2130 4189 iudicem:

222 4208 251 4271 6.
289 4206 459 4287 Propterea
488 4207 643 4289 percussit
675 4227 728 4272 eas
754 4208 801 4273 teo
830 4229 846 4273 e
874 4208 979 4292 spina,
1013 4209 1109 4290 lupus
1161 4221 1298 4291 atquae
1326 4209 1428 4272 sumit
1458 4229 1633 4290 poenarum
1666 4206 1816 4290 exempla
1845 4206 1885 4271 de
1906 4208 2037 4273 Iudaeis
2066 4230 2131 4273 non

137 4292 344 4360 solitudinum
362 4292 431 4376 (alii
450 4313 508 4374 per
525 4306 625 4367 niatu
644 4293 832 4377 intelligunt
846 4315 1013 4376 vesperas,
1031 4296 1109 4376 quia
1161 4317 1254 4379 posse
1276 4293 1481 4377 reprehendi.
1525 4295 1571 4358 ut
1592 4294 1657 4359 huc
1679 4295 1820 4376 pertinet
1848 4294 2008 4375 particula
2032 4277 2100 4386 ΠΒ
2122 4342 2131 4359 .

138 4376 303 4441 deducunt
325 4379 365 4442 ab
387 4392 452 4454 Ἂν
474 4377 558 4461 quod
581 4378 743 4461 significat
761 4400 949 4460 vesperum:
972 4382 1019 4444 ite
1037 4400 1108 4444 ver·
1161 4381 1239 4447 Ideo
1268 4383 1332 4445 iam
1362 4379 1527 4463 adiungit,
1562 4378 1707 4446 Pardum
1739 4379 1883 4463 vigilatre,
1916 4385 1951 4444 ut
1978 4380 2133 4461 disoerpat

139 4475 222 4537 tunt,
256 4463 352 4545 lupus
375 4464 594 4549 vespertinus)
625 4465 759 4529 carmon
786 4485 853 4530 eos:
879 4468 1006 4547 pardus
1039 4464 1108 4550 (alii
1161 4469 1333 4550 quicunque
1362 4465 1478 4548 epressi
1504 4466 1624 4547 fuerint
1651 4485 1691 4530 ea
1713 4463 1851 4530 urbibus.
1896 4465 1970 4529 Non
1993 4466 2131 4530 dubium

140 4557 276 4612 vertunt
293 4548 501 4636 pantheram)
519 4551 654 4633 vipilaus
670 4571 766 4634 super
782 4550 874 4617 urbes
891 4571 1006 4631 eorum,
1024 4551 1109 4633 quis-
1161 4564 1211 4620 est
1232 4554 1310 4634 quin
1333 4550 1554 4633 metaphorice
1587 4552 1758 4634 significet,
1792 4550 1846 4615 ubi
1869 4551 1979 4615 hostes
2009 4561 2131 4615 terram

138 4634 211 4714 quis
241 4635 422 4717 curamur,
454 4636 606 4716 discerpet
637 4634 708 4719 (aut
740 4635 924 4722 lacerabit):
957 4638 1108 4718 quoniam
1160 4639 1399 4722 occupaverint,
1424 4635 1563 4702 Iudaeos
1585 4637 1727 4702 inclusos
1748 4637 1818 4701 fore
1840 4637 1873 4700 in
1896 4636 1964 4701 suis
1987 4636 2131 4714 urbibus,

150 4719 325 4801 rultiplues
353 4726 427 4785 suut
455 4723 635 4803 iniquitates
664 4742 782 4805 eorum,
815 4727 923 4788 auctae
954 4727 1028 4788 sunt
1056 4725 1108 4789 de·
1161 4746 1202 4788 ne
1225 4723 1367 4789 audeant
1399 4722 1529 4804 prodire
1559 4723 1601 4786 in·
1622 4733 1789 4806 apertum:
1822 4721 1978 4804 quoniam
2012 4723 2132 4804 ubique

199 4802 282 4871 ‘uas
302 4825 416 4871 aarum.
1161 4818 1274 4893 parata
1306 4816 1403 4874 erunt
1437 4807 1589 4889 pericula.
1634 4809 1676 4873 In
1699 4811 1764 4874 line
1786 4828 1903 4872 versus
1932 4809 2051 4872 iterum
2080 4829 2131 4871 re·

1161 4897 1256 4978 petit,
1291 4904 1323 4960 et
1356 4893 1460 4958 fusius
1493 4894 1698 4976 prosequitur
1730 4892 1809 4975 quid
1842 4892 2042 4957 intellexerit
2074 4913 2133 4974 per

224 4976 289 5042 Hic
312 4977 443 5043 tandem
473 4978 617 5045 ostendit
638 4979 730 5044 Deus
754 5000 789 5045 se
811 4978 945 5044 moduni
975 5000 1109 5044 servare
1161 4981 1351 5063 particulam
1373 4962 1471 5077 prbr,
1494 4979 1575 5044 ideo.
1620 4980 1711 5046 Dicit
1733 4980 1829 5057 enim,
1855 4979 2010 5059 Quoniam
2029 4978 2133 5042 multi-

152 5085 173 5125 n
197 5065 264 5128 suis
286 5062 424 5145 iudiciis,
454 5064 500 5128 ita
521 5073 559 5129 nt
580 5065 703 5130 frustra
724 5085 799 5128 enm
820 5065 947 5147 reprobi
970 5065 1107 5130 insimu·
1154 5067 1292 5148 plicatae
1319 5072 1393 5130 sunt
1421 5067 1600 5146 iniquaates
1630 5085 1737 5131 corum
1759 5069 1786 5128 et
1807 5069 1914 5129 auctae
1941 5069 2015 5130 suut
2036 5064 2133 5145 defee-

140 5147 209 5212 leut
231 5149 324 5213 nimii
348 5149 479 5233 rigoris,
509 5149 780 5232 quemadmodum
806 5150 871 5216 illis
893 5151 1026 5216 solenne
1050 5161 1107 5216 est.
1160 5153 1255 5217 tunes
1277 5172 1389 5217 eorum.
1421 5151 1485 5218 His
1503 5153 1610 5217 verbis
1630 5152 1751 5215 iterum
1771 5149 1915 5216 inculcat
1934 5149 2021 5233 quod
2039 5149 2131 5230 dixit,

141 5233 281 5312 Quidem
306 5244 441 5301 vertunt
462 5238 496 5301 in
521 5238 698 5318 praeterito
727 5249 874 5319 tempore
895 5237 976 5303 baec
998 5238 1108 5317 verbs,
1161 5258 1279 5320 nempe
1308 5236 1418 5303 Deum
1451 5258 1591 5320 aequum
1626 5256 1697 5303 esse
1729 5234 1884 5315 iudicem,
1917 5236 1973 5301 ubi
2003 5235 2132 5303 videtur

1875 5336 1927 5391 39·
