4784 5970
195 354 257 420 357
1062 356 1211 424 CAPUT
1233 355 1309 423 LX.
2112 355 2176 422 358

196 557 349 609 venturos
372 543 524 626 populos,
557 545 614 625 qui
637 546 670 607 in
692 564 809 628 corpus
831 565 932 609 unum
961 545 1160 611 coalescant:
1212 546 1343 627 saepius
1363 543 1515 623 diximus,
1534 543 1707 628 prophetas
1727 542 1877 609 habuisse
1894 544 2052 608 rationem
2066 543 2175 626 populi

196 631 264 696 Nec
286 651 363 694 vero
386 639 511 693 tantum
535 627 742 710 dispersionis
764 651 845 713 quae
874 631 983 695 futura
1011 639 1082 694 erat
1110 651 1161 693 re·
1212 650 1307 712 quem
1327 629 1498 695 docebant:
1521 630 1657 712 ideoque
1675 651 1727 694 res
1745 631 1888 703 usitatas,
1906 639 1940 693 ct
1957 638 2050 694 notas
2068 649 2175 692 caere-

196 715 339 781 medium
374 735 410 779 ac
443 715 539 778 finem
573 715 748 797 promittit,
789 717 873 781 sicut
911 715 988 781 alibi
1027 715 1159 781 dicitur:
1212 716 1338 780 mooias
1360 736 1644 793 commemorasse,
1674 725 1712 779 ut
1732 715 1792 780 sub
1814 734 1924 779 earum
1949 716 2061 798 liguris
2083 714 2177 798 spiri·

196 801 367 884 Dispersos
389 799 519 864 Israelis
541 801 760 883 congregabit,
782 800 838 865 sed
862 801 956 864 latins
974 800 1160 865 extenditur
1211 801 1332 865 tualem
1355 799 1418 865 Dei
1441 802 1563 865 cultum
1587 800 1805 882 designarent.
1849 799 1904 865 Illi
1925 801 2011 865 enim
2033 800 2175 882 primum

196 885 274 951 haec
304 886 456 950 collectio.
501 884 674 969 Significat
703 887 789 950 enim
819 886 999 951 mirabilem
1028 887 1095 950 fore
1126 888 1158 949 in
1211 886 1401 951 instituendi
1423 887 1570 950 fuerunt:
1593 885 1708 950 deiude
1730 896 1853 970 gentes,
1876 885 1915 949 ad
1938 906 2019 969 quas
2037 886 2176 950 istarum

197 971 318 1036 mundo
340 971 594 1050 conversionem,
616 972 662 1035 ita
684 973 796 1053 utqui
818 971 1158 1053 priusfuerautdissi·
1212 992 1320 1036 rerum
1342 973 1462 1037 veritas
1485 973 1640 1053 pervenit.
1685 971 1826 1035 Perinde
1848 991 1885 1035 ac
1906 971 1934 1036 si
1956 971 2085 1046 diceret,
2117 990 2175 1052 po·

196 1058 262 1139 pati
284 1069 318 1121 et
339 1057 495 1133 extranei,
518 1059 551 1119 in
575 1077 676 1120 unum
699 1076 814 1139 corpus
836 1057 1025 1123 coalescant.
1057 1056 1160 1120 Deni·
1212 1057 1305 1140 pulos
1332 1056 1427 1140 lenge
1456 1055 1588 1122 dissitos
1617 1077 1691 1122 cum
1720 1057 1788 1121 suis
1818 1057 1931 1137 opibus
1960 1065 2114 1121 venturos
2140 1055 2176 1118 in

197 1164 258 1225 que
282 1152 412 1206 notatur
433 1142 586 1207 ecclesiae
613 1144 800 1225 propagatio
828 1143 862 1206 in
893 1144 1025 1208 ultimos
1055 1154 1159 1207 terrae
1213 1144 1274 1207 Dei
1304 1151 1506 1224 potestatem.
1555 1142 1637 1206 Nam
1668 1142 1753 1224 quod
1784 1140 1950 1207 ecclesiam
1977 1141 2175 1223 locupletan-

196 1230 285 1292 fines.
331 1229 452 1291 Subest
472 1229 570 1291 otiam
593 1229 692 1292 tacita
714 1228 894 1310 antithesis,
918 1249 983 1310 qua
1004 1229 1158 1292 miserum
1212 1227 1284 1292 dam
1309 1227 1479 1311 praedicit,
1509 1228 1621 1291 referri
1645 1249 1709 1290 non
1734 1226 1827 1292 debet
1848 1227 1888 1290 ad
1912 1226 2078 1290 hominum
2102 1247 2176 1309 per·

195 1324 228 1377 et
248 1313 469 1379 calamitosum
492 1323 613 1375 statum
637 1312 785 1391 denotat,
816 1316 848 1377 in
877 1334 940 1396 quo
969 1314 1060 1395 prius
1089 1322 1159 1376 erat
1211 1334 1316 1393 sonas,
1345 1313 1401 1377 sed
1424 1328 1554 1396 propter
1575 1313 1732 1377 unitatem
1755 1312 1870 1395 capitis
1891 1322 1924 1376 et
1947 1310 2175 1388 membrorum,

196 1398 337 1462 muudus
365 1417 462 1478 quam
493 1398 645 1481 auspiciis
671 1397 793 1463 Christi
820 1399 1032 1482 colligeretur.
1078 1397 1160 1462 Filii
1211 1396 1297 1481 quod
1330 1398 1394 1462 Dei
1427 1410 1461 1462 et
1493 1398 1617 1463 (lhristi
1657 1399 1820 1480 proprium
1854 1405 1902 1461 est
1934 1397 1975 1460 ad
2008 1397 2176 1461 ecclesiam

195 1485 253 1548 tui.
305 1481 447 1563 Quidam
480 1503 539 1564 per
567 1482 651 1563 filios
682 1483 855 1566 allegorice
888 1484 1077 1562 intelligunt
1109 1504 1159 1547 ro·
1212 1485 1415 1548 transfertur.
1450 1482 1557 1549 Stulte
1579 1504 1656 1567 ergo
1678 1482 1790 1547 Iudaei
1808 1482 1905 1546 huius
1924 1483 2066 1546 vaticinii
2083 1501 2175 1564 prae·

197 1568 355 1633 bustiores
377 1589 414 1632 ac
436 1569 594 1632 firmiores
617 1569 652 1631 in
674 1568 753 1634 lide:
777 1591 834 1652 per
852 1569 940 1650 filios
954 1568 1157 1634 infirmiores.
1212 1580 1303 1634 textu
1337 1567 1495 1633 devorant
1526 1568 1716 1651 inexplebili
1752 1588 1811 1632 sua
1850 1567 2025 1651 cupiditate
2064 1585 2176 1631 omnes

198 1652 263 1721 Sed
286 1675 350 1718 non
372 1653 522 1717 existimo
546 1665 611 1716 tam
635 1654 797 1719 subtiliter
828 1655 1016 1737 prophetam
1048 1654 1158 1735 loquu-
1211 1665 1317 1719 terrae
1340 1654 1482 1730 divitias,
1505 1674 1565 1719 neo
1586 1655 1696 1718 minus
1716 1673 1885 1736 perperam
1908 1654 2055 1735 papistae
2076 1654 2176 1716 verba

196 1752 265 1804 tum
295 1759 375 1803 esse.
420 1737 535 1821 Itaque
561 1739 740 1820 simplicius
770 1739 907 1823 accipio,
941 1741 1008 1804 lore
1037 1740 1160 1804 scilicet
1212 1738 1291 1805 haec
1319 1739 1360 1803 ad
1391 1739 1591 1804 luxuriosam
1623 1759 1715 1803 suam
1748 1739 1944 1820 opulentiam
1977 1755 2176 1820 pompasque

195 1839 232 1890 ut
252 1825 312 1889 filii
333 1833 371 1888 ut
391 1824 476 1888 filiae
505 1824 545 1888 ad
574 1825 741 1888 ecclesiam
770 1835 978 1890 concurrant:
1009 1824 1070 1889 hoc
1099 1835 1158 1900 est,
1212 1826 1412 1907 detorquent.
1458 1823 1662 1890 Gamelorum
1687 1836 1804 1901 autem,
1827 1824 1941 1901 thuris,
1963 1823 2042 1897 auri,
2065 1825 2177 1886 ovium

195 1929 260 1974 non
284 1920 412 1973 tantum
435 1908 520 1973 domi
543 1911 731 1992 gignantur,
752 1910 808 1974 sed
832 1911 929 1975 etiam
945 1910 1041 1975 foris:
1063 1920 1159 1991 atque
1211 1912 1283 1975 idco
1306 1909 1502 1974 mentionem
1526 1911 1603 1975 facit
1623 1908 1706 1990 quod
1728 1917 1851 1991 spectet
1872 1906 1948 1992 quid
1968 1926 2176 1990 unaquaeque

195 1995 275 2060 adeo
296 1996 329 2058 in
352 1996 509 2059 extremis
532 1995 676 2076 partibus
692 1995 816 2061 mundi.
849 1996 987 2061 Utcrum
1007 1994 1159 2060 ecclesiae
1212 1997 1300 2079 regio
1333 1996 1489 2077 proferat:
1531 2004 1568 2058 ut
1600 1994 1749 2059 ostendet
1781 2015 1894 2059 omnes
1933 2003 2177 2059 consecraturos

195 2101 261 2145 non
283 2080 347 2144 iam
372 2080 479 2160 aliquo
502 2079 615 2143 mundi
637 2081 757 2164 angulo
778 2081 985 2146 constrictum
1016 2081 1071 2156 iri,
1102 2079 1159 2145 sed
1213 2082 1283 2145 Deo
1305 2078 1462 2162 quidquid
1485 2100 1584 2163 penes
1613 2100 1684 2145 sese
1712 2079 1901 2160 habuerint,
1929 2099 2028 2160 seque
2057 2090 2089 2142 et
2118 2097 2177 2142 sua

196 2176 262 2230 mm
286 2166 380 2247 longe
402 2179 434 2227 et
456 2166 521 2229 late
542 2186 576 2229 se
605 2176 816 2231 extensurum
844 2186 940 2249 quam
970 2177 1059 2249 patet
1088 2166 1160 2229 uui·
1212 2167 1321 2232 omnia
1342 2165 1435 2229 velut
1462 2166 1494 2229 in
1523 2165 1715 2231 sacrificium
1746 2165 1919 2230 oblaturas.
1962 2163 2058 2229 Unde
2087 2161 2177 2226 colli·

197 2272 312 2316 versus
333 2250 429 2314 orbis.
1213 2251 1353 2335 gendum
1376 2260 1433 2324 est,
1456 2272 1521 2315 non
1543 2271 1636 2333 posse
1659 2271 1717 2314 nos
1739 2269 1815 2313 rere
1836 2249 1983 2315 converti
2005 2248 2045 2312 ad
2064 2247 2179 2313 Domi·

282 2336 311 2401 b.
334 2334 438 2419 (Tuae
458 2333 598 2420 videbis.)
641 2336 733 2402 Haeo
756 2337 860 2418 prima
881 2335 987 2419 specie
1010 2336 1162 2401 videntur
1214 2355 1310 2400 num:
1342 2337 1421 2418 qnin
1443 2356 1555 2401 omnes
1577 2339 1605 2401 ei
1637 2335 1807 2401 facultates
1836 2345 1963 2400 nostras
1993 2334 2176 2398 offeramus.

196 2422 394 2503 aliquantum
418 2423 503 2484 inter
525 2441 559 2484 se
582 2442 743 2503 pugnare,
773 2421 858 2504 quod
886 2423 979 2504 prius
1006 2422 1040 2485 in
1068 2441 1160 2503 prae·
1213 2422 1287 2487 Hae
1309 2424 1396 2487 enim
1419 2434 1496 2487 sunt
1517 2421 1703 2502 spirituales
1721 2420 1855 2498 hostiae,
1878 2441 1957 2502 quas
1975 2420 2122 2502 requirit,
2145 2428 2179 2482 et

195 2508 281 2572 senti
311 2507 461 2587 loquutus
490 2507 548 2569 sit:
583 2525 669 2568 nuno
697 2527 775 2570 vero
802 2509 950 2571 futurum
980 2506 1159 2572 denuntiet.
1214 2528 1295 2590 quea
1316 2508 1429 2590 negari
1451 2508 1513 2589 ipsi
1535 2528 1599 2571 non
1623 2517 1775 2588 possunt,
1805 2507 1834 2570 si
1856 2506 1953 2571 corda
1974 2525 2052 2570 vere
2074 2505 2180 2568 dicata

197 2591 263 2658 Sed
285 2592 374 2673 prius
397 2591 436 2654 de
462 2590 563 2655 oculis
592 2592 665 2655 fidei
696 2591 903 2674 loquebatur,
937 2612 1018 2674 quae
1048 2613 1161 2676 appre·
1213 2594 1274 2674 ipsi
1297 2605 1331 2669 et
1351 2603 1537 2657 consecrata
1559 2593 1687 2656 fuerint.
1731 2591 1829 2674 Impii
1852 2593 2030 2656 abutuntur
2059 2591 2178 2654 benefi-

196 2676 310 2741 hendit
332 2697 370 2740 ea
392 2696 476 2757 quae
498 2677 558 2739 sub
590 2674 755 2740 hominum
785 2698 902 2741 sensus
932 2699 995 2741 non
1024 2677 1159 2742 cadunt:
1213 2678 1272 2743 ciis
1301 2677 1365 2742 Dei
1394 2676 1433 2741 ad
1463 2676 1578 2741 luxum
1607 2688 1640 2741 et
1672 2678 1970 2759 intemperantiam,
2004 2685 2101 2757 atque
2132 2694 2178 2752 ea,

196 2783 284 2826 nuno
306 2773 414 2825 autem
438 2761 478 2824 de
506 2762 576 2843 ipso
607 2762 653 2824 rei
682 2770 813 2827 eventu.
857 2763 919 2826 Vel
951 2772 1038 2827 certe
1067 2782 1161 2845 prae·
1213 2763 1428 2845 quantumin
1458 2781 1493 2825 ee
1521 2771 1588 2845 est,
1619 2761 1754 2845 indigna
1781 2763 2005 2842 profanatione
2034 2780 2178 2825 corrum-

197 2848 281 2912 senti
313 2858 458 2928 tempore
496 2847 721 2911 certitudinem
763 2858 875 2910 notare
914 2848 1031 2913 voluit:
1075 2868 1161 2913 utino
1214 2856 1306 2930 punt.
1351 2847 1402 2911 Pii
1425 2866 1518 2922 vero,
1548 2846 1625 2910 dum
1648 2848 1688 2912 iis
1711 2857 1848 2911 utuntur
1868 2866 1951 2929 pura
1971 2846 2178 2922 conscientia,

198 2953 282 3008 vero,
305 2943 344 2995 ut
365 2953 399 2995 se
415 2934 447 2994 iu
464 2932 633 2995 tolerantia
648 2932 839 2997 contineant
853 2931 974 3014 fideles,
994 2933 1161 3016 restringit
1215 2933 1356 2998 Domino
1389 2933 1459 3013 ipsa
1488 2943 1687 2998 consecrant.
1742 2931 1847 2997 Nemo
1879 2933 1980 3015 igitur
2011 2931 2074 2995 Dei
2108 2951 2179 2995 esso

196 3017 331 3084 candem
355 3018 559 3094 sententiam.
605 3017 779 3081 Caeterum
808 3018 866 3081 etsi
893 3037 976 3099 quae
1000 3016 1161 3083 Dominus
1214 3029 1334 3101 potest,
1364 3019 1442 3100 quin
1465 3017 1495 3081 ei
1517 3017 1614 3082 simul
1638 3017 1748 3082 omnia
1776 3037 1834 3082 sua
1861 3016 1989 3082 addicat
2018 3036 2054 3082 ac
2083 3016 2179 3080 devo·

197 3103 357 3187 promittit
379 3102 418 3165 ad
443 3115 568 3183 tempus
587 3101 709 3165 lateant
724 3103 833 3167 oculos
850 3103 1028 3182 hominum,
1052 3114 1160 3167 tamon
1213 3114 1299 3169 reat.
1344 3102 1437 3183 Quod
1460 3102 1578 3167 attinet
1599 3103 1640 3167 ad
1667 3103 1816 3186 regiones
1843 3123 1923 3185 quas
1952 3102 2004 3166 hic
2034 3109 2179 3167 recenset

197 3212 216 3254 a
248 3190 310 3271 piis
343 3187 405 3252 fide
438 3197 635 3252 cernuntur:
669 3197 705 3250 ut
736 3188 915 3253 certissime
947 3208 1058 3253 eorum
1089 3209 1161 3253 suc·
1213 3188 1386 3272 propheta,
1416 3208 1479 3270 quo
1501 3208 1646 3270 quaeque
1668 3189 1738 3254 loco
1759 3189 1825 3253 sita
1846 3190 1905 3262 sit,
1934 3208 2095 3270 exponere
2117 3190 2178 3253 mi·

197 3296 321 3340 cessum
370 3284 579 3355 exspectent,
631 3283 794 3356 utcunque
841 3274 913 3339 aliis
961 3273 1162 3338 incredibilia
1213 3274 1301 3338 nime
1324 3294 1453 3339 necesse
1474 3283 1533 3339 est.
1575 3273 1690 3339 Obiter
1709 3284 1818 3339 tamen
1841 3272 2026 3351 notandum,
2049 3294 2103 3341 eae
2125 3273 2178 3340 hio

197 3360 381 3424 videantur.
1213 3359 1461 3425 commemorari
1483 3379 1564 3440 quae
1585 3359 1624 3423 ad
1648 3362 1806 3424 orientem
1824 3357 2028 3441 spectabant:
2051 3362 2178 3441 potissi-

282 3442 517 3529 (Splendesoeo.)
565 3443 650 3523 Quia
679 3456 737 3510 tm
764 3451 830 3507 tam
861 3442 1033 3525 splendere
1062 3463 1159 3526 quam
1213 3464 1303 3508 mum
1326 3465 1404 3508 vero
1426 3444 1580 3509 Arabiam
1603 3455 1635 3508 et
1657 3446 1763 3508 vicina
1785 3445 1872 3509 loca:
1894 3465 1975 3526 quae
1998 3465 2054 3527 per
2073 3444 2179 3510 (ledar-

197 3531 345 3593 difflnere
366 3530 541 3612 significat,
571 3529 643 3592 ideo
666 3541 801 3609 utroque
824 3530 918 3592 modo
940 3531 1022 3592 verti
1046 3538 1159 3610 potest.
1213 3540 1246 3595 et
1268 3530 1430 3593 Nabaioth
1454 3528 1612 3612 designat.
1656 3530 1810 3612 Papistae
1832 3530 1921 3594 abusi
1952 3549 2079 3611 quoque
2101 3539 2179 3593 sunt

196 3616 331 3680 Referre
353 3615 440 3678 enim
464 3634 634 3697 possumus
652 3615 691 3676 ad
709 3614 862 3697 gaudium
878 3634 940 3695 quo
955 3615 1162 3695 perfunditur
1213 3615 1275 3680 hoc
1297 3615 1381 3691 loco,
1410 3624 1448 3678 ut
1471 3616 1646 3697 probarent
1669 3636 1760 3696 reges
1783 3615 1822 3678 ab
1845 3615 1968 3678 oriente
1992 3614 2120 3679 venisse
2142 3624 2179 3679 ut

197 3701 331 3765 ecclesia
354 3713 450 3781 atque
474 3699 604 3781 diffluit,
627 3720 726 3781 quum
751 3701 784 3761 in
806 3698 894 3762 huuc
910 3697 1044 3762 modum
1064 3719 1160 3781 auge·
1214 3700 1299 3763 dona
1321 3698 1452 3764 (lhristo
1472 3699 1635 3763 offerrent.
1669 3700 1708 3764 In
1730 3720 1793 3782 quo
1815 3719 1850 3763 se
1872 3700 2009 3763 nimium
2027 3699 2178 3766 ridiculos

198 3796 267 3849 tur:
291 3783 344 3848 vel
367 3785 407 3848 ad
429 3797 589 3859 ornatum,
612 3806 675 3867 quo
697 3783 844 3867 splendet
862 3802 899 3846 ac
914 3783 1059 3866 refulget.
1093 3782 1160 3848 Sed
1212 3784 1376 3866 praebent,
1399 3805 1498 3866 quum
1523 3785 1681 3867 propheta
1702 3784 1741 3849 de
1764 3785 1914 3850 omnibus
1936 3785 2103 3850 ordinibus
2131 3785 2178 3850 lo·

198 3871 258 3935 hoc
280 3870 420 3933 alienum
444 3869 546 3933 videri
569 3879 676 3951 posset
698 3890 717 3932 a
739 3878 902 3947 contextu,
925 3867 1011 3950 quod
1028 3870 1160 3951 pavoris
1214 3881 1343 3951 quatur.
1404 3870 1528 3933 Verum
1568 3872 1640 3934 sine
1678 3869 1796 3935 iudicio
1841 3880 2021 3952 congerunt
2063 3891 2177 3937 omnes

198 3957 395 4020 mentionem
417 3953 506 4032 facit,
537 3966 633 4034 atque
661 3975 735 4018 eum
763 3953 930 4037 splendori
960 3954 1013 4018 vel
1041 3952 1159 4036 gaudio
1214 3955 1398 4019 huiusmodi
1421 3955 1517 4031 locos,
1539 3955 1575 4019 iu
1597 3956 1713 4037 quibus
1734 3956 1805 4019 auri
1828 3957 1879 4020 vel
1903 3955 2008 4019 thuris
2030 3956 2069 4021 fit
2087 3978 2176 4022 meu·

197 4042 378 4124 permiscet.
423 4039 526 4120 Atqui
549 4059 615 4102 non
638 4039 748 4103 dubito
778 4041 855 4122 quin
886 4040 946 4105 hoc
976 4040 1073 4105 verbo
1104 4039 1159 4103 ad·
1213 4043 1260 4104 tio
1282 4041 1373 4122 quasi
1397 4040 1572 4122 prophetae
1593 4039 1839 4124 intelligentes
1864 4039 1948 4105 dona
1976 4061 2060 4123 quea
2088 4044 2176 4128 magi

197 4126 400 4190 mirationem
423 4135 457 4189 et
478 4124 579 4189 veluti
601 4133 765 4206 stuporem
789 4135 904 4189 notare
927 4125 1073 4201 voluerit,
1097 4145 1160 4207 quo
1213 4126 1411 4190 obtuleruut.
1447 4125 1509 4191 Hic
1534 4147 1609 4191 vero
1632 4124 1713 4190 nihil
1736 4127 1908 4191 obscurum
1927 4138 1991 4191 est:
2014 4129 2176 4212 significat

197 4211 341 4295 rapietur
361 4210 505 4285 ecclesia,
528 4230 628 4292 quum
651 4230 686 4273 se
708 4210 837 4273 insolito
859 4224 892 4274 et
913 4211 1079 4293 inopinato
1101 4210 1161 4276 hoc
1214 4211 1302 4274 enim
1335 4211 1481 4276 futurum
1514 4223 1551 4275 ut
1582 4211 1674 4276 Deus
1706 4211 1826 4295 ubique
1858 4214 2039 4292 invocetur,
2080 4224 2176 4296 atque

198 4299 318 4362 honore
341 4297 443 4378 offici,
473 4307 569 4378 atque
589 4296 623 4358 in
646 4306 713 4358 tam
735 4294 904 4360 sublimem
932 4296 1065 4360 honoris
1087 4315 1161 4379 gra·
1215 4295 1318 4360 exteri
1341 4317 1453 4361 omnes
1476 4294 1516 4360 ad
1540 4298 1611 4361 eius
1632 4297 1756 4361 cultum
1779 4298 1984 4365 conveniant.

198 4382 275 4446 dum
309 4396 452 4447 erectam
480 4390 600 4447 cernet.
650 4383 699 4445 Ac
732 4380 759 4444 si
793 4381 929 4445 diceret:
962 4383 1068 4446 Tanta
1099 4381 1162 4444 erit
1299 4379 1510 4531 (Accendertiq
1554 4382 1619 4447 Alii
1644 4391 1792 4465 vertunt,
1823 4383 1999 4448 ascendent
2024 4385 2057 4448 in
2082 4385 2176 4449 bene·

197 4469 303 4548 operis
326 4468 515 4550 magnitudo
537 4476 573 4531 ot
595 4467 779 4549 opinionem
802 4476 891 4530 tuam
914 4475 1053 4548 superet.
1087 4466 1160 4529 Non
1214 4467 1332 4549 placito
1355 4488 1453 4548 super
1474 4479 1575 4532 atare
1598 4488 1721 4532 meum:
1752 4479 1850 4548 atque
1877 4467 2075 4552 hypallagen
2104 4491 2175 4535 esse

198 4564 247 4617 est
268 4552 369 4634 igitur
391 4573 492 4634 pavor
514 4553 568 4635 qui
590 4552 773 4633 concipitur
801 4572 843 4615 ex
873 4551 1014 4634 periculo
1044 4552 1161 4634 aliquo,
1214 4561 1340 4635 putant.
1384 4553 1498 4636 Neque
1521 4553 1850 4636 idinepteprorsus,
1877 4555 2105 4620 meoiudicio:
2138 4565 2176 4620 ut

199 4637 249 4703 vel
272 4657 308 4701 re
330 4638 424 4713 tristi,
448 4638 503 4703 sed
525 4637 629 4720 qualis
651 4639 687 4701 in
709 4637 860 4701 maximis
883 4638 988 4717 rebus,
1010 4656 1093 4718 quae
1111 4639 1160 4699 in·
1214 4639 1377 4721 significet
1404 4639 1564 4721 propheta
1585 4640 1663 4702 istas
1685 4638 1835 4703 victimas
1856 4660 1937 4721 quae
1958 4640 2134 4705 offerentur
2156 4662 2176 4706 a

198 4722 286 4806 genii
310 4724 411 4786 nostri
433 4733 564 4805 captum
591 4722 769 4799 excedunt,
799 4723 930 4787 evenire
959 4723 1055 4801 solet,
1083 4722 1160 4786 dum
1215 4723 1367 4804 gentibus
1395 4737 1505 4806 gratas
1535 4725 1601 4788 fore
1627 4722 1707 4788 Deo.
1752 4724 1820 4787 Alii
1848 4726 1895 4789 sic
1923 4727 2176 4808 interpretantur

198 4807 327 4871 attoniti
349 4809 509 4871 somniare
531 4807 765 4890 quodammodo
788 4829 846 4873 nos
867 4823 1034 4891 putamus:
1066 4818 1162 4891 atque
1213 4822 1293 4905 pat,
1324 4811 1409 4874 acsi
1432 4808 1625 4874 adiectivum
1649 4820 1750 4873 esset:
1784 4809 1868 4891 quod
1897 4811 2083 4892 proprietati
2112 4813 2175 4875 lin·

199 4894 278 4958 haec
300 4893 472 4974 trepidatio
494 4914 567 4957 cnm
589 4894 713 4958 laetitia
735 4896 856 4975 optime
880 4894 1040 4958 convenit.
1215 4915 1297 4978 guae
1320 4914 1385 4957 non
1407 4895 1569 4959 convenit.
1610 4893 1694 4957 Nam
1716 4907 1778 4987 pan
1801 4895 1962 4977 significat
1984 4895 2175 4962 benevolen-

283 4980 358 5043 cet
380 4979 408 5042 t.
447 4976 559 5064 (Copia
575 4979 785 5063 camelorum.)
822 4979 984 5044 Describit
1004 4979 1162 5062 propheta
1215 4981 1294 5043 tiam
1310 4979 1362 5043 vel
1382 4980 1534 5044 favorem.
1564 4978 1675 5060 Quare
1694 4977 1939 5061 praeferendum
1959 5001 2073 5046 censeo
2091 4982 2175 5064 quod

198 5066 335 5147 figurate
364 5065 500 5147 gloriam
530 5065 698 5141 ecclesiae,
732 5079 828 5147 atque
858 5084 1039 5130 sermonem
1066 5084 1161 5128 suum
1214 5063 1358 5129 reddidi:
1392 5084 1507 5146 nempe
1536 5064 1621 5147 quod
1651 5064 1825 5129 ascendent
1858 5065 1981 5130 hostiae
2009 5069 2048 5130 ad
2078 5069 2175 5133 bene·

199 5151 335 5232 tempori
368 5150 602 5226 accommodet,
635 5160 670 5214 et
702 5151 848 5232 personis
876 5149 1067 5233 quibuscum
1099 5150 1161 5231 ipsi
1214 5151 1368 5232 placitum
1403 5149 1525 5214 altaris.
1584 5153 1632 5216 Ac
1665 5151 1710 5217 sic
1742 5151 1861 5216 resolvi
1899 5151 2019 5232 poterit
2053 5157 2175 5219 oratio:

199 5238 361 5318 negotium
385 5247 463 5300 erat.
505 5235 566 5299 Est
588 5236 675 5301 euim
698 5237 853 5301 memoria
877 5234 1052 5300 tenendum
1075 5234 1161 5316 quod
1215 5234 1401 5300 Ascendeut
1423 5235 1462 5299 ad
1486 5236 1677 5318 placandum
1700 5237 1823 5302 Deum:
1846 5237 1929 5301 sicut
1951 5238 1984 5301 in
2007 5236 2068 5304 hcc
2090 5241 2176 5305 ordi·

1921 5336 1972 5392 ῃ,
