4784 5970
190 342 229 407 'll
1072 341 1121 407 IN
1150 340 1316 408 ISAIAM
2153 341 2194 406 72

187 530 391 606 hebetemur.
437 529 549 611 Quum
572 531 673 614 igitur
696 530 778 596 nihil
802 528 895 595 nobis
919 529 1064 612 suppetit
1086 549 1163 594 oon·
1217 530 1325 595 Deum
1348 533 1383 596 in
1404 532 1502 597 coelis
1525 552 1596 597 esse
1617 530 1696 596 lassi
1719 540 1809 596 sunt:
1832 551 1936 614 neque
1960 530 2067 612 palam
2087 530 2189 614 lapidi

188 616 262 695 silii,
294 627 370 682 tuno
400 618 451 682 vel
482 618 624 680 maxims
653 616 861 701 sperandum,
892 616 1114 697 auxiliumque
1146 637 1165 679 a
1217 625 1272 681 aut
1300 617 1388 700 ligno
1419 616 1622 683 divinitatem
1654 618 1844 682 tribuerunt.
1890 617 1957 681 Eos
1979 616 2079 701 igitur
2103 636 2191 681 cras·

189 703 331 767 Domino
365 702 624 786 exspectandum
658 723 729 767 esse
763 703 864 768 docet.
915 702 1036 766 Nostra
1065 701 1164 765 etiam
1216 702 1316 766 siores
1346 715 1378 768 et
1407 703 1604 787 stupidiores
1634 723 1732 785 quam
1759 703 1881 767 fuerint
1907 704 2031 786 fingere
2061 701 2192 767 videtur

188 810 284 872 saepe
315 789 452 852 interest
485 788 608 852 nullam
641 789 732 854 nobis
765 797 877 870 patere
910 788 1009 863 viam,
1047 785 1165 869 ubique
1216 786 1328 853 Isaiae.
1391 789 1601 872 Respondes,
1645 809 1758 853 omnes
1801 786 1988 854 idololatras
2032 788 2192 872 affingere

189 877 265 958 angi
289 886 321 938 st
343 875 533 957 constringi,
564 883 660 955 atque
682 877 779 938 etiam
803 874 978 949 excaecari,
1002 879 1039 936 ut
1062 873 1165 937 disca·
1217 873 1400 941 simulacris
1432 877 1612 957 potentiam
1648 875 1725 938 Dei:
1756 873 1893 939 tametsi
1926 895 2001 939 eum
2034 876 2067 937 in
2099 872 2192 939 coelo

189 981 264 1025 mus
294 981 312 1023 a
342 959 409 1023 solo
433 957 496 1024 Dei
518 959 638 1023 auxilio
663 960 813 1043 pendere,
844 970 941 1041 atque
963 958 999 1021 in
1021 959 1091 1042 ipso
1114 978 1164 1021 rs·
1217 980 1286 1024 essa
1315 971 1501 1043 agnoscant.
1547 960 1657 1041 Quum
1680 960 1768 1023 enim
1790 960 1978 1043 confugiant
2000 957 2040 1023 ad
2063 969 2193 1024 statuas

190 1045 350 1112 numbers.
394 1045 479 1109 Nam
510 1045 587 1109 dum
619 1045 726 1127 aliqua
749 1057 896 1128 superest
919 1043 1038 1122 tabula,
1068 1064 1164 1127 qnam
1216 1053 1249 1109 et
1278 1046 1467 1111 simulacre:
1502 1067 1603 1128 quum
1637 1056 1713 1110 vota
1745 1046 1785 1108 iis
1821 1045 1940 1109 faciant
1972 1054 2004 1108 st
2036 1043 2190 1120 reddant,

190 1130 435 1215 apprehendere
467 1151 525 1196 nos
554 1151 648 1213 posse
671 1131 906 1207 existimamus,
937 1129 1072 1194 adeam
1097 1140 1164 1192 toto
1216 1130 1418 1196 hauddubie
1437 1131 1477 1196 ad
1496 1154 1533 1196 ea
1554 1130 2013 1213 transieruntquostisst.
2048 1130 2193 1196 Frustra

191 1218 300 1281 animo
324 1219 556 1282 convertimur.
601 1215 654 1279 Ita
673 1216 712 1279 fit
735 1217 811 1281 dum
836 1217 900 1281 huo
922 1225 955 1280 st
977 1215 1054 1280 illuc
1077 1215 1163 1297 rapi·
1216 1237 1293 1299 ergo
1333 1219 1486 1299 speciosis
1526 1216 1688 1283 coloribus
1722 1217 1806 1280 hano
1839 1215 2019 1281 crassitiem
2053 1227 2191 1300 tegunt:

189 1323 272 1379 mur,
303 1312 340 1366 ut
367 1303 514 1368 coelestis
542 1303 667 1385 gratiae
689 1304 844 1367 memoria
867 1301 958 1365 nobis
981 1309 1163 1365 evanescat.
1216 1303 1367 1385 quonism
1399 1302 1486 1385 ligna
1516 1314 1547 1368 at
1570 1301 1692 1386 lapides
1715 1323 1773 1384 pro
1797 1301 1859 1366 diis
1881 1302 2013 1381 habent,
2043 1322 2191 1367 summa·

188 1387 305 1470 Itaque
335 1388 362 1452 si
385 1388 493 1452 Deum
525 1387 617 1452 nobis
646 1387 758 1452 adesse
780 1398 876 1468 atque
899 1386 1045 1451 adversis
1068 1386 1164 1451 rebus
1216 1409 1277 1470 qus
1301 1389 1407 1452 Deum
1428 1389 1549 1453 iniuria
1572 1389 1727 1454 afficiunt.
1772 1388 1845 1451 Non
1873 1398 1923 1453 est
1945 1388 2045 1470 igitur
2067 1387 2192 1471 hyper·

189 1493 283 1558 opem
314 1474 399 1537 ferre
428 1474 585 1555 cupimus,
616 1492 726 1538 caseos
757 1493 817 1537 nos
845 1494 915 1538 esse
944 1493 1077 1536 necesse
1104 1481 1163 1553 est,
1216 1472 1317 1538 bolico
1344 1475 1497 1555 loquutus
1528 1476 1698 1558 propheta,
1730 1494 1789 1538 neo
1819 1473 1900 1539 falso
1930 1472 2116 1538 idololatras
2140 1475 2190 1538 in·

188 1558 222 1624 id
256 1570 320 1637 est,
354 1559 465 1624 oculos
498 1570 645 1623 avertere
678 1579 697 1622 a
725 1558 888 1640 praesenti
922 1578 1031 1622 rerum
1066 1567 1163 1636 statu,
1216 1559 1392 1624 simulavit.
1437 1558 1526 1626 Satis
1549 1561 1637 1625 enim
1659 1559 1692 1623 id
1715 1567 1879 1624 testantur
1902 1581 2013 1624 sorum
2037 1580 2134 1625 voces
2155 1576 2190 1624 et

189 1644 409 1727 iudiciumque
442 1655 590 1709 nostrum
624 1643 790 1725 cohibere,
825 1656 862 1709 ut
896 1643 1062 1727 promissis
1095 1644 1164 1707 sius
1216 1665 1391 1725 sermones,
1421 1647 1537 1727 quibus
1566 1645 1651 1710 idola
1681 1666 1741 1709 sua
1770 1657 1803 1708 at
1832 1645 2006 1710 simulacra
2027 1644 2108 1710 deos
2132 1666 2191 1728 ap-

191 1730 320 1813 psnitus
339 1731 589 1813 acquiescamus.
620 1730 712 1795 Haec
730 1731 867 1795 caecitas
884 1731 1014 1793 tametsi
1030 1728 1164 1793 minime
1216 1730 1349 1812 pellant.
1405 1731 1489 1814 Ipsis
1522 1733 1620 1796 stiam
1654 1731 1837 1795 tacentibus
1872 1731 1977 1812 palam
2010 1752 2045 1794 ae
2078 1730 2192 1813 prodit

191 1815 334 1880 iucunda
352 1826 412 1895 est,
435 1816 618 1896 mentisque
636 1825 766 1880 nostras
784 1815 1039 1881 imbecillitatem
1059 1827 1164 1879 ostsu-
1215 1836 1329 1880 sorum
1353 1818 1502 1899 amentia,
1526 1817 1610 1899 quod
1635 1837 1738 1898 nsque
1760 1836 1893 1879 manum
1916 1837 1974 1882 neo
1993 1837 2106 1880 auram
2126 1815 2192 1881 Dei

192 1902 256 1976 dit,
298 1902 324 1964 si
359 1922 377 1964 a
410 1901 519 1965 fructu
553 1922 610 1965 suo
641 1901 846 1978 aestimetur,
889 1922 953 1964 non
988 1901 1162 1964 admodum
1216 1903 1428 1985 propinquam
1458 1903 1519 1967 sibi
1550 1924 1619 1967 esse
1649 1913 1777 1984 putant,
1808 1902 1870 1966 nisi
1902 1904 2055 1984 prostrati
2078 1921 2193 1966 coram

192 1985 348 2070 fugienda
371 1999 437 2050 est:
461 1987 537 2069 quia
558 1985 655 2069 longe
678 1995 821 2068 praestat
842 2006 952 2052 caecos
976 1986 1038 2050 Dei
1061 2007 1162 2050 manu
1215 1987 1397 2054 simulacris
1424 1989 1607 2069 concipiant
1635 2008 1694 2051 sua
1723 1998 1806 2051 vota.
1855 1987 1947 2051 Haec
1976 1997 2085 2052 autem
2117 1986 2192 2052 ideo

191 2073 280 2156 regi,
322 2092 419 2154 quam
459 2072 559 2135 nimia
601 2073 797 2154 perspicacia
832 2071 1036 2155 labyrinthos
1069 2073 1164 2136 nobis
1216 2072 1385 2155 dicuntur,
1426 2085 1462 2137 ut
1495 2094 1606 2137 omnes
1639 2073 1825 2155 intelligant
1860 2075 2024 2137 neminem
2059 2072 2192 2137 salvum

189 2159 325 2240 fingere.
361 2158 484 2223 Lucem
505 2179 563 2239 pro
582 2157 724 2221 tenebris
743 2179 779 2221 ss
798 2158 950 2222 daturum
969 2159 1163 2240 promittens
1215 2160 1284 2224 fors
1306 2160 1370 2223 nisi
1393 2161 1448 2241 qui
1472 2159 1543 2223 Deo
1566 2158 1626 2224 soli
1649 2158 1798 2222 confidet.

192 2245 362 2309 confirmat
391 2242 570 2325 quodiam
599 2242 720 2307 dictum
751 2253 809 2306 est.
854 2244 944 2326 Ergo
972 2243 1100 2306 tametsi
1124 2265 1164 2307 ns
1303 2244 1352 2309 18.
1376 2242 1842 2329 (secrctamsecretam.)
1888 2243 1984 2308 Nunc
2007 2244 2069 2308 alio
2091 2264 2192 2309 sensu

193 2329 335 2392 scintilla
365 2326 494 2411 quidem
524 2329 604 2393 lucis
632 2327 724 2391 nobis
754 2340 908 2411 appareat
942 2329 975 2392 iu
1010 2328 1164 2406 adversis,
1216 2352 1327 2396 cascos
1355 2345 1387 2393 et
1409 2331 1524 2394 surdos
1546 2332 1690 2394 nominat
1712 2349 1807 2411 quam
1831 2330 1931 2411 prius,
1962 2350 2060 2411 quum
2084 2343 2192 2394 meta·

193 2423 302 2479 tamen
337 2413 377 2477 ds
408 2414 529 2477 auxilio
560 2413 621 2478 Dei
651 2413 889 2495 desperandum
920 2434 984 2477 non
1009 2429 1073 2477 est:
1109 2415 1164 2478 sed
1217 2417 1349 2499 phorice
1383 2436 1437 2479 eos
1470 2416 1657 2499 designaret
1690 2414 1806 2497 quibus
1836 2413 1917 2478 nihil
1948 2425 2018 2479 erat
2051 2416 2191 2491 consilii,

193 2512 271 2564 tunc
300 2499 350 2564 vel
379 2500 520 2563 maxime
544 2500 701 2581 promissa
723 2499 947 2580 amplectenda
969 2507 1054 2562 sunt.
1099 2500 1165 2563 Do·
1217 2512 1250 2565 st
1279 2503 1334 2583 qui
1364 2501 1410 2566 sic
1438 2513 1532 2565 eraut
1562 2501 1669 2564 obruti
1697 2501 1855 2563 malorum
1888 2501 2039 2583 congerie
2068 2512 2107 2564 ut
2136 2521 2191 2566 soe

193 2587 303 2650 minus
341 2585 427 2648 enim
464 2585 557 2649 facile
598 2585 748 2648 tenebras
781 2586 815 2647 in
850 2584 952 2649 lucem
987 2598 1164 2662 convertet,
1217 2608 1277 2652 sua
1305 2587 1467 2651 moestitia
1489 2585 1665 2651 hebetaret.
1711 2586 1794 2648 Nam
1818 2584 1870 2649 hic
1891 2605 1995 2650 coecos
2017 2597 2112 2650 vocat
2136 2605 2192 2651 eos

191 2674 357 2737 fiexuosos
380 2670 547 2735 anfractus
571 2669 697 2752 diriget,
725 2679 821 2751 atque
844 2671 877 2733 in
902 2673 988 2735 viam
1012 2670 1107 2736 duest
1130 2687 1165 2735 ut
1217 2675 1324 2755 quiin
1343 2672 1448 2735 media
1468 2671 1537 2736 luce
1556 2672 1707 2755 caligant,
1729 2691 1788 2735 nec
1805 2691 1903 2752 opera
1920 2670 1984 2734 Dei
2002 2672 2191 2737 intuentur:

193 2767 265 2823 tuto
300 2755 510 2820 ambulemus.
561 2758 787 2837 Agnoscamus
818 2755 942 2820 interea
975 2755 1054 2821 haee
1088 2756 1165 2821 solis
1217 2759 1337 2834 surdoe,
1369 2758 1424 2840 qui
1454 2757 1561 2838 ipsum
1591 2758 1702 2821 audire
1725 2756 1848 2832 uolunt,
1879 2769 1977 2838 atque
2001 2756 2136 2821 hebetes
2158 2768 2193 2821 et

192 2843 344 2908 fidelibus
375 2842 536 2923 promitti,
566 2841 619 2922 qui
650 2861 684 2904 ss
712 2840 783 2904 Deo
813 2842 1035 2918 committunt,
1066 2863 1165 2924 seque
1217 2845 1327 2928 ignavi
1350 2842 1553 2908 desidentis
1576 2864 1653 2908 suae
1676 2840 2050 2926 ignorantiaefascibus.
2087 2842 2191 2906 Dam-

193 2929 233 2994 ab
268 2948 306 2992 eo
335 2928 403 3011 regi
436 2928 563 2991 sinunt:
598 2926 653 3008 qui
683 2925 822 3008 denique
852 2927 984 3009 cognita
1012 2931 1166 2992 caecitate
1219 2940 1275 2992 nat
1308 2931 1407 3011 igitur
1435 2928 1572 2991 Iudaeos
1601 2929 1782 3005 caecitatis,
1815 2937 1871 2990 aut
1902 2928 2009 3009 potius
2039 2928 2192 2993 homines

193 3034 253 3079 sua
275 3014 380 3095 ipsum
404 3012 544 3077 libenter
567 3021 746 3094 sequuntur
769 3010 893 3093 ducem,
917 3021 950 3075 st
968 3013 1001 3075 in
1021 3014 1166 3076 afflictio·
1218 3016 1398 3089 universos,
1427 3011 1512 3095 quod
1543 3014 1623 3077 mihi
1647 3014 1751 3095 magis
1774 3013 1885 3094 placet.
1932 3014 2078 3077 Tametsi
2101 3014 2191 3077 enim

194 3121 273 3164 num
297 3098 440 3163 tenebris
462 3098 586 3182 gratias
609 3116 759 3161 auroram
784 3098 943 3179 patienter
966 3107 1165 3179 exspectant.
1219 3099 1403 3181 specialiter
1440 3098 1613 3180 exprobret
1645 3097 1774 3162 Iudaeis
1807 3097 1892 3179 quod
1926 3097 2088 3162 audiendo
2125 3119 2192 3163 non

194 3186 257 3250 His
297 3184 383 3248 enim
418 3182 621 3248 solummodo
661 3181 807 3264 porriget
839 3202 971 3245 manum
1006 3184 1059 3263 qui
1094 3204 1166 3265 pro·
1220 3184 1353 3247 audiant
1376 3203 1413 3248 ae
1435 3183 1574 3247 videndo
1597 3204 1661 3248 nou
1687 3185 1831 3247 videant:
1864 3194 1973 3247 tamen
1997 3183 2059 3249 hoc
2081 3183 2194 3266 aliqua

194 3270 403 3334 missionibus
432 3268 623 3333 adhaerent:
656 3287 719 3332 non
749 3279 858 3331 autem
881 3267 1007 3349 astutis,
1036 3268 1091 3350 qui
1115 3268 1167 3333 vel
1219 3291 1260 3333 ex
1290 3277 1382 3351 parte
1409 3268 1448 3331 ad
1472 3278 1583 3350 gentes
1606 3290 1733 3351 quoque
1756 3270 1904 3351 pertinet,
1933 3269 2051 3351 quibus
2074 3291 2110 3334 se
2134 3290 2193 3352 per

193 3357 297 3422 invito
318 3356 387 3436 ipso
410 3375 543 3419 cernere
567 3353 703 3432 volunt,
722 3353 772 3416 vel
796 3354 851 3434 qui
875 3373 933 3434 per
954 3352 1068 3418 illicita
1090 3374 1166 3419 con·
1218 3365 1384 3420 creaturas
1413 3353 1579 3435 patefecit:
1609 3375 1746 3437 quarum
1775 3356 1872 3418 etiam
1904 3356 2021 3419 animis
2050 3366 2084 3419 st
2112 3376 2193 3420 oon·

194 3443 267 3507 silia
292 3441 485 3523 praecipites
508 3441 665 3504 feruntur.
1218 3440 1362 3503 scientiis
1402 3441 1564 3521 impressit
1604 3441 1751 3504 notitiam
1786 3441 1849 3514 sui,
1892 3452 1924 3504 st
1957 3461 2036 3522 quas
2070 3439 2193 3504 deinde

281 3527 331 3592 17.
355 3524 509 3610 (Aperitur
530 3524 724 3609 retrorsum.)
766 3524 854 3588 Hinc
880 3523 995 3588 melius
1019 3524 1165 3604 agnosci·
1219 3523 1415 3589 mirabilium
1439 3544 1573 3606 operum
1596 3545 1728 3589 suorum
1752 3527 1870 3590 fecerat
1892 3545 1930 3590 ao
1952 3527 2101 3592 facturus
2120 3539 2193 3591 erat

195 3634 268 3677 mus
285 3611 325 3676 ad
346 3634 424 3694 quos
443 3611 605 3694 pertineat
623 3611 772 3691 superior
792 3608 949 3674 doctrina.
979 3609 1167 3692 Distinguit
1218 3611 1371 3674 conscias.
1416 3613 1466 3675 Ac
1487 3611 1655 3692 requirens
1679 3611 1893 3675 attentionem
1917 3612 2084 3694 significat
2106 3610 2194 3676 nihil

196 3699 283 3764 enim
312 3699 397 3761 iuter
418 3697 482 3761 Dei
511 3706 543 3761 et
575 3694 734 3759 idolorum
756 3694 907 3760 cultores.
951 3693 1109 3758 Dominus
1132 3715 1167 3759 se
1219 3694 1306 3760 aliud
1340 3695 1571 3777 impedimento
1599 3717 1685 3774 esse,
1719 3698 1892 3778 quominus
1920 3696 1982 3761 Dei
2014 3697 2193 3762 veritatem

195 3784 310 3848 ducem
329 3783 446 3866 populo
465 3803 523 3846 suo
542 3779 735 3864 praestabit:
759 3782 886 3845 interea
904 3800 981 3844 vero
999 3779 1167 3862 pudefient
1219 3790 1251 3844 et
1280 3783 1456 3863 potentiam
1485 3784 1673 3863 percipiant,
1705 3801 1802 3863 quam
1824 3782 1909 3864 quod
1931 3782 2024 3846 surdi
2047 3793 2081 3847 st
2103 3782 2193 3848 caeci

194 3871 249 3952 qui
278 3869 365 3932 idola
394 3868 514 3933 colunt.
565 3868 614 3932 Ac
644 3867 671 3930 si
703 3865 840 3944 diceret,
873 3864 1037 3949 optionem
1067 3864 1120 3929 hic
1147 3885 1167 3928 a
1219 3878 1310 3929 sunt:
1335 3866 1431 3947 idque
1453 3886 1520 3929 non
1538 3867 1608 3931 sins
1626 3867 1751 3931 malitia
1769 3880 1801 3930 et
1819 3868 2064 3950 ingratitudine.
2100 3867 2193 3934 Satis

192 3954 333 4019 Domino
365 3953 449 4030 duri,
480 3953 529 4018 vel
561 3966 596 4016 ut
626 3952 710 4016 salvi
739 3952 841 4015 simus
869 3955 937 4014 eius
969 3951 1087 4032 gratia,
1115 3949 1166 4014 vel
1219 3952 1305 4014 enim
1334 3961 1445 4033 aperte
1467 3951 1568 4025 docet,
1599 3963 1632 4015 st
1654 3954 1732 4016 satis
1756 3951 1921 4018 luculenta
1945 3954 2077 4017 virtutis
2100 3954 2193 4018 testi·

192 4042 311 4106 misere
335 4061 513 4123 pereamus.
548 4036 716 4120 Quotquot
736 4036 823 4101 enim
843 4036 956 4100 salutis
975 4055 1066 4115 spem
1085 4034 1167 4099 loca·
1220 4037 1328 4099 monia
1362 4037 1509 4118 praebet:
1545 4036 1601 4100 ssd
1632 4037 1776 4100 animum
1807 4059 1911 4121 nequo
1942 4040 1976 4102 in
2008 4039 2195 4105 doctrinam

193 4128 274 4192 bunt
306 4126 340 4190 in
375 4124 469 4190 idolis
503 4125 671 4206 peribunt:
705 4120 761 4204 qui
793 4141 870 4184 vsro
903 4121 1098 4184 recumbunt
1132 4121 1166 4183 in
1220 4123 1297 4194 eius,
1332 4140 1437 4202 nequo
1466 4121 1499 4183 iu
1529 4119 1732 4185 admirabilia
1760 4123 1830 4188 eius
1852 4125 1995 4189 facinora
2017 4126 2196 4208 quisquam

192 4213 290 4277 verbo
309 4211 372 4274 Dei
394 4213 473 4276 certi
496 4224 574 4274 sunt
596 4209 635 4272 de
658 4209 778 4272 salute:
802 4205 878 4289 quia
896 4207 955 4270 etsi
974 4205 1166 4287 gravissime
1219 4205 1383 4269 intentum
1418 4206 1524 4270 habet.
1581 4206 1677 4271 Unde
1710 4210 1747 4271 fit
1779 4221 1815 4272 ut
1849 4222 1965 4291 sponte
1997 4212 2194 4275 caecutiant.

192 4319 289 4380 saepe
308 4298 464 4373 laborent,
488 4316 578 4377 spem
597 4304 704 4359 tamen
725 4294 870 4375 ipsorum
890 4290 1047 4371 pudefieri
1067 4311 1167 4370 usque
1220 4289 1358 4371 (lulpam
1393 4311 1471 4372 ergo
1499 4291 1533 4354 in
1565 4292 1641 4355 solis
1672 4280 1855 4358 hdminibus
1885 4293 2019 4360 haerere
2047 4295 2196 4360 ostendit

192 4385 226 4448 in
252 4385 349 4448 finem
373 4403 439 4446 non
463 4383 557 4456 sinet,
591 4379 647 4444 sed
671 4378 760 4442 exitu
783 4376 933 4459 probabit
955 4396 1022 4437 nou
1045 4375 1167 4438 frustra
1220 4374 1303 4456 quod
1328 4376 1390 4440 Dei
1415 4378 1590 4456 potentiam
1615 4398 1679 4441 non
1702 4391 1891 4461 agnoscunt.

193 4468 368 4535 discrimen
399 4468 459 4533 hoo
489 4489 508 4531 a
538 4487 572 4531 ss
593 4466 694 4529 luisse
718 4464 868 4544 positum.
914 4460 1048 4524 Oertum
1072 4480 1167 4540 porro
1306 4460 1355 4524 19.
1379 4459 1474 4544 (Quis
1500 4461 1629 4546 coece.)
1674 4461 1728 4528 Sic
1758 4464 1825 4528 fere
1855 4466 2029 4547 exponitur
2060 4486 2079 4530 a
2109 4487 2194 4530 non·

193 4566 243 4621 est
273 4552 396 4618 duabus
424 4574 508 4635 quae
531 4560 715 4633 sequuntur
737 4548 822 4612 notis
844 4567 957 4610 omnes
979 4543 1167 4608 idololatras
1221 4545 1319 4609 nullis
1349 4547 1402 4608 hic
1432 4567 1556 4625 versus,
1586 4568 1622 4611 ac
1652 4549 1679 4611 si
1708 4549 1866 4631 propheta
1887 4551 2023 4615 referret
2044 4551 2196 4618 convicia

194 4640 367 4724 designari,
390 4642 444 4721 qui
464 4638 527 4703 alio
545 4658 637 4721 spem
655 4655 747 4700 suam
766 4653 864 4716 quam
884 4631 918 4694 in
937 4651 1039 4694 unum
1059 4629 1167 4693 Deum
1220 4651 1302 4710 quae
1325 4631 1417 4713 impii
1440 4630 1595 4696 adversus
1619 4634 1793 4715 prophetas
1816 4637 1935 4701 iactare
1953 4636 2070 4701 solent.
2105 4637 2195 4702 Nam

192 4728 373 4792 conferunt.
430 4722 516 4804 Quia
556 4734 722 4804 utcunque
762 4741 796 4783 se
830 4737 939 4783 coram
973 4714 1069 4777 idolis
1104 4736 1165 4778 uon
1220 4716 1255 4777 in
1284 4735 1395 4779 servos
1421 4715 1555 4780 Domini
1585 4730 1775 4799 retorquent
1803 4739 1886 4801 quac
1915 4722 2050 4804 indigns
2082 4723 2196 4787 ferunt

192 4819 405 4896 prosternant
431 4809 631 4886 idololatrae,
662 4808 741 4889 ipsis
763 4816 872 4868 tamen
895 4801 1050 4865 deitatem
1073 4798 1167 4863 alfin-
1220 4798 1414 4880 reprehendi
1455 4803 1494 4865 ab
1535 4803 1614 4882 ipsis
1654 4824 1691 4867 ac
1728 4803 1892 4870 damnari:
1932 4808 2023 4887 Quos
2058 4828 2197 4874 accusas

193 4899 299 4983 gendo
329 4899 363 4961 in
393 4916 509 4959 verum
539 4908 570 4958 et
599 4894 728 4958 unicum
758 4890 866 4954 Deum
896 4894 972 4952 sunt
1002 4884 1167 4965 sacrilegi:
1221 4884 1408 4948 caecitatis?
1450 4906 1529 4967 quos
1568 4887 1684 4951 surdos
1717 4890 1834 4955 vocas?
1888 4893 1961 4956 Hoc
1996 4893 2054 4957 tibi
2089 4915 2195 4960 sume.

193 4986 270 5066 quia
300 4983 473 5064 praecipua
501 5001 575 5063 pars
605 4979 713 5045 cultus
744 4974 849 5040 divini
878 4973 914 5036 in
937 4971 1000 5035 fids
1023 4980 1055 5034 et
1076 4969 1167 5033 inve·
1221 4967 1304 5046 Quis
1337 4989 1450 5033 caecus
1479 4973 1541 5035 nisi
1573 4971 1630 5034 tu?
1677 4973 1814 5039 Perinde
1840 4978 1939 5059 igitur
1969 5000 2040 5044 csse
2063 4990 2197 5064 putant,

193 5070 321 5134 catione
340 5069 404 5132 sita
422 5078 481 5145 est,
504 5087 582 5149 quas
603 5065 656 5130 hic
675 5063 825 5146 designat
843 5057 1010 5142 propheta.
1044 5054 1168 5150 Quaeri
1220 5072 1257 5127 ao
1285 5054 1312 5116 ai
1343 5053 1503 5119 Dominus
1533 5057 1751 5138 expostularet
1780 5081 1851 5125 eum
1875 5063 2007 5128 Iudaeis
2039 5065 2075 5129 in
2105 5065 2197 5130 huno

192 5164 308 5238 potest,
337 5174 379 5217 an
412 5152 491 5218 adso
521 5150 646 5234 stupidi
670 5149 798 5221 fuerint,
830 5151 866 5208 ut
888 5142 1063 5209 simulacro
1085 5138 1169 5236 dice
1221 5138 1370 5203 modum:
1413 5140 1515 5204 Video
1557 5142 1730 5222 prophetas
1763 5167 1850 5211 meos
1884 5149 1974 5214 vobis
2009 5171 2124 5219 cascos
2159 5172 2198 5217 ac

192 5250 283 5306 rent:
307 5240 357 5304 Tu
380 5259 414 5304 ss
437 5239 529 5303 Deus
552 5259 651 5303 meua.
694 5232 819 5299 Omnes
840 5231 928 5295 enim
951 5234 1169 5308 superstitiosi
1197 5262 1198 5268 κ
1222 5221 1336 5286 surdos
1365 5245 1444 5289 esse.
1497 5226 1638 5303 Verum,
1669 5226 1753 5294 hanc
1781 5233 2085 5315 interpretationem
2116 5259 2198 5303 oon·
