4784 5970
192 388 235 455 95
1072 383 1122 450 IN
1143 383 1311 452 lselart
2145 382 2188 448 96

189 575 360 657 Chanaan,
389 596 473 660 6666
502 574 614 642 eiectis
644 573 775 658 regibus
804 572 924 656 populo
952 572 1073 638 tradita
1097 576 1158 639 661.
1212 583 1245 639 61
1274 574 1385 639 166161
1406 571 1600 639 desiderium
1622 573 1767 639 omnium
1788 575 1947 657 gentium,
1976 573 2186 658 impleboquo

188 662 282 728 Idem
321 662 393 746 6661
425 660 543 745 ταύτης
577 657 835 744 παλιγγὲνεσίας,
874 679 940 741 666
972 657 1109 740 populus
1141 680 1160 724 e
1212 658 1345 724 domum
1377 659 1474 725 iatam
1506 659 1624 743 gloria,
1664 657 1743 725 dicit
1775 659 1933 726 Dominus
1966 660 2184 727 exercituum.

189 747 358 832 Babylone
391 757 522 829 ereptus
555 756 652 829 atque
686 750 719 810 in
748 745 887 827 patriam
916 744 1070 810 reduetus
1099 754 1157 822 661,
1212 745 1324 810 116616
1344 752 1394 810 est
1416 754 1596 828 argentum,
1619 765 1728 809 meum
1749 756 1799 810 eet
1821 765 1948 824 aurum,
1970 744 2051 811 dicit
2073 746 2185 812 Domi-

188 834 313 900 oenseri
343 832 448 897 debet.
496 831 582 897 Nam
611 831 806 896 instauratio
835 829 959 894 illaad
989 829 1160 896 exitume
1211 851 1276 895 nus
1304 831 1518 895 exercituum.
1570 830 1678 895 Maior
1711 829 1774 896 erit
1805 829 1911 912 gloria
1941 830 2057 897 domne
2087 832 2185 901 istius

188 919 360 1004 Babylone
388 917 615 1000 restringenda
641 938 707 981 non
737 928 803 994 est,
836 915 893 981 sed
919 914 959 980 ad
990 915 1159 980 Christum
1212 916 1398 995 posterioris
1436 936 1535 998 quam
1574 916 1699 999 prioris.
1755 915 2038 996 Quemadmodum
2080 917 2185 1003 igitur

189 1024 293 1088 neque
319 1002 542 1069 extendenda:
576 1023 638 1085 666
668 1009 734 1067 1616
763 1010 910 1085 tempore
939 1021 1077 1084 magnae
1105 1021 1159 1066 rea
1210 1000 1390 1085 Haggaeus
1410 1001 1681 1067 instaurationem
1703 1000 1817 1083 templi
1835 1001 1876 1067 ad
1891 1001 2063 1069 Christum
2081 1024 2185 1087 66666

189 1090 303 1172 procul
333 1089 430 1154 dubio
460 1097 493 1153 et
518 1086 699 1171 stupendae
725 1094 915 1153 evenerunt.
958 1086 1079 1152 Annon
1102 1085 1159 1151 ad·
1210 1086 1388 1164 continuat,
1419 1096 1452 1150 61
1479 1107 1593 1152 veram
1620 1090 1689 1153 eius
1714 1086 1851 1169 gloriam
1874 1086 1914 1151 61
1936 1087 2044 1170 ipsum
2067 1090 2183 1155 refert:

190 1174 336 1239 mirabile
366 1174 426 1239 1611
453 1175 583 1257 6661116
606 1173 733 1257 666616,
762 1193 859 1255 quem
882 1184 920 1236 61
942 1172 1006 1236 1116
1027 1171 1158 1254 aliquod
1210 1173 1256 1236 ita
1285 1172 1366 1239 haec
1393 1171 1541 1238 liberatio
1570 1170 1636 1258 (rea
1658 1172 1745 1237 enim
1775 1173 1966 1239 coniunctae
1995 1181 2054 1240 aut
2075 1176 2185 1258 potius

190 1260 389 1343 mancipium
408 1281 521 1324 omnes
538 1260 798 1334 contemnebant,
818 1259 883 1322 imo
900 1278 980 1323 vero
998 1266 1035 1322 ut
1053 1259 1159 1324 scelus
1211 1257 1342 1323 eaedem
1375 1257 1465 1343 6661)
1498 1258 1539 1324 61
1561 1257 1731 1324 Christum
1764 1278 1866 1340 usque
1900 1270 2081 1343 propagata
2111 1262 2184 1326 1611.

190 1346 460 1421 exsecrabantur,
501 1346 541 1410 ab
574 1345 715 1409 ethnicis
747 1344 878 1426 regibus
910 1342 1093 1408 libertatem
1127 1351 1160 1407 et
1211 1345 1319 1425 Atque
1349 1343 1396 1408 ita
1424 1344 1507 1408 nihil
1536 1345 1655 1409 mirum
1682 1343 1711 1410 ei
1740 1344 1964 1428 aegyptiacam
1994 1345 2185 1412 antecelluit

190 1430 348 1497 redeundi
376 1431 563 1496 facultatem
593 1427 685 1494 dari?
716 1450 821 1512 neque
851 1430 911 1494 hoo
936 1438 1073 1507 tantum,
1102 1428 1159 1495 661
1211 1429 1361 1493 omnibus
1384 1429 1496 1494 modis.

189 1529 390 1583 commeatus
412 1516 568 1599 praeberi,
589 1525 685 1598 atque
707 1514 770 1579 6116
792 1534 873 1598 6666
892 1523 962 1578 tum
980 1515 1013 1578 in
1031 1515 1158 1592 itinere,
1296 1515 1348 1579 20.
1371 1514 1563 1598 (Honorabit
1586 1535 1634 1580 me
1655 1515 1753 1580 bestie
1772 1514 1867 1601 6611.)
1911 1515 2065 1582 11661661
2087 1536 2184 1601 6666-

190 1608 261 1666 tum
294 1602 380 1665 domi
410 1601 451 1665 61
480 1623 532 1666 166
560 1599 819 1678 constituendas,
854 1600 894 1665 ad
924 1597 1158 1665 aedificandam
1211 1600 1328 1664 riorem
1358 1597 1564 1666 sententiam.
1615 1600 1701 1665 Nam
1734 1601 1768 1664 in
1799 1611 1892 1664 tanta
1924 1621 2034 1666 rernm
2069 1602 2183 1686 despe-

190 1688 367 1764 oivitatem‚
397 1686 437 1750 61
466 1686 699 1752 exstruendum
730 1685 886 1766 templum
910 1687 1090 1751 necessaria
1111 1686 1159 1750 16-
1210 1685 1353 1762 1611666,
1392 1685 1457 1750 Dei
1489 1687 1646 1752 virtutem
1680 1687 1852 1769 magnifice
1883 1687 1997 1752 extolli
2029 1689 2184 1771 oportuit,

188 1772 286 1837 rent?
320 1772 387 1838 Sed
410 1772 513 1837 multo
535 1772 658 1836 maiora
678 1781 815 1854 sequuta
837 1787 924 1851 sunt,
946 1792 1046 1853 quum
1065 1770 1159 1854 pauci
1211 1780 1249 1834 ut
1280 1771 1485 1853 suppleretur
1521 1772 1622 1836 verbo
1655 1771 1739 1853 quod
1773 1771 1822 1837 rei
1857 1771 1968 1838 deesse
1998 1773 2184 1842 videbatur.

190 1858 297 1923 redire
320 1857 451 1933 vellent,
475 1858 584 1940 sieque
603 1858 721 1922 animis
741 1858 844 1922 fracta
861 1864 945 1922 esset
963 1858 1066 1921 maior
1085 1878 1159 1939 pars
1213 1855 1384 1940 Significat
1413 1866 1521 1921 autem
1549 1859 1705 1923 virtutem
1729 1857 1862 1921 Domini
1889 1869 1955 1921 tam
1978 1868 2126 1942 apertam
2151 1874 2184 1924 et

190 1954 227 2008 ut
257 1944 408 2009 miseram
437 1945 628 2008 servitutem
658 1942 836 2025 praeferret
863 1943 975 2007 beatae
1009 1942 1160 2007 libertati.
1211 1944 1415 2024 conspicuam
1443 1943 1521 2019 1616,
1551 1950 1588 2008 61
1615 1943 1705 2024 16666
1734 1941 1858 2007 bestiae
1883 1944 1953 2008 eius
1982 1965 2085 2009 sensu
2111 1966 2184 2028 per·

190 2028 313 2110 Quum,
342 2028 486 2111 inquam,
509 2050 586 2111 prae
608 2030 734 2112 ingenti
756 2028 813 2092 illa
834 2028 1055 2111 multitudine,
1078 2048 1160 2111 quae
1211 2028 1321 2093 661666
1343 2028 1450 2092 Deum
1480 2038 1657 2111 agnoscant
1681 2048 1718 2094 66
1741 2038 1948 2093 venerentur.
1992 2030 2185 2112 Respondet

191 2115 330 2181 abducta
351 2116 466 2192 166161,
489 2115 582 2196 66661
604 2115 639 2178 16
662 2114 817 2178 Iudaeam
839 2113 994 2193 redirent,
1018 2114 1161 2178 maxima
1212 2113 1272 2177 hoo
1290 2113 1480 2177 vaticinium
1499 2115 1639 2178 cantico:
1662 2113 1756 2179 Mare
1773 2114 1854 2180 vidit
1868 2124 1900 2179 et
1915 2114 2010 2198 fugit,
2032 2115 2184 2182 Iordanis

191 2201 298 2267 adhuc
314 2199 548 2282 impedimenta
565 2200 656 2264 illata
673 2204 759 2263 eunt.
790 2199 1058 2282 Conspirationes
1073 2200 1161 2263 enim
1212 2220 1326 2265 versus
1349 2209 1399 2263 661
1421 2207 1615 2264 retrorsum:
1639 2208 1764 2264 montes
1785 2199 1980 2265 exsilierunt
2000 2208 2036 2265 ut
2054 2203 2184 2285 arietes,

190 2288 304 2364 166166,
327 2285 529 2350 inflammata
551 2285 625 2348 odia
646 2286 681 2348 in
703 2284 861 2367 populum
883 2293 978 2349 antea
992 2284 1067 2367 plus
1081 2286 1161 2349 satis
1213 2294 1247 2350 et
1267 2284 1366 2350 colles
1388 2285 1473 2348 61661
1495 2286 1571 2368 agni
1594 2284 1723 2348 ovium:
1751 2307 1770 2348 a
1793 2285 1874 2351 16616
1897 2284 2035 2350 Domini
2054 2297 2185 2353 666116-

191 2393 337 2449 exosum,
365 2371 586 2454 interruptum
607 2391 698 2452 opus,
726 2391 901 2452 omnesque
922 2371 996 2434 viae
1018 2378 1161 2434 tentatae
1214 2371 1297 2434 muit
1329 2379 1417 2435 terra
1448 2369 1550 2453 (Psal.
1583 2371 1654 2446 114,
1685 2369 1728 2455 3).
1779 2370 1929 2435 Eundem
1963 2370 2017 2437 hio
2050 2394 2185 2438 sensum

191 2455 308 2539 quibus
330 2457 462 2520 omnino
485 2455 647 2539 prohiberi
670 2465 787 2538 posset.
828 2456 942 2537 ltaque
964 2456 1085 2520 frustra
1107 2475 1162 2519 eos
1213 2455 1363 2520 attribuit
1383 2454 1486 2521 166166
1516 2457 1621 2520 brutis
1652 2456 1861 2521 animalibus:
1892 2457 1969 2538 quia
1993 2476 2114 2524 616666
2136 2461 2186 2523 in·

192 2542 360 2607 reduxisse
381 2540 553 2607 videbatur
570 2540 743 2617 Dominus,
766 2561 868 2623 quum
892 2541 994 2605 multo
1013 2542 1162 2624 graviora
1214 2543 1336 2606 stinctu
1351 2540 1465 2606 oedere
1480 2552 1646 2624 cogentur,
1663 2553 1700 2604 ut
1715 2562 1863 2606 securum
1878 2542 1996 2624 populo
2009 2544 2186 2609 transitum

191 2629 272 2713 ipsis
301 2627 443 2710 pericula
470 2628 687 2692 imminerent.
732 2627 910 2692 Exstruoto
932 2627 1052 2709 templo
1074 2625 1162 2690 haud
1213 2626 1397 2709 praebeant.
1432 2625 1630 2709 Quanquam
1650 2627 1777 2710 longius
1795 2634 1887 2710 patet
1900 2647 2015 2693 causae
2031 2629 2185 2695 redditio:

192 2713 428 2796 tranquillioris
458 2718 564 2778 status
593 2712 688 2796 potiti
715 2718 803 2776 sunt.
847 2712 955 2776 Erant
976 2713 1064 2776 enim
1087 2732 1160 2796 gra·
1214 2712 1300 2794 quod
1320 2712 1443 2778 scilicet
1460 2713 1551 2778 velnt
1568 2713 1706 2777 attonita
1720 2713 1898 2778 subsistent
1913 2713 1993 2778 visis
2008 2713 2185 2781 miraculis.

193 2800 335 2865 vissimis
370 2808 404 2863 et
437 2798 653 2865 infestissimis
685 2796 835 2863 hostibus
867 2796 1073 2880 6611666666
1106 2796 1161 2863 ob·
1213 2798 1388 2882 Significat
1420 2799 1455 2862 in
1485 2818 1615 2863 summa
1640 2797 1747 2874 Deus,
1782 2819 1817 2863 se
1849 2819 1916 2862 non
1943 2818 2120 2881 passurum
2148 2813 2187 2865 nt

192 2887 287 2967 septi,
310 2905 329 2948 a
346 2884 464 2966 quibus
479 2904 599 2966 magne
614 2905 711 2967 saepe
726 2883 931 2949 incommoda
945 2882 1160 2949 sustinebant.
1214 2884 1351 2967 populus
1368 2884 1465 2948 rebus
1482 2884 1674 2949 necessariis
1690 2881 1865 2948 destitutus
1879 2885 1944 2949 iter
1958 2896 2045 2950 retro
2061 2887 2185 2951 flectat:

192 2970 311 3035 Postea
326 2970 499 3048 aerumnis,
515 2968 661 3033 cladibus
676 2969 842 3050 variisque
857 2969 1161 3051 persequutionibus
1214 2970 1270 3034 sed
1309 2969 1519 3052 hyperbolice
1557 2968 1764 3035 commendat
1802 2990 1898 3035 suum
1935 2990 1971 3034 er
2045 2970 2187 3038 Iudaeo:

193 3056 340 3121 afflictati
370 3063 461 3135 sunt,
492 3065 528 3118 ut
556 3057 671 3131 666611,
702 3054 809 3118 obruti
838 3074 875 3118 66
904 3074 1036 3136 6161666
1065 3053 1162 3117 161611
1214 3073 1374 3131 amorem,
1408 3066 1443 3118 ut
1475 3054 1544 3138 spei
1577 3074 1655 3118 snae
1686 3055 1859 3119 altitudine
1889 3076 1968 3120 mun
1992 3076 2048 3121 um
2078 3067 2186 3123 trane·

193 3150 396 3224 putarentur.
441 3140 486 3204 111
516 3140 682 3203 tamenin
705 3139 821 3203 mediis
843 3138 994 3204 caedibus
1016 3140 1162 3202 6111661-
1215 3139 1382 3204 scandant.
1437 3138 1506 3204 Nos
1542 3160 1667 3222 quoque
1707 3140 1785 3204 dum
1820 3141 1901 3207 haec
1933 3140 2104 3222 audimus,
2145 3163 2186 3209 ne

193 3228 256 3293 mis
285 3225 476 3290 mirabiliter
505 3246 524 3289 a
552 3224 623 3288 Deo
657 3224 842 3289 conservati
873 3234 960 3289 6661.
1011 3222 1107 3304 Quod
1135 3224 1163 3288 61
1215 3225 1390 3289 metiamur
1422 3223 1486 3289 Dei
1519 3225 1696 3307 potentiam
1734 3247 1775 3290 ex
1808 3246 1918 3291 rerum
1949 3235 2089 3293 natura:
2128 3228 2185 3295 aed

192 3314 349 3378 miserum
388 3317 421 3375 et
460 3311 623 3375 infelicem
662 3329 773 3374 eorum
807 3318 943 3386 statum,
982 3318 1016 3374 et
1047 3328 1163 3392 graves
1214 3309 1278 3374 1116
1300 3329 1399 3392 66616
1420 3311 1531 3375 omnia
1552 3331 1633 3392 quae
1650 3312 1739 3378 66161
1756 3324 1813 3376 661
1831 3311 2032 3395 apprehendi
2050 3325 2187 3396 possunt

193 3404 406 3481 tyrannorum
422 3397 688 3478 persequutiones
703 3394 952 3471 consideremus,
972 3394 1163 3459 mirabimur
1214 3395 1401 3461 evehamur.
1452 3394 1524 3459 Iam
1555 3417 1631 3462 vero
1660 3419 1701 3461 ne
1731 3397 1991 3463 alienationissi
2039 3419 2186 3483 66666

193 3484 246 3549 161
274 3503 377 3548 nnum
408 3490 536 3545 tantum
565 3502 606 3546 ex
634 3480 712 3562 ipsis
735 3481 895 3563 reliquum
918 3500 987 3545 esse
1010 3481 1161 3562 potuisse.
1213 3481 1361 3547 coelestis
1390 3481 1516 3564 gratiae
1544 3490 1576 3546 et
1605 3482 1718 3547 auxilii
1748 3484 1885 3548 miseros
1912 3503 1971 3548 666
2010 3504 2044 3549 ee
2067 3499 2186 3565 616661,

193 3570 240 3637 Ut
268 3589 346 3651 ergo
373 3566 596 3649 intelligamus
625 3575 746 3648 quanta
775 3567 962 3649 posterioris
991 3565 1089 3630 huius
1111 3587 1162 3631 re·
1215 3576 1345 3633 revocat
1361 3565 1427 3632 illis
1446 3566 1627 3649 adoptionis
1642 3589 1721 3633 6666
1736 3570 1941 3633 memoriam:
1959 3568 2188 3652 qnasidiceret

194 3654 389 3737 demptionis
429 3652 630 3735 praestantia
670 3653 745 3735 luit,
784 3673 847 3734 666
888 3651 985 3717 modo
1021 3651 1162 3734 priorem
1213 3673 1268 3718 eos
1297 3653 1332 3716 in
1361 3652 1549 3718 tristissima
1578 3652 1787 3736 dissipatione
1824 3674 1955 3718 manere
1988 3669 2099 3720 tamen
2129 3678 2187 3738 po·

194 3739 370 3823 superavit,
401 3738 441 3802 ad
472 3737 641 3802 Christum
672 3758 774 3820 usque
802 3735 1021 3803 continuanda
1050 3747 1083 3801 et
1110 3736 1163 3802 de·
1213 3739 1327 3822 pulum
1347 3739 1426 3803 Dei:
1461 3739 1536 3820 quia
1568 3739 1741 3804 consilium
1774 3761 1839 3804 non
1868 3748 1973 3804 mutet
2001 3742 2057 3822 qui
2085 3741 2188 3807 semel

195 3823 342 3890 ducenda
367 3833 425 3901 est,
455 3843 560 3904 aquo
582 3824 699 3906 ingens
721 3824 882 3905 prioribus
904 3823 1070 3888 beneficiis
1091 3834 1163 3887 tan·
1214 3846 1269 3890 eos
1297 3823 1405 3907 elegit.
1449 3824 1539 3908 Ergo
1561 3826 1687 3906 quoties
1709 3824 1874 3891 animandi
1897 3827 2018 3891 erimus
2039 3826 2082 3892 ad
2105 3827 2187 3893 bene

195 3911 269 3976 dem
291 3908 440 3976 cumulus
462 3908 591 3973 additus
612 3917 671 3973 661.
702 3907 756 3972 116
776 3910 912 3974 minime
933 3908 1067 3973 dubium
1084 3909 1163 3990 quin
1214 3907 1428 3992 sperandum,
1469 3921 1618 3975 occurrat
1652 3911 1746 3976 nobis
1779 3911 1842 3975 Dei
1875 3912 2017 3976 vocatio:
2054 3915 2187 3980 tametsi

196 3994 338 4062 secunda
359 3993 536 4075 redemptio
555 3993 693 4077 primam
714 3993 811 4076 longo
829 3993 1004 4059 intervallo
1022 4006 1163 4075 superet.
1214 3995 1300 4060 enim
1331 3994 1457 4077 indigni
1487 4016 1614 4073 eumue,
1643 3997 1792 4061 sufficere
1821 4006 1931 4061 tamen
1960 3997 2070 4078 debet,
2100 3998 2187 4083 quod

194 4082 287 4147 Haec
319 4080 543 4162 interpretatio
575 4079 658 4143 nihil
692 4079 790 4143 habet
820 4079 938 4161 coaoti,
979 4088 1012 4143 et
1045 4079 1164 4143 usitato
1216 4102 1274 4145 666
1296 4079 1460 4144 Dominus
1484 4089 1576 4144 16616
1598 4081 1721 4146 honore
1744 4081 1900 4165 dignatus
1922 4095 1981 4148 661.

195 4167 429 4251 prophetarum
459 4165 545 4249 stylo
574 4171 794 4230 consentanea
816 4174 874 4229 661.
918 4165 1056 4247 Semper
1077 4166 1163 4228 enim
1301 4165 1351 4228 21.
1374 4163 1893 4252 (Ρ666161611666616661111111.)
1924 4168 2099 4252 Significat
2118 4168 2186 4236 Do·

195 4252 351 4319 Messinm
379 4271 437 4333 pro
466 4252 524 4315 fini
553 4249 690 4328 habent,
720 4260 817 4332 atque
844 4251 879 4315 in
908 4271 982 4315 eum
1008 4263 1164 4332 perpetuo
1216 4250 1339 4315 minum
1371 4251 1554 4316 necessario
1580 4252 1743 4317 facturum
1765 4254 1851 4336 quod
1873 4255 1964 4335 prius
1985 4253 2080 4331 dixit,
2108 4277 2187 4337 quo·

195 4337 378 4403 intendunt.
423 4335 489 4401 Sed
519 4335 581 4401 hoc
608 4335 752 4418 apertius
774 4334 896 4414 reddet,
919 4336 1003 4419 quod
1026 4337 1165 4401 16161161
1217 4337 1304 4401 niam
1337 4337 1472 4400 interest
1505 4337 1627 4420 gloriae
1662 4338 1764 4421 ipsius
1794 4339 1962 4422 populum,
1997 4360 2096 4421 quem
2125 4339 2186 4405 sibi

196 4424 237 4489 ab
259 4423 426 4505 Haggaeo.
471 4420 555 4485 Nam
579 4441 681 4503 quum
704 4422 880 4486 instaurari
903 4423 1060 4503 coepisset
1082 4430 1165 4484 tem·
1217 4422 1346 4505 delegit,
1368 4423 1563 4491 conservari.
1609 4423 1751 4488 Proinde
1773 4425 1853 4490 haec
1874 4445 1999 4508 quoque
2020 4425 2123 4491 verba
2145 4425 2186 4491 61

195 4508 303 4592 plum,
344 4526 451 4586 senes,
492 4506 547 4588 qui
587 4506 684 4588 prisci
715 4506 802 4571 illius
836 4507 970 4590 gloriam
1004 4505 1164 4585 11161661,
1216 4507 1325 4591 666611
1347 4506 1601 4573 consolationem
1623 4511 1805 4590 pertinent:
1828 4511 1882 4576 An
1904 4511 2026 4592 putatis
2044 4532 2097 4575 me
2115 4531 2187 4594 pas·

197 4593 449 4677 ingemiscentes
487 4592 549 4656 hoc
587 4592 667 4655 nihil
708 4613 786 4674 prae
824 4591 881 4656 illo
918 4613 988 4657 esse
1019 4592 1163 4657 aiebant:
1216 4615 1327 4658 surum
1369 4601 1405 4656 ut
1443 4592 1547 4674 gloria
1578 4615 1652 4659 mea
1688 4596 1857 4660 concidat?
1896 4595 1985 4678 atqui
2017 4615 2056 4660 66
2088 4597 2187 4662 saluti

195 4699 376 4763 parumque
405 4677 515 4742 aberat
544 4678 621 4758 quin
651 4698 686 4742 se
715 4677 888 4742 destitutos
914 4698 933 4740 6
955 4676 1036 4751 Deo,
1068 4687 1165 4758 atque
1215 4689 1345 4743 1661166
1375 4679 1548 4746 666166616
1581 4693 1640 4748 661.
1694 4681 1815 4746 Vestra
1847 4681 1949 4764 igitur
1980 4681 2071 4747 salus
2104 4683 2186 4748 mihi

196 4765 308 4830 irritae
338 4763 569 4848 promissiones
598 4783 670 4827 esse
697 4764 944 4828 arbitrarentur.
988 4763 1165 4845 Haggaeus
1216 4785 1313 4830 curae
1331 4765 1404 4828 erit.
1438 4762 1563 4831 Scitote
1581 4766 1718 4848 denique
1736 4787 1794 4830 vos
1813 4768 1880 4831 1616
1897 4765 2012 4845 661166,
2031 4769 2185 4849 quoniam

196 4872 286 4927 vero,
315 4862 353 4915 61
383 4849 471 4931 16666
497 4847 691 4924 6666616161,
721 4859 754 4912 61
782 4849 937 4913 maiorem
968 4849 1042 4912 novi
1067 4848 1165 4913 huius
1216 4850 1350 4915 interire
1373 4868 1437 4913 non
1460 4851 1594 4933 potestis
1612 4853 1689 4933 6616
1708 4852 1811 4933 gloria
1829 4852 1926 4917 simul
1944 4873 2016 4916 mea
2033 4853 2185 4920 intereat.

198 4937 311 5019 templi
352 4935 489 5020 gloriam
524 4933 592 4997 1616
624 4935 808 5017 confirmet,
848 4935 996 5016 quamvis
1029 4932 1164 4998 aedificii
1216 4935 1318 5000 Eritis
1340 4956 1417 5018 ergo
1439 4938 1643 5017 superstites:
1667 4939 1743 5019 6616
1764 4937 1901 5020 gloriam
1924 4957 2029 5001 meam
2052 4959 2073 5003 a
2094 4940 2186 5005 vobis

198 5031 365 5086 structura
383 5020 479 5104 longe
497 5028 583 5083 esset
599 5018 744 5098 16161166,
767 5021 853 5102 16666
870 5019 912 5084 61
931 5019 1165 5101 redemptorem
1216 5029 1372 5104 perpetuo
1409 5021 1565 5085 celebrari
1598 5022 1678 5086 volo.
1734 5022 1843 5101 Quum
1878 5026 1924 5088 ait
1956 5045 1991 5088 66
2024 5025 2185 5107 populum

198 5105 339 5171 adducit.
374 5106 430 5172 Sio
451 5106 497 5170 ait
514 5103 677 5169 Dominus
699 5108 909 5185 exercituum,
931 5105 1035 5187 inquit
1057 5103 1099 5189 (2,
1123 5104 1164 5189 1),
1216 5127 1351 5185 creasse,
1377 5105 1600 5188 intelligamus
1623 5106 1655 5170 id
1679 5130 1698 5171 a
1720 5108 1959 5190 supernaturali
1981 5112 2089 5193 gratia
2113 5132 2186 5193 pro·

198 5191 317 5258 Adhuc
345 5192 455 5270 semel,
482 5189 578 5272 idque
600 5189 707 5255 brevi:
737 5211 797 5275 ego
819 5191 1029 5256 commovebo
1051 5190 1165 5272 coelos,
1217 5191 1325 5268 ficisoi,
1356 5192 1440 5272 quod
1472 5191 1610 5274 populus
1632 5191 1695 5256 Dei
1723 5215 1845 5259 sumus.
1891 5195 1975 5260 Nam
2006 5198 2185 5263 tenendum

200 5287 233 5342 et
254 5286 385 5358 terram,
408 5298 507 5355 mare,
537 5284 570 5342 et
590 5275 823 5355 continentem,
852 5289 885 5341 et
905 5296 1019 5341 omnes
1041 5285 1166 5358 gentes,
1217 5276 1296 5342 illud
1319 5278 1514 5360 principium
1532 5276 1571 5341 de
1593 5297 1657 5359 quo
1678 5289 1774 5345 antea
1792 5278 1949 5346 diximus:
1973 5280 2114 5350 hicnon
2132 5285 2186 5368 agi
