4784 5970
1071 336 1123 403 IN
1143 337 1311 405 ISAIAM

188 343 253 409 ιιι
2132 329 2266 433 2³⁶.

279 532 328 597 13.
352 529 410 614 (Et
431 529 525 594 oblita
546 528 601 614 aa.)
635 527 704 593 Nec
724 548 801 592 vero
823 526 902 592 satis
920 536 971 592 est
988 525 1162 610 imaginari
1186 538 1190 561 ¹
1216 547 1329 603 neum,
1363 526 1460 592 breve
1481 538 1540 593 est.
1585 527 1631 592 Et
1652 535 1739 591 certe
1769 526 1869 591 breve
1897 523 1961 591 fuit
1986 531 2135 607 tempus,
2164 523 2193 587 ιι

191 619 333 701 aliquem
352 638 424 681 esse
442 615 560 692 Deum,
583 613 639 679 sed
657 635 730 679 cum
754 633 929 698 agnoscere
952 620 989 677 ut
1007 622 1161 692 nostrum,
1214 612 1424 678 monarchiae
1445 612 1535 679 illius
1557 622 1682 679 statum
1703 610 1897 690 consideres,
1924 630 2009 692 qnae
2031 623 2102 674 tam
2123 629 2193 675 am·

192 716 224 769 ct
244 702 396 785 amplecti
418 701 583 765 debemus.
620 699 716 780 Quod
736 700 883 781 factorem
905 708 1008 778 vocat,
1030 698 1070 762 ad
1093 698 1163 763 uni·
1214 699 1283 781 pla,
1315 707 1446 780 tamque
1475 699 1571 764 firma
1594 705 1680 776 erat,
1711 708 1748 762 ut
1770 696 1861 762 nullo
1884 715 1965 762 aevo
1988 694 2075 760 dirui
2099 716 2192 778 posse

191 789 351 855 versalem
381 786 579 853 creationem
610 784 815 850 referendum
844 804 908 849 non
939 795 1002 861 est,
1035 783 1093 849 sed
1121 782 1162 848 ad
1215 783 1391 850 videretur.
1436 783 1530 864 Quae
1559 805 1636 867 ergo
1664 783 1756 849 nobis
1785 783 1941 848 videntur
1972 779 2130 846 diuturna
2157 781 2191 845 in

191 874 474 960 regenerationem
506 870 728 953 spiritualem:
761 870 858 936 sicuti
887 871 952 934 iam
981 869 1053 934 aliis
1083 868 1163 935 locis
1215 871 1383 952 promissis
1408 871 1470 936 Dei
1500 872 1612 936 brevia
1642 868 1856 945 videbuntur,
1890 866 1984 932 modo
2015 886 2058 931 nc
2083 867 2192 932 oculos

191 961 387 1026 monuimus.
443 957 517 1037 Quo
551 978 649 1022 sensu
686 977 839 1022 vocamur
874 959 974 1021 etium
1006 978 1026 1019 a
1058 954 1162 1020 Paulo
1188 964 1191 1099 y
1214 955 1250 1018 in
1269 955 1394 1021 coelum
1417 955 1567 1021 attollere
1590 957 1707 1039 pigeat.
1743 953 1884 1020 Sensum
1908 953 1997 1019 huuc
2016 953 2192 1019 confirmat

191 1046 380 1132 (Ephes2,
405 1043 457 1128 10)
484 1045 521 1106 τὸ
542 1041 663 1126 ποίημα
685 1043 763 1122 Dei,
792 1041 877 1125 quod
900 1040 940 1104 ad
964 1062 1060 1106 omne
1081 1062 1163 1123 opus
1215 1040 1299 1122 quod
1322 1043 1469 1124 proxime
1491 1043 1654 1124 sequitur:
1686 1040 1736 1106 Ne
1759 1041 1917 1106 moriatur
1938 1039 1972 1103 in
1996 1039 2095 1104 fovea
2116 1059 2191 1121 cap·

191 1135 313 1198 bonum
345 1132 385 1195 ab
414 1131 485 1212 ipso
518 1132 619 1194 creati
651 1129 762 1194 simus.
812 1128 901 1211 Ergo
930 1127 959 1192 si
987 1128 1163 1194 creationis
1216 1129 1312 1192 tivus.
1355 1127 1447 1193 Haeo
1468 1128 1571 1210 igitur
1594 1127 1656 1191 Dei
1680 1127 1843 1191 festinatio
1864 1135 1923 1204 ost,
1946 1124 1988 1189 ad
2010 1144 2089 1190 suos
2113 1122 2190 1188 libe·

191 1233 323 1284 nostrae
345 1232 377 1280 et
399 1215 580 1298 adoptionis
603 1234 764 1278 memores
786 1233 910 1294 sumus,
933 1235 975 1278 ex
998 1213 1163 1295 principiis
1215 1212 1335 1279 randos
1358 1226 1487 1278 mature
1509 1233 1685 1288 occurrere,
1715 1223 1751 1276 ut
1773 1234 1814 1276 ex
1836 1208 1998 1295 profundo
2021 1217 2192 1293 emergant

191 1304 385 1371 continuum
414 1321 621 1383 progressum
655 1298 764 1364 licebit
792 1320 939 1381 sperare,
973 1320 1015 1363 uc
1041 1298 1162 1381 ingrati

191 1390 294 1454 simus
316 1389 398 1464 Deo,
429 1386 484 1451 ubi
506 1406 656 1450 veracem
682 1408 716 1450 sc
739 1394 829 1450 certa
857 1385 1059 1468 experientia
1088 1403 1163 1466 pro·

192 1474 290 1540 bavit.
335 1474 439 1537 Porro
466 1472 598 1554 speciali
628 1471 873 1536 benevolentiae
902 1491 967 1553 qua
988 1469 1080 1535 Deus
1106 1489 1163 1551 po·

191 1560 306 1645 pulum
339 1559 433 1622 illum
465 1557 637 1640 amplexus
670 1566 756 1636 erat,
788 1555 887 1620 simul
920 1555 1071 1639 adiungit
1103 1557 1163 1619 im·

192 1665 339 1711 mensam
372 1645 444 1709 eius
473 1645 667 1725 potentiam,
701 1663 800 1723 quam
829 1641 963 1724 opponit
994 1640 1163 1706 hominum

192 1729 421 1804 imbecillitati,
455 1750 534 1811 quos
564 1737 661 1793 antea
693 1728 788 1792 foeno
817 1727 1029 1811 comparavit.
1081 1726 1164 1790 llam

193 1828 303 1883 autem
337 1816 377 1881 ab
409 1815 561 1896 operibus
597 1813 814 1890 demonstrat,
854 1824 891 1878 ιι
924 1813 1164 1894 stupidissimos

192 1925 263 1968 csse
285 1910 432 1984 oporteat
455 1901 508 1982 qui
527 1920 598 1964 eam
618 1920 683 1964 non
702 1897 978 1965 animadvertant:
1002 1920 1061 1964 nec
1079 1897 1165 1963 enim

193 1988 305 2055 oculos
326 1987 428 2051 ullam
450 1988 485 2050 in
508 1995 632 2067 partem
654 1990 845 2051 convortere
868 2006 1055 2067 possumus,
1086 1984 1165 2066 quio

193 2073 397 2156 amplissima
419 2071 548 2137 divinae
571 2071 723 2136 bonitatis
743 2079 775 2135 et
793 2072 957 2152 potentiae
980 2069 1166 2135 testimonia

194 2181 264 2226 sese
286 2159 442 2224 offerant:
465 2178 547 2240 quae
565 2165 675 2222 tamen
698 2178 756 2238 per
773 2155 998 2241 synecdochen
1022 2155 1166 2221 breviter

194 2246 361 2328 designat,
391 2266 491 2325 quum
523 2242 599 2308 dicit
622 2243 727 2307 coelos
750 2241 790 2306 ab
812 2263 850 2307 eo
873 2262 1034 2325 expansos
1056 2240 1166 2317 fuisse,

195 2345 380 2413 terramque
409 2326 589 2393 fundatam.
634 2328 791 2393 Summae
818 2327 919 2411 igitur
942 2326 1113 2393 vecordiae
1135 2337 1168 2389 et

193 2417 344 2501 ignaviae
366 2428 425 2492 est,
447 2413 552 2496 ipsius
574 2413 730 2490 oblivisci,
753 2434 852 2496 quum
876 2421 924 2477 tot
945 2413 1049 2496 signis
1071 2421 1168 2494 atque

195 2501 417 2567 monumentis
439 2500 473 2563 in
495 2501 684 2564 memoriam
708 2499 877 2565 hominum
900 2508 1078 2564 revocetur.

281 2586 338 2672 (Et
357 2584 563 2669 formidasti.)
608 2585 820 2667 Persequitur
840 2584 977 2650 eandem
998 2604 1167 2665 compara·

195 2675 329 2738 tionem.
374 2671 463 2752 Quid
493 2673 581 2735 enim
610 2683 688 2735 sunt
717 2670 873 2751 homines,
906 2671 1021 2753 inquit,
1055 2682 1092 2733 ut
1114 2689 1168 2734 eos

195 2757 393 2836 reformides,
415 2757 443 2821 si
465 2778 540 2822 cum
559 2756 630 2822 Deo
652 2777 829 2840 compares,
851 2759 905 2839 qui
929 2755 1087 2822 auxilium
1111 2755 1168 2820 tibi

195 2867 291 2910 suum
323 2842 505 2926 promittit?
542 2845 647 2908 Atrox
674 2854 762 2908 certe
791 2845 827 2908 lit
848 2843 971 2908 iniuria
992 2842 1073 2916 Deo,
1104 2842 1168 2906 nisi

196 2929 413 3012 potentiorem
439 2930 546 3009 ipsum
568 2927 609 2991 ad
632 2950 690 2993 nos
712 2929 906 3005 servandos,
937 2949 1035 3011 quam
1059 2927 1169 2992 hostes

197 3015 237 3078 ad
262 3013 441 3096 perdendos
464 3034 534 3077 csse
557 3012 789 3095 intelligamus.
821 3014 904 3077 Vult
926 3035 1003 3097 ergo
1025 3012 1168 3078 conside·

198 3100 265 3164 rari
287 3099 449 3162 Dominus
472 3120 490 3160 a
513 3098 606 3162 nobis
628 3100 778 3179 quisnam
801 3107 834 3162 ot
856 3098 960 3179 qualis
983 3099 1040 3174 sit,
1071 3118 1170 3179 quam

198 3185 295 3267 longo
318 3190 352 3247 et
373 3184 438 3248 late
461 3191 571 3265 pateat
593 3183 662 3248 eius
686 3183 845 3264 potentia,
875 3204 915 3248 ne
938 3183 1085 3247 mortalis
1113 3182 1170 3247 ho·

198 3271 297 3333 minis
320 3270 474 3343 furorem,
502 3269 555 3348 qui
580 3269 719 3332 turbinis
742 3279 798 3332 aut
820 3269 901 3332 fumi
924 3271 1028 3334 instar
1050 3289 1170 3333 evane-

199 3357 269 3434 scit,
294 3364 486 3419 metuamus.

286 3440 336 3505 14.
367 3436 526 3523 (Festinat
554 3439 668 3524 casui.)
712 3440 903 3505 Versiculos
924 3439 979 3506 hic
1002 3440 1092 3505 varie
1115 3462 1171 3504 ox·

199 3529 344 3611 ponitur:
371 3547 445 3589 nam
465 3525 562 3606 aliqui
581 3526 621 3589 ad
641 3526 766 3609 Cyrum
790 3527 903 3591 referri
925 3536 1053 3608 putant,
1076 3535 1172 3608 atque

1215 1298 1411 1364 incolumes:
1443 1321 1503 1364 nec
1533 1299 1697 1383 promittit
1719 1297 1881 1363 Dominus
1908 1294 2029 1379 populo
2060 1317 2119 1361 suo
2141 1315 2190 1359 re·

1216 1385 1386 1468 pentinum
1408 1384 1571 1467 quoddam
1593 1383 1765 1461 auxilium,
1794 1397 1830 1448 ut
1851 1403 1927 1448 eum
1949 1379 2152 1447 solummodo
2174 1403 2191 1445 e

1217 1469 1358 1535 vinculis
1380 1472 1505 1549 educat,
1528 1472 1585 1536 sed
1606 1472 1704 1536 etiam
1723 1478 1761 1534 ut
1778 1470 1951 1535 liberatum
1973 1466 2191 1534 beneficentia

1216 1575 1276 1619 sua
1297 1573 1529 1639 prosequatur:
1561 1578 1636 1622 nam
1668 1555 1778 1620 omnia
1804 1553 1897 1620 eiad
1922 1554 2043 1619 victum
2067 1563 2103 1618 et
2122 1552 2191 1618 cul·

1216 1654 1288 1705 tum
1311 1644 1493 1707 necessaria
1515 1643 1686 1724 promittit,
1710 1648 1748 1707 ut
1769 1662 1804 1707 se
1827 1649 1983 1725 perpetuo
2007 1657 2107 1705 curae
2121 1636 2190 1703 Deo

1216 1725 1288 1791 fore
1320 1727 1477 1793 confidat:
1512 1749 1572 1794 neo
1604 1728 1692 1793 enim
1725 1726 1766 1793 ad
1800 1734 2002 1792 momentum
2035 1722 2192 1808 opitulari

1217 1813 1297 1893 suis,
1320 1814 1377 1878 sed
1400 1826 1555 1896 perpetuo
1578 1813 1691 1879 adesse
1713 1813 1806 1878 solet.

1305 1898 1355 1964 15.
1389 1900 1448 1984 (Et
1469 1920 1522 1982 eqo
1544 1898 1684 1984 Ιιιιουα.)
1732 1899 1858 1964 Iterum
1891 1896 2071 1979 potentiam
2101 1915 2191 1959 suam

1218 1985 1384 2067 praedicat
1411 1986 1588 2051 Dominus:
1623 1985 1777 2068 quoniam
1811 1994 1904 2049 tanta
1936 1994 1986 2048 est
2020 1981 2192 2046 bominum

1219 2070 1400 2136 diffidentia
1427 2080 1460 2135 et
1482 2070 1628 2150 tarditas,
1651 2082 1688 2135 ut
1702 2070 1853 2153 quamvis
1876 2068 2005 2152 saepius
2027 2064 2192 2151 praedice-

1219 2166 1282 2234 tur,
1306 2166 1414 2221 ιιιιιι
1438 2156 1478 2221 de
1499 2178 1537 2221 ee
1556 2179 1620 2222 non
1638 2157 1718 2222 satis
1740 2177 1812 2222 esse
1835 2174 2006 2240 persuasos
2028 2151 2194 2218 levissima

1219 2263 1366 2324 quaeque
1396 2242 1532 2306 tentatio
1554 2242 1766 2308 demonstret.
1811 2240 1959 2308 Subinde
1982 2238 2073 2304 anim
2095 2237 2137 2303 ad
2159 2256 2193 2302 se

1220 2327 1369 2406 redeunt,
1392 2327 1469 2392 dum
1490 2338 1686 2410 premuntur
1708 2328 1817 2394 malis:
1839 2349 1900 2393 uec
1918 2325 1959 2390 ad
1976 2345 2012 2391 se
2030 2325 2194 2409 pertinere

1219 2414 1444 2497 putantquod
1467 2413 1606 2478 audiunt
1628 2435 1727 2496 penes
1750 2415 1859 2479 Deum
1880 2432 1962 2478 esse.
1998 2410 2106 2475 Porro
2128 2428 2192 2473 non

1221 2499 1366 2582 loquitur
1399 2500 1610 2582 generaliter,
1648 2500 1705 2565 sed
1739 2499 1864 2583 profert
1899 2496 2068 2580 specimen
2102 2493 2192 2571 illud,

1220 2587 1313 2651 cuius
1335 2592 1432 2650 antea
1461 2586 1647 2668 frequenter
1670 2585 1834 2650 meminit:
1864 2585 1940 2667 quia
1962 2591 2073 2666 patres
2095 2579 2193 2647 semel

1221 2671 1409 2735 redimendo
1438 2673 1576 2753 posteris
1606 2682 1757 2736 aeternae
1784 2671 1899 2737 salutis
1928 2687 2020 2750 spem
2050 2665 2192 2733 dederat

1221 2756 1364 2822 Proinde
1387 2757 1503 2821 merito
1525 2757 1687 2822 exclamat
1708 2777 1744 2822 se
1762 2755 1900 2822 eundem
1919 2773 1991 2820 esse
2005 2753 2118 2818 Deum
2139 2750 2193 2833 qui

1222 2842 1346 2925 pridem
1384 2844 1488 2908 secuit
1523 2864 1630 2907 mare:
1672 2842 1865 2908 miraculum
1905 2841 2004 2906 etiam
2041 2839 2194 2912 illustrat,

1222 2929 1342 2994 fluctus
1375 2928 1553 3010 quamlibet
1584 2949 1717 2994 sonoros
1747 2946 1805 2993 suo
1834 2938 1917 2992 nutu
1944 2947 1979 2991 se
2007 2926 2101 2991 datos
2127 2942 2196 2989 ιιιο

1223 3014 1344 3080 dicens.
1390 3013 1505 3078 Nullos
1528 3035 1605 3097 ergo
1632 3016 1751 3080 fluctus
1781 3012 1959 3096 quamlibet
1989 3009 2196 3077 turbulentos

1223 3121 1293 3165 csse
1316 3099 1483 3164 sciendum
1506 3109 1565 3178 est,
1588 3122 1667 3183 quos
1691 3101 1852 3164 Dominus
1873 3119 1942 3163 non
1965 3103 2137 3180 componat
2159 3113 2195 3158 ac

1224 3184 1415 3266 tranquillet
1447 3184 1633 3250 liberandae
1667 3187 1820 3252 ecclesiae
1853 3205 1931 3250 suae
1964 3202 2073 3248 causa.
2122 3179 2196 3262 Ipso

1225 3271 1312 3334 enim
1336 3271 1457 3334 virtute
1479 3292 1539 3334 sua
1556 3271 1671 3353 placat,
1694 3283 1726 3336 ct
1745 3271 1956 3354 tranquillum
1979 3267 2087 3335 reddit
2109 3285 2197 3331 mare

1225 3355 1275 3441 (ut
1293 3356 1400 3438 inquit
1418 3356 1476 3420 lob
1500 3357 1563 3434 [26,
1578 3357 1645 3443 12])
1670 3359 1796 3424 tametsi
1819 3358 1941 3423 furioso
1963 3366 2039 3419 ruat
2060 3353 2197 3436 impetu:

1225 3442 1365 3524 impellit
1393 3442 1490 3506 etiam
1520 3453 1555 3508 et
1581 3457 1776 3522 commovet,
1808 3463 1909 3526 quum
1938 3441 1968 3505 ei
1991 3440 2102 3505 visum
2131 3447 2197 3502 est:

1226 3527 1378 3610 quamvis
1400 3530 1530 3612 proprie
1552 3529 1692 3609 alludat,
1720 3532 1803 3596 siout
1823 3530 1933 3612 attigi,
1962 3526 2003 3592 ad
2026 3523 2198 3590 historiam

199 3615 246 3678 ita
275 3612 448 3677 dictionem
478 3625 542 3685 ιιι
571 3611 744 3675 transitive
774 3614 954 3696 accipiunt,
988 3620 1086 3694 atque
1114 3632 1173 3676 ex·
1226 3614 1466 3696 redemptionis.
1499 3615 1614 3680 [abaco
1631 3616 1829 3681 exercituum.
1859 3612 2008 3679 Ornatur
2025 3611 2088 3677 hou
2106 3606 2199 3674 titulo

199 3709 338 3782 ponunt,
365 3698 509 3779 Migrare
533 3698 662 3762 faciens.
708 3697 774 3763 Sed
798 3699 902 3782 magis
924 3706 1090 3781 receptum
1113 3707 1172 3774 est,
1226 3699 1395 3776 Dominus,
1421 3714 1575 3782 utquam
1598 3702 1662 3765 late
1684 3701 1886 3784 pateateius
1908 3706 2052 3782 potestas
2075 3692 2198 3761 intelli·

200 3799 236 3848 ut
254 3804 312 3864 pro
330 3784 441 3847 vincto
464 3797 496 3845 ct
518 3803 683 3864 oppressu,
706 3794 762 3847 aut
785 3785 898 3849 exsule
921 3785 1099 3865 accipiatur
1117 3784 1172 3864 qui
1198 3768 1200 3805 ¹
1226 3807 1351 3868 gamus.
1397 3786 1478 3850 Eam
1509 3797 1618 3851 autem
1651 3785 1855 3853 demonstrat
1888 3783 2017 3868 quoties
2048 3781 2120 3847 vult
2147 3800 2199 3847 ec·

203 3891 307 3952 vagus
329 3878 361 3932 et
382 3869 546 3949 inquietus
568 3879 664 3933 errat.
700 3869 769 3934 Noc
793 3891 869 3934 vero
893 3879 1023 3934 tantum
1046 3869 1173 3934 exsule·
1226 3871 1343 3936 clesiae
1366 3892 1444 3936 suae
1467 3891 1561 3954 opem
1584 3874 1679 3936 ferre.

203 3955 283 4018 bant
305 3954 435 4031 Iudaei,
465 3952 522 4018 sed
551 3955 597 4016 ita
625 3956 744 4036 captivi
774 3967 867 4020 erant
891 3968 927 4019 ut
948 3955 1030 4019 libor
1059 3955 1092 4018 in
1116 3942 1201 4037 ιιι-Ι
1314 3957 1364 4021 16.
1401 3955 1458 4040 (Ει
1484 3957 1584 4038 posui
1613 3958 1705 4022 cerba
1735 3962 1827 4040 meu.)
1883 3960 2009 4025 Iterum
2042 3957 2128 4024 redit
2161 3953 2201 4019 ud

203 4041 301 4105 triam
334 4039 459 4104 reditus
494 4039 575 4122 ipsis
608 4061 678 4103 csso
712 4061 776 4104 non
810 4049 928 4122 posset.
984 4040 1100 4122 Itaque
1135 4039 1173 4104 de
1198 4030 1201 4101 l
1227 4042 1407 4107 doctrinam
1435 4062 1531 4124 quam
1560 4044 1650 4124 prius
1681 4046 1847 4128 attigerat:
1879 4066 1996 4128 nempe
2020 4044 2201 4110 Dominum

203 4126 334 4191 Iudaeis
365 4126 425 4188 boc
455 4127 660 4207 interpretor.
712 4124 778 4188 Sed
809 4126 915 4191 adhuc
944 4126 1094 4191 bifariam
1124 4127 1173 4190 in·
1198 4120 1202 4145 ¹
1226 4128 1389 4193 consolari
1420 4128 1588 4192 ecclesiam
1619 4149 1731 4194 suam:
1764 4133 1851 4215 Ego,
1885 4152 1946 4216 ego
1975 4152 2049 4198 snm
2084 4129 2139 4212 qui
2169 4140 2201 4190 te

1199 4154 1202 4305 Ι
1227 4213 1392 4278 consolor:
1425 4214 1472 4277 ita
1501 4235 1586 4278 nunc
1615 4237 1649 4279 se
1678 4216 1910 4298 prophetarum
1940 4218 1989 4282 ori
2022 4213 2201 4282 inseruisse

203 4212 308 4296 telligi
331 4221 453 4293 potest:
485 4219 541 4275 aut
563 4211 648 4292 quod
673 4210 805 4274 nimiam
829 4212 972 4294 ipsorum
995 4212 1173 4277 festinatio·

203 4320 279 4363 nem
309 4297 445 4380 castiget
480 4299 652 4378 propbeta,
687 4293 774 4377 quod
803 4297 1010 4377 impatienter
1033 4296 1174 4361 reditum
1227 4298 1413 4381 dicitquod
1436 4299 1552 4363 dicturi
1575 4316 1693 4366 essent.
1727 4302 1823 4367 Unde
1845 4303 1997 4386 colligere
2020 4303 2099 4369 licet
2122 4302 2202 4365 haeo

204 4394 411 4465 appeterent:
445 4393 503 4444 aut
531 4382 617 4462 quod
648 4396 774 4448 mature
805 4382 944 4446 reditum
975 4383 1008 4445 in
1035 4384 1174 4464 patriam
1228 4403 1294 4448 non
1316 4385 1475 4466 proficisci
1497 4384 1537 4448 ab
1561 4387 1700 4465 homine,
1723 4389 1779 4470 qui
1802 4388 1902 4454 fallax
1926 4409 1997 4454 esse
2019 4388 2114 4468 solet,
2143 4386 2202 4451 sed

205 4469 384 4534 adventare
417 4466 594 4550 significat,
629 4482 665 4531 ut
693 4488 734 4532 ne
762 4465 868 4531 taedio
898 4468 1075 4532 exanimati
1103 4490 1175 4533 suc·
1229 4492 1249 4533 a
1271 4468 1342 4534 Deo
1365 4471 1421 4551 qui
1442 4471 1574 4536 mentiri
1603 4474 1727 4554 nequit.
1773 4473 1958 4558 Alloquitur
1989 4490 2100 4541 autem
2128 4494 2204 4556 pro·

205 4555 375 4621 cumbant:
402 4553 493 4635 quasi
515 4551 644 4630 diceret,
667 4568 794 4635 tempus
816 4574 892 4617 mox
916 4565 1091 4617 venturum
1114 4574 1177 4634 quo
1228 4555 1345 4639 phetas
1367 4576 1493 4621 omnes:
1517 4559 1824 4638 primum,1saiam:
1848 4560 1964 4625 deinde
1983 4561 2126 4643 reliquos
2144 4580 2204 4626 suo

205 4663 240 4707 se
263 4640 303 4705 ad
326 4639 555 4721 profectionem
578 4639 759 4720 accingant.
800 4639 911 4721 Atque
931 4636 1013 4703 haec
1034 4636 1178 4702 secunda
1228 4639 1357 4705 ordine:
1391 4640 1446 4705 sed
1476 4644 1608 4707 tandem
1642 4645 1682 4708 ad
1713 4645 1884 4710 Christum
1913 4647 2113 4712 veniendum
2142 4656 2203 4712 est.

206 4726 366 4809 expositio
395 4725 500 4807 magis
523 4735 655 4805 recepta
677 4737 740 4789 est:
771 4745 869 4806 quam
892 4724 1029 4789 libenter
1052 4743 1177 4804 sequor,
1229 4726 1298 4790 Nec
1329 4727 1415 4790 enim
1449 4726 1529 4792 haec
1559 4739 1616 4793 aut
1646 4729 1686 4794 ad
1715 4731 1836 4796 Isaiam
1869 4741 1927 4796 aut
1957 4732 1998 4796 ad
2030 4732 2203 4799 Christum

205 4813 360 4894 quonism
383 4811 503 4892 optime
525 4809 663 4890 quadrat
685 4811 853 4874 contextui
880 4808 1066 4891 prophetae.
1111 4809 1177 4874 Sed
1230 4812 1398 4895 restringi,
1427 4813 1483 4877 sed
1506 4813 1546 4877 ad
1569 4836 1680 4880 omnes
1708 4817 1884 4900 prophetas
1907 4819 2042 4882 extendi
2072 4816 2204 4884 debent.

207 4896 385 4962 absurdum
425 4895 528 4961 vidcri
569 4905 695 4977 posset,
739 4894 822 4975 quod
864 4894 953 4959 brevi
997 4892 1177 4958 rediturum
1229 4897 1314 4961 Vult
1335 4907 1445 4961 autem
1464 4898 1625 4965 Dominus
1648 4903 1886 4969 consolationes
1908 4904 1953 4968 ita
1971 4904 2115 4970 audiria
2156 4925 2207 4967 ro·

207 4984 370 5066 significet
393 4982 559 5065 populum,
582 4980 674 5046 cuius
697 4992 763 5043 tam
786 4981 939 5045 diuturna
961 4979 1023 5044 fuit
1044 4979 1177 5062 captivi·
1230 4983 1349 5064 phetis,
1379 5003 1416 5047 ac
1437 4985 1464 5047 si
1487 5006 1595 5050 coram
1624 4988 1692 5070 ipse
1721 4988 1921 5070 loqueretur:
1949 4991 2015 5056 imo
2036 5011 2072 5056 se
2119 4925 2206 5055 aiam

207 5079 275 5132 tas:
299 5070 387 5152 atqui
407 5068 498 5134 Deus
521 5089 586 5130 non
609 5066 667 5131 abs
688 5088 722 5129 re
742 5065 775 5128 id
793 5087 870 5129 mox
893 5075 1067 5131 venturum
1092 5063 1178 5146 dicit,
1229 5069 1376 5149 ipsorum
1399 5090 1454 5134 ore
1477 5071 1564 5153 loqui
1587 5073 1761 5155 siguificat.
1806 5074 1902 5141 Unde
1925 5077 2024 5141 otiam
2046 5013 2206 5160 colligen-

207 5152 294 5236 quod
317 5153 425 5219 differt
447 5155 481 5218 in
504 5162 721 5235 opportunum
746 5160 882 5232 tempus.
922 5152 1065 5216 Tametsi
1089 5150 1177 5215 enim
1229 5153 1317 5231 dum,
1337 5154 1443 5219 nullos
1462 5156 1542 5222 alios
1558 5156 1598 5222 ad
1615 5159 1843 5224 consolandam
1863 5162 2033 5230 ecclesiam
2050 5163 2208 5230 accedam

208 5240 343 5324 longum
373 5241 464 5306 nobis
488 5241 645 5315 videatur,
678 5240 753 5320 quia
785 5249 894 5301 tamon
923 5251 1032 5319 aptum
1057 5248 1089 5302 et
1112 5235 1179 5302 ido·
1229 5238 1355 5318 debere,
1386 5261 1482 5324 quam
1505 5243 1559 5325 qui
1583 5264 1623 5308 ex
1647 5265 1702 5310 ore
1725 5246 1859 5310 Domini
1880 5248 2071 5331 loquuntur.
2117 5247 2208 5314 Nam
