4784 5970
98 390 162 457 509
837 391 888 458 IN
912 391 1162 459 IEREMIAM.
1203 393 1302 459 CAP.
1324 391 1369 460 II.
2039 396 2106 462 510

100 579 307 662 Aristoteles,
330 578 415 663 quod
437 585 603 661 receptum
627 589 659 646 et
681 578 918 647 consuetudine
941 588 975 644 et
997 601 1074 645 con·
1212 578 1250 644 Si
1273 579 1377 662 placet
1399 579 1454 646 hio
1476 579 1569 645 reddi
1592 599 1741 660 eausam,
1774 603 1833 647 cur
1861 583 1967 648 coelos
1989 584 2103 650 mirari

100 665 193 728 tinuo
216 685 287 730 usu.
331 665 421 748 Ergo
443 665 593 730 videmus
624 686 689 730 non
719 664 859 731 absurde
888 664 989 730 181888
1017 664 1074 729 81·
1127 674 1160 730 81
1186 684 1404 747 expavescere
1435 666 1567 731 iusserit
1599 667 1766 750 propheta,
1799 667 1994 734 vertendum
2028 671 2102 749 erit,

100 750 223 816 iactum
246 750 389 816 levitatis
413 749 538 815 crimen
561 749 692 815 Iudaeis
722 750 761 815 ab
784 749 942 827 Ieremia,
973 771 1074 832 quum
1128 751 1203 833 quia
1226 751 1289 815 duo
1312 750 1399 815 mala
1420 750 1497 816 iecit
1518 751 1658 835 populus
1680 773 1782 819 meus.
1817 751 1882 819 Sed
1906 755 2015 837 potius
2030 778 2102 822 ver-

100 833 193 917 11811,
227 834 360 901 Necllam
386 839 505 918 pentem
531 839 668 900 ramasse
694 833 820 914 fictitios
848 836 935 901 deos:
966 834 1074 899 Deum
1126 855 1329 918 numquam
1352 857 1440 902 nunc
1462 838 1608 918 exposui,
1631 838 1782 904 existimo
1804 838 1946 921 pendere
1968 861 1986 906 a
2005 862 2103 925 supe·

101 930 210 985 autem
235 921 333 985 luisse
356 920 554 1002 abnegatum
578 941 594 983 a
619 921 737 1002 populo
760 940 828 997 suo,
859 921 950 986 cuins
971 919 1076 1001 sumat
1126 921 1267 986 rioribus
1290 921 1471 987 sententiis.
1506 922 1644 987 Dixerat
1668 923 1843 1006 propheta:
1867 925 1919 989 Ite
1942 927 1977 991 in
1997 937 2103 992 terras

97 1004 214 1088 pieria,
250 1005 313 1070 hcc
342 1015 408 1083 est,
443 1005 496 1069 cui
525 1005 659 1071 dederat
687 1005 823 1070 solidam
854 1005 977 1090 gloriae
1006 1025 1074 1070 ma·
1126 1005 1339 1089 longinquas,
1374 1005 1482 1072 videte
1516 1028 1557 1071 an
1592 1007 1660 1073 8118
1691 1028 1773 1091 gens
1806 1011 1985 1076 mutaverit
2025 1011 2102 1079 deos

25 1111 28 1120 ¹
101 1091 226 1156 teriam.
1127 1112 1218 1156 suos:
1253 1099 1284 1154 et
1311 1098 1422 1155 tamen
1449 1100 1529 1157 8881
1555 1112 1645 1157 mera
1673 1095 1841 1177 figmenta.
1886 1097 1972 1161 Puto
1998 1098 2102 1182 igitur

1126 1176 1213 1240 hanc
1235 1177 1433 1241 sententiam
1463 1177 1700 1243 exclamatione
1729 1180 1833 1263 finiri,
1865 1201 1965 1263 quum
1997 1203 2102 1266 nuper

459 1280 716 1344 8818888880,
1128 1261 1212 1326 dixit
1243 1262 1417 1344 propheta,
1451 1261 1543 1328 Coeli
1572 1262 1797 1347 obstupescite.
1842 1265 1915 1330 Iam
1943 1269 2100 1351 sequitur,

1130 1346 1216 1414 Certe
1247 1348 1310 1413 duo
1338 1347 1424 1413 mala
1453 1349 1526 1429 feeit
1549 1349 1690 1431 populus
1718 1370 1822 1434 meus,
1853 1373 1987 1435 nempe,
2020 1357 2102 1437 quod

185 1432 250 1513 Da,
286 1433 476 1515 omnipotens
497 1433 603 1511 Deus,
636 1434 761 1515 quando
795 1435 842 1498 ito
869 1433 1076 1516 familiariter
1126 1453 1174 1498 me
1194 1433 1399 1515 dereliquerit,
1418 1432 1543 1515 deinde,
1565 1437 1647 1516 quad
1663 1436 1727 1501 sidi
1743 1438 1888 1503 88818811
1901 1438 2003 1520 falsos
2019 1440 2101 1506 deos.

98 1538 160 1583 non
181 1523 302 1582 tantum
317 1518 352 1582 in
368 1519 430 1602 1888
444 1523 472 1584 81
488 1518 653 1602 prophetis
673 1520 747 1602 tuis,
770 1520 824 1586 sed
846 1521 939 1585 etiam
957 1520 991 1584 in
1007 1519 1075 1598 tilio
1127 1517 1164 1584 Si
1187 1519 1260 1601 quis
1282 1520 1395 1585 relicto
1414 1520 1519 1586 veteri
1537 1520 1640 1586 amico
1658 1519 1698 1584 ad
1718 1543 1840 1588 novum
1858 1532 2014 1605 18888881,
2038 1526 2101 1591 hoc

98 1605 257 1686 unipenito
279 1609 305 1668 te
326 1603 417 1669 nobis
432 1605 619 1687 patefecisti,
649 1609 683 1670 nt
704 1605 811 1672 deleat
832 1606 899 1670 iam
920 1606 1018 1689 episse
1039 1604 1075 1668 in
1126 1611 1175 1669 est
1197 1605 1356 1669 iniustum
1379 1614 1413 1670 et
1435 1614 1540 1689 turpe.
1585 1604 1651 1671 Sed
1674 1607 1731 1672 ubi
1753 1607 1846 1673 nulla
1874 1621 1923 1674 est
1950 1630 2101 1693 compen·

98 1688 187 1753 nobis
204 1689 287 1754 altas
304 1690 427 1756 radices
444 1691 588 1756 veritatis
604 1696 676 1755 tuae
693 1691 837 1774 capnitis:
859 1691 910 1770 da,
932 1693 1074 1771 inquam,
1127 1690 1219 1767 satio,
1241 1711 1315 1755 cum
1340 1691 1482 1755 stultitia
1504 1701 1537 1755 81
1559 1689 1696 1756 levitate
1718 1692 1816 1757 simul
1838 1694 2032 1761 coniunctus
2050 1704 2101 1761 est

98 1780 133 1839 ut
152 1794 338 1840 maneamus
360 1781 535 1842 constanter
561 1777 596 1841 in
625 1781 734 1842 sanda
761 1782 816 1841 tua
844 1777 1018 1851 nmatione,
1047 1779 1075 1839 et
1126 1774 1258 1856 quidam
1291 1777 1390 1842 furor.
1446 1774 1485 1842 si
1518 1798 1578 1860 ego
1610 1797 1728 1860 sperno
1762 1778 1848 1859 quod
1877 1780 1985 1844 sentio
2017 1782 2100 1847 mihi

98 1860 201 1943 mapis
222 1880 259 1925 ac
280 1862 383 1944 mapis
405 1863 439 1926 in
460 1883 498 1927 ea
514 1861 731 1943 proficiamus,
755 1867 784 1926 et
805 1881 926 1942 semper
947 1861 990 1926 ad
1010 1880 1073 1924 me·
1126 1881 1196 1925 esso
1230 1861 1324 1940 utile,
1356 1872 1389 1925 et
1416 1862 1595 1944 amplector
1623 1863 1709 1944 quod
1739 1863 1885 1947 intelligo
1915 1865 1984 1930 fore
2017 1867 2100 1932 mihi

98 1951 162 2010 tom
183 1966 404 2028 properemus:
440 1953 467 2012 et
494 1948 540 2013 sie
568 1967 625 2012 nos
651 1947 797 2012 humilies
823 1946 880 2012 sub
914 1946 992 2028 sorti
1018 1951 1074 2011 tna
1126 1947 1278 2022 noxium,
1310 1967 1420 2011 nonne
1442 1945 1521 2010 haec
1543 1947 1631 2029 optio
1654 1948 1761 2030 prodit
1784 1951 1981 2015 amentiam?
2027 1952 2100 2019 Hoc

97 2050 211 2109 manu,
244 2037 280 2096 nt
305 2033 443 2098 sciamus
471 2052 526 2098 nos
549 2037 682 2114 paterne
709 2032 767 2098 abs
796 2037 823 2098 te
849 2032 1013 2116 mstipari:
1046 2037 1075 2097 et
1126 2052 1205 2115 ergo
1228 2050 1315 2095 nunc
1337 2032 1501 2115 significat
1523 2032 1684 2115 propheta
1706 2054 1807 2115 quum
1831 2035 1917 2114 dicit,
1941 2039 2099 2121 populum

92 2117 311 2199 proficiamus·
331 2117 426 2182 etiam
455 2118 489 2182 in
517 2123 572 2182 tuo
600 2117 787 2199 disciplina,
823 2117 916 2183 donec
951 2115 1075 2182 tandem
1127 2137 1194 2181 non
1216 2117 1249 2180 in
1273 2136 1310 2181 eo
1332 2124 1461 2182 tantum
1484 2136 1647 2200 88888888,
1678 2119 1764 2200 quod
1787 2119 1958 2186 desciverit
1981 2144 2001 2187 8
2022 2145 2100 2188 vero

93 2203 228 2284 perpati
249 2201 393 2269 omnibus
414 2203 501 2268 vitiis
517 2205 737 2284 perveniamus
759 2205 801 2270 ad
822 2205 919 2267 vitam
948 2203 1076 2267 immor·
1127 2201 1209 2281 Deo,
1232 2199 1288 2265 sed
1311 2203 1411 2266 etiam
1433 2201 1518 2284 quod
1540 2202 1661 2286 absque
1679 2207 1941 2286 compensatione
1960 2209 2099 2273 transie-

98 2286 204 2367 talem,
238 2307 318 2369 quae
344 2289 430 2354 nobis
457 2290 549 2355 semel
577 2289 612 2353 in
641 2287 763 2354 0181818
792 2293 844 2353 188
873 2289 1075 2370 manifestata
1127 2289 1172 2351 rit
1194 2287 1235 2351 ad
1258 2285 1352 2364 idola,
1383 2307 1466 2369 quae
1488 2288 1571 2352 nihil
1594 2289 1742 2354 conferre
1764 2290 1917 2357 utilitatis
1940 2298 2100 2375 poterant.

96 2373 170 2455 fuit,
193 2374 399 2456 etpassimus
415 2374 507 2457 pleno
529 2395 580 2440 ore
602 2377 636 2440 in
658 2379 686 2439 te
708 2374 853 2458 pleniori,
876 2376 987 2440 Amen.
1128 2374 1218 2439 Dicit
1239 2374 1301 2438 duo
1318 2372 1404 2437 mala
1420 2372 1541 2456 fecisse,
1565 2374 1795 2456 priusmalum
1816 2379 1975 2457 estquod
1996 2377 2102 2444 Deum

1127 2459 1301 2539 reliquerit:
1326 2458 1464 2524 alterum
1485 2479 1570 2537 vero,
1593 2461 1677 2541 qnod
1692 2461 1834 2543 defecerit
1849 2462 1892 2526 ad
1906 2462 2010 2544 falsos
2030 2465 2102 2530 deos

187 2543 236 2607 12.
271 2543 479 2625 Olstupescite
500 2545 575 2609 coeli
595 2564 690 2625 snper
718 2544 790 2622 loe,
820 2549 848 2609 et
874 2546 1074 2627 expavescite,
1127 2544 1400 2625 etimaainarios:
1433 2544 1488 2608 sed
1519 2566 1582 2627 quo
1612 2545 1746 2629 gravius
1769 2549 1892 2611 crimen
1916 2549 2100 2630 amplificet,

99 2629 285 2695 desolamini
307 2627 372 2713 (rel
396 2628 544 2714 arescite)
566 2629 664 2708 valde,
686 2631 762 2695 dicit
784 2630 929 2695 Ielvovolv.
1127 2630 1230 2693 utitur
1252 2629 1476 2707 similitudine,
1500 2650 1537 2694 ao
1560 2630 1639 2694 dicit
1656 2630 1761 2696 Deum
1783 2652 1848 2696 csse
1868 2632 1981 2713 sontem
2004 2655 2099 2716 aqua-

1126 2733 1198 2778 rum
1219 2715 1404 2778 viventium:
1436 2713 1526 2778 idola
1548 2719 1657 2779 autem
1681 2729 1847 2798 comparat
1868 2719 2012 2783 eisternis
2028 2741 2099 2804 per·

185 2798 349 2879 Quoniam
373 2796 507 2863 videbat
529 2797 700 2880 propheta·
716 2799 882 2884 negotium
912 2799 975 2865 sibi
1003 2819 1075 2866 8888
1125 2800 1240 2879 [oratis
1261 2804 1288 2863 et
1309 2798 1492 2879 confractis,
1523 2819 1602 2879 quae
1623 2820 1740 2882 aquam
1767 2822 1828 2867 non
1855 2803 2015 2870 continent.
2062 2806 2101 2873 Si

100 2904 175 2949 cum
199 2884 337 2966 stupidis
364 2883 565 2962 hominibus,
599 2895 631 2949 et
664 2884 718 2966 qui
751 2886 819 2949 lere
851 2886 941 2949 omni
976 2906 1074 2951 sensu
1126 2884 1199 2966 quis
1221 2884 1334 2948 relicto
1363 2885 1440 2948 vivo
1470 2885 1561 2949 fonte
1591 2892 1759 2967 appeteret
1787 2889 1983 2968 cisternam,
2014 2904 2101 2957 esset

98 2970 219 3053 privati
240 2979 351 3046 erant,
382 2969 455 3034 ideo
478 2969 643 3035 convertit
669 2990 851 3035 sermonem
883 2968 924 3034 ad
954 2969 1073 3036 coelos.
1127 2990 1249 3053 magna
1276 2969 1435 3033 stultitia:
1468 2989 1544 3034 nam
1574 2971 1876 3038 8181888888811188
1904 2980 2002 3056 sunt,
2037 2978 2101 3044 nisi

99 3057 143 3119 Et
162 3054 241 3121 haec
260 3052 413 3136 loquendi
431 3055 517 3120 88118
537 3056 616 3120 88118
635 3056 711 3119 18118
729 3066 777 3120 881
795 3055 972 3138 prophetis,
996 3056 1074 3121 dum
1127 3053 1259 3119 aliunde
1292 3074 1377 3137 8888
1403 3056 1592 3137 proveniat:
1625 3056 1698 3122 lons
1728 3068 1838 3122 autem
1868 3080 1910 3124 ex
1937 3081 1972 3125 se
2001 3061 2101 3128 habet

100 3141 225 3207 seilicet
246 3139 445 3222 compellant
467 3141 593 3205 coelum
615 3148 650 3205 81
672 3152 803 3219 terram,
826 3142 860 3204 18
885 3143 1002 3223 881188
1025 3153 1074 3206 ta·
1127 3160 1219 3204 suam
1243 3140 1493 3223 scaturiginem:
1527 3139 1644 3207 deiude
1666 3141 1723 3207 ubi
1745 3152 1795 3208 881
1819 3165 1900 3210 vena
1921 3166 2004 3228 quae
2026 3170 2100 3230 per·

100 3246 176 3290 men
199 3225 292 3290 nulla
315 3234 364 3290 est
385 3225 621 3309 intelligentia,
653 3227 780 3291 interea
809 3225 958 3291 homines
986 3227 1074 3309 ipsos
1126 3234 1225 3307 petuo
1248 3226 1330 3302 fluit,
1353 3235 1387 3288 81
1404 3227 1557 3308 88888818
1576 3247 1735 3309 aquarum
1750 3249 1874 3306 cursus,
1897 3251 1981 3313 8888
1996 3234 2100 3299 multo

99 3317 210 3376 mente
232 3311 395 3393 praeditos
422 3311 621 3394 relinquunt.
665 3311 739 3377 Hoc
767 3311 873 3376 solent
905 3312 1010 3376 facere
1039 3314 1074 3378 in
1127 3322 1177 3376 est
1199 3310 1361 3374 salubrior
1382 3323 1416 3375 et
1438 3311 1561 3376 melior.
1597 3314 1712 3394 Aquae
1731 3313 1861 3396 pluviae
1880 3314 1957 3380 dum
1977 3317 2101 3383 cadunt

100 3397 198 3463 rebus
222 3397 410 3479 desperatis,
440 3397 496 3462 ubi
518 3397 641 3463 scilicet
663 3397 752 3462 88118
776 3407 825 3462 881
855 3397 1010 3474 docilitas,
1041 3408 1074 3462 et
1126 3397 1160 3460 in
1183 3398 1359 3472 cisternas,
1393 3416 1562 3478 nunquam
1584 3397 1631 3461 ita
1654 3413 1731 3461 8881
1754 3399 1918 3481 salubres,
1953 3412 1991 3465 ut
2018 3424 2100 3484 8888

99 3482 171 3547 ideo
202 3503 289 3548 nunc
319 3482 411 3548 iubet
441 3483 600 3566 propheta
628 3482 724 3548 coelos
747 3482 952 3564 8181888888
974 3488 1001 3548 81
1023 3504 1075 3548 88-
1126 3481 1756 3562 118881888888818818811888888.
1798 3482 1887 3563 Quid
1909 3490 2019 3550 autem
2043 3489 2101 3554 ubi

94 3588 268 3652 pavescere,
290 3573 318 3633 et
338 3568 433 3649 qnasi
454 3569 488 3633 in
506 3568 680 3634 vastitatem
697 3569 810 3649 redipi,
834 3569 925 3650 quusi
941 3567 1074 3652 diceret,
1126 3587 1168 3630 ns
1198 3584 1357 3647 aquarum
1387 3562 1519 3647 quidem
1552 3575 1629 3630 sunt
1662 3568 1882 3650 receptacula,
1916 3568 1972 3634 sed
2006 3571 2099 3638 rimis

99 3653 161 3718 hoc
181 3662 232 3718 881
253 3663 451 3736 portentum,
475 3652 561 3737 quod
584 3655 650 3718 1888
673 3656 792 3718 evertit
811 3662 914 3718 totum
938 3663 1075 3718 8818888
1126 3651 1242 3734 plenae
1264 3652 1352 3714 intus
1382 3660 1459 3714 8881
1489 3649 1625 3715 inanes?
1671 3651 1759 3717 Hinc
1785 3673 1863 3737 ergo
1886 3654 1978 3719 Deus
2007 3677 2099 3721 coar·

100 3738 258 3816 ordinem,
286 3739 421 3819 perinde
443 3757 480 3805 88
503 3739 530 3803 81
554 3739 678 3803 coelum
703 3748 808 3804 terrae
831 3740 961 3803 misceri
984 3737 1072 3803 vide·
1126 3737 1199 3819 guit
1229 3734 1340 3818 populi
1369 3734 1583 3814 dementiam,
1622 3735 1710 3816 Quod
1742 3739 1809 3818 ipse
1839 3738 1937 3820 suerit
1965 3740 2099 3824 relictus,

99 3844 220 3888 remus.
265 3822 363 3888 Nunc
392 3843 470 3905 ergo
499 3831 646 3888 tenemus
675 3824 846 3888 consilium
877 3824 1072 3907 prophetae:
1125 3842 1221 3903 quum
1242 3826 1344 3886 tamen
1365 3826 1442 3886 esset
1459 3820 1547 3902 fons,
1577 3821 1688 3888 deinde
1713 3823 1786 3905 fons
1812 3843 1969 3904 aquarum
1995 3828 2100 3892 viven-

100 3929 176 3973 nam
207 3907 269 3971 hac
299 3909 404 3990 figura
433 3907 605 3973 ostendere
635 3909 708 3975 vult
740 3930 837 3992 quam
871 3909 1073 3976 detestabilis
1125 3909 1220 3972 tium:
1252 3906 1385 3983 deinde,
1418 3905 1502 3988 quod
1526 3907 1666 3990 populus
1694 3908 1891 3991 appetiverit
1922 3930 1973 3975 res
2004 3911 2100 3977 nihili

99 3995 143 4060 sit
165 3993 277 4077 populi
300 3994 467 4074 impietas,
495 3994 647 4075 quoniam
670 3995 751 4059 coeli
774 3997 924 4078 quamvis
946 3997 1074 4061 ratione
1126 4013 1227 4076 quum
1250 3992 1491 4073 amplexus‘est
1513 4013 1580 4082 888Ι
1595 3992 1688 4058 idola.
1735 3992 1822 4072 Quid
1846 3993 1933 4057 enim
1957 3997 2100 4078 reperie-

99 4079 240 4163 praediti
263 4099 329 4143 non
358 4079 439 4156 sint,
472 4087 580 4143 188188
614 4080 732 4145 merito
765 4081 905 4147 debeant
938 4083 1073 4147 horrere
1126 4089 1182 4143 tur
1204 4079 1239 4141 in
1261 4075 1379 4140 idolis?
1413 4077 1518 4160 figura
1541 4077 1709 4160 quaedam.
1756 4077 1985 4162 Superstitiosi
2010 4082 2098 4147 enim

99 4165 165 4230 tale
187 4173 385 4247 portentum.
420 4161 589 4243 Quantum
607 4165 649 4230 ad
668 4166 768 4231 verba
785 4177 917 4250 spectat,
941 4167 1073 4250 quidam
1126 4164 1277 4228 homiues
1305 4162 1496 4228 existimant
1524 4183 1560 4228 se
1593 4184 1657 4227 non
1691 4163 1804 4229 ludere
1838 4184 1985 4246 oporam,
2019 4165 2098 4231 dum

100 4255 244 4328 vertunt,
273 4249 477 4314 Desolamini
500 4249 591 4331 coeli,
620 4252 792 4316 etiterum
817 4259 969 4335 repetunt
998 4274 1073 4317 ean·
1126 4250 1236 4314 colunt
1257 4246 1356 4313 181888
1378 4247 1463 4327 deos,
1487 4257 1520 4312 et
1541 4256 1676 4331 sperant
1697 4248 1772 4314 inde
1790 4247 1912 4332 aliquid
1931 4251 2098 4317 mercedis.

100 4335 174 4400 dem
215 4336 495 4419 significationem.
553 4335 618 4403 Sed
660 4357 760 4420 quum
792 4351 870 4406 11818
910 4338 1073 4421 significet
1127 4334 1216 4401 Sunt
1237 4333 1340 4417 igitur
1362 4333 1490 4416 aliquae
1512 4333 1636 4398 formae
1655 4334 1794 4398 18181818
1816 4334 2041 4418 religionibus:
2065 4341 2101 4400 81

102 4430 243 4505 8188888,
266 4420 384 4486 melius
405 4418 546 4503 quadrat
563 4423 728 4504 praesenti
746 4421 815 4488 loco
832 4423 918 4506 quod
937 4421 1073 4506 reddidi,
1126 4419 1200 4484 ideo
1222 4417 1381 4502 propheta
1401 4429 1569 4500 comparat
1591 4418 1689 4483 181888
1710 4419 1786 4484 deos
1808 4420 1934 4503 puteis,
1964 4428 2099 4502 propter

99 4526 227 4590 nempe,
252 4505 335 4570 Coeli
356 4507 428 4572 sitis
449 4508 588 4572 adoniti:
618 4505 746 4591 deinde,
769 4510 958 4590 expavescite
981 4528 1075 4589 nuper
1127 4505 1318 4572 cavitatem:
1351 4502 1408 4568 sed
1436 4503 1563 4567 interea
1592 4502 1685 4568 88118
1713 4513 1763 4569 881
1792 4525 1950 4587 aquarum
1986 4514 2100 4588 gutta:

100 4592 163 4675 boc,
185 4596 213 4656 et
233 4592 368 4656 crescite.
413 4591 1075 4676 1188131Γὶ81881188188888888,18188·
1126 4599 1206 4657 sunt
1228 4589 1316 4653 anim
1339 4589 1499 4653 cisternae
1523 4587 1646 4651 fractae
1669 4598 1701 4652 81
1724 4589 1908 4673 dissipatae.
1954 4589 2025 4655 Iam
2049 4591 2099 4654 in·

101 4678 179 4744 dum
209 4678 244 4741 in
273 4675 481 4741 solitudinem
512 4688 545 4743 ct
571 4679 761 4744 vastitatem
790 4678 904 4764 redigi.
955 4679 1075 4745 Postea
1127 4675 1306 4759 telligimus
1324 4674 1401 4756 quid
1419 4672 1481 4738 sibi
1499 4672 1578 4737 velit
1595 4673 1764 4756 propheta,
1787 4696 1902 4757 nempe
1920 4696 1986 4739 non
2005 4696 2100 4758 posse

100 4763 257 4847 sequitur,
1128 4781 1187 4826 nos
1209 4761 1308 4823 eximi
1330 4780 1350 4823 a
1372 4773 1482 4837 reatu,
1511 4760 1566 4823 ubi
1591 4758 1806 4843 relinquimus
1829 4779 1944 4824 verum
1974 4769 2007 4825 81
2027 4761 2100 4825 881·

1127 4868 1202 4914 oum
1223 4846 1349 4926 Deum,
1382 4844 1575 4926 88181888
1602 4847 1707 4927 posita
1735 4858 1784 4909 est
1813 4844 1906 4908 nobis
1936 4845 2098 4910 bonorum

189 4933 239 4998 13.
283 4931 370 5000 (18118
403 4931 467 5018 (vel
501 4932 589 5018 quia)
621 4936 683 5001 dno
714 4936 801 5003 mala
832 4935 904 5016 feeit
934 4937 1076 5020 papulus
1128 4932 1275 4998 omnium
1298 4927 1482 5012 plenitudo:
1506 4929 1581 4993 inde
1602 4930 1733 4994 1888188
1748 4928 1789 4994 ad
1807 4929 1993 4994 satietatem
2013 4931 2098 4996 licet.

101 5039 206 5084 meus:
238 5038 286 5084 me
312 5018 541 5100 dereliquerunt
565 5019 680 5101 sonum
708 5041 863 5104 aquarum
895 5023 1075 5102 8188811818,
1128 5016 1237 5098 Quum
1261 5035 1338 5098 ergo
1356 5013 1541 5096 spernimus
1559 5013 1625 5079 Dei
1642 5014 1880 5093 liberalitatem,
1901 5035 1984 5097 8888
2006 5016 2100 5082 88118

101 5110 137 5169 81
155 5105 296 5188 fodnent
315 5105 376 5169 sibi
391 5109 502 5185 puteas
522 5103 588 5188 (vel
610 5105 797 5192 cisternas),
825 5108 979 5172 cisternas
1007 5128 1075 5173 ean-
1128 5111 1233 5187 potest
1255 5099 1405 5164 sufficere
1427 5098 1467 5162 ad
1491 5120 1604 5165 omnes
1635 5100 1799 5165 felicitatis
1828 5109 1958 5165 nostrae
1987 5111 2099 5183 partes

101 5192 195 5256 tritas
217 5190 281 5275 (vel
304 5188 499 5275 contrectas)
521 5209 601 5271 quae
622 5211 685 5257 non
704 5194 855 5259 continent
877 5212 987 5274 aquas.
1128 5208 1166 5253 ac
1187 5203 1351 5265 numeros,
1373 5193 1494 5267 888818
1513 5196 1564 5250 881
1581 5186 1645 5250 1818
1662 5184 1863 5268 ingratitudo
1881 5193 1915 5250 et
1933 5185 2098 5268 pravitas?

1129 5272 1220 5357 atqui
1243 5271 1334 5336 Deus
1356 5270 1406 5334 sui
1427 5289 1556 5353 semper
1578 5281 1689 5336 manet
1711 5271 1836 5336 similis.
1872 5269 1908 5337 Si
1931 5291 2010 5355 ergo
2028 5272 2100 5337 iure
