<?xml version="1.0" encoding="UTF-8"?>
<!DOCTYPE html PUBLIC "-//W3C//DTD XHTML 1.0 Transitional//EN"
    "http://www.w3.org/TR/xhtml1/DTD/xhtml1-transitional.dtd">
<html xmlns="http://www.w3.org/1999/xhtml" xml:lang="en" lang="en">
 <head>
  <title>
</title>
<meta http-equiv="Content-Type" content="text/html;charset=utf-8" />
  <meta name='ocr-system' content='tesseract 3.04.00' />
  <meta name='ocr-capabilities' content='ocr_page ocr_carea ocr_par ocr_line ocrx_word'/>
</head>
<body>
  <div class='ocr_page' id='page_1' title='image "./corpusreformato04melagoog_0264.png"; bbox 0 0 4784 5970; ppageno 0'>
   <div class='ocr_carea' id='block_1_1' title="bbox 191 365 2196 436">
    <p class='ocr_par' dir='ltr' id='par_1_1' title="bbox 191 365 2196 436">
     <span class='ocr_line' id='line_1_1' title="bbox 191 365 2196 436; baseline -0.002 0"><span class='ocrx_word' id='word_1_1' title='bbox 191 370 256 436; x_wconf 74' lang='lat'>497</span> <span class='ocrx_word' id='word_1_2' title='bbox 925 366 976 432; x_wconf 89' lang='lat' dir='ltr'>IN</span> <span class='ocrx_word' id='word_1_3' title='bbox 997 367 1246 435; x_wconf 76' lang='lat' dir='ltr'>lusuursu.</span> <span class='ocrx_word' id='word_1_4' title='bbox 1289 367 1389 436; x_wconf 80' lang='lat' dir='ltr'>uAP.</span> <span class='ocrx_word' id='word_1_5' title='bbox 1413 366 1458 434; x_wconf 90' lang='lat'>11.</span> <span class='ocrx_word' id='word_1_6' title='bbox 2129 365 2196 432; x_wconf 85' lang='grc'>498</span> 
     </span>
    </p>
   </div>
   <div class='ocr_carea' id='block_1_2' title="bbox 192 550 2204 5250">
    <p class='ocr_par' dir='ltr' id='par_1_2' title="bbox 192 550 2204 4905">
     <span class='ocr_line' id='line_1_2' title="bbox 194 550 2197 649; baseline -0.004 -23"><span class='ocrx_word' id='word_1_7' title='bbox 194 559 296 638; x_wconf 89' lang='lat' dir='ltr'>loeus,</span> <span class='ocrx_word' id='word_1_8' title='bbox 326 558 402 643; x_wconf 91' lang='lat' dir='ltr'>quia</span> <span class='ocrx_word' id='word_1_9' title='bbox 424 555 568 623; x_wconf 81' lang='lat' dir='ltr'>ostendit</span> <span class='ocrx_word' id='word_1_10' title='bbox 591 554 681 619; x_wconf 89' lang='lat' dir='ltr'>Deus</span> <span class='ocrx_word' id='word_1_11' title='bbox 703 552 819 618; x_wconf 84' lang='lat' dir='ltr'>foedus</span> <span class='ocrx_word' id='word_1_12' title='bbox 842 573 947 629; x_wconf 90' lang='lat' dir='ltr'>suum,</span> <span class='ocrx_word' id='word_1_13' title='bbox 977 550 1128 634; x_wconf 84' lang='lat' dir='ltr'>quamvis</span> <span class='ocrx_word' id='word_1_14' title='bbox 1151 572 1170 616; x_wconf 97' lang='lat' dir='ltr'>a</span> <span class='ocrx_word' id='word_1_15' title='bbox 1192 589 1198 649; x_wconf 60' lang='lat'><em>3</em></span> <span class='ocrx_word' id='word_1_16' title='bbox 1220 557 1370 636; x_wconf 82' lang='lat' dir='ltr'>sanctum,</span> <span class='ocrx_word' id='word_1_17' title='bbox 1399 556 1462 622; x_wconf 90' lang='lat' dir='ltr'>hoo</span> <span class='ocrx_word' id='word_1_18' title='bbox 1485 576 1550 621; x_wconf 92' lang='lat' dir='ltr'>nou</span> <span class='ocrx_word' id='word_1_19' title='bbox 1574 554 1706 636; x_wconf 90' lang='lat' dir='ltr'>ponitur</span> <span class='ocrx_word' id='word_1_20' title='bbox 1727 552 1860 620; x_wconf 92' lang='lat' dir='ltr'>honoris</span> <span class='ocrx_word' id='word_1_21' title='bbox 1887 574 1994 620; x_wconf 87' lang='lat' dir='ltr'>eausa.</span> <span class='ocrx_word' id='word_1_22' title='bbox 2039 554 2103 620; x_wconf 79' lang='lat' dir='ltr'>ast</span> <span class='ocrx_word' id='word_1_23' title='bbox 2123 552 2197 638; x_wconf 91' lang='lat' dir='ltr'>qui·</span> 
     </span>
     <span class='ocr_line' id='line_1_3' title="bbox 195 637 2196 749; baseline -0.003 -37"><span class='ocrx_word' id='word_1_24' title='bbox 195 645 327 712; x_wconf 87' lang='lat' dir='ltr'>Iudaeis</span> <span class='ocrx_word' id='word_1_25' title='bbox 350 643 472 727; x_wconf 88' lang='lat' dir='ltr'>perfide</span> <span class='ocrx_word' id='word_1_26' title='bbox 495 642 651 707; x_wconf 90' lang='lat' dir='ltr'>violatum</span> <span class='ocrx_word' id='word_1_27' title='bbox 675 638 783 717; x_wconf 87' lang='lat' dir='ltr'>fuerit,</span> <span class='ocrx_word' id='word_1_28' title='bbox 811 645 919 703; x_wconf 90' lang='lat' dir='ltr'>tamen</span> <span class='ocrx_word' id='word_1_29' title='bbox 942 657 1014 702; x_wconf 89' lang='lat' dir='ltr'>esse</span> <span class='ocrx_word' id='word_1_30' title='bbox 1036 639 1170 701; x_wconf 91' lang='lat' dir='ltr'>firmum</span> <span class='ocrx_word' id='word_1_31' title='bbox 1195 652 1199 749; x_wconf 65' lang='lat' dir='ltr'>q</span> <span class='ocrx_word' id='word_1_32' title='bbox 1222 638 1295 703; x_wconf 89' lang='lat' dir='ltr'>dem</span> <span class='ocrx_word' id='word_1_33' title='bbox 1318 658 1378 720; x_wconf 89' lang='lat' dir='ltr'>per</span> <span class='ocrx_word' id='word_1_34' title='bbox 1403 662 1439 706; x_wconf 91' lang='lat' dir='ltr'>se</span> <span class='ocrx_word' id='word_1_35' title='bbox 1467 640 1674 725; x_wconf 90' lang='lat' dir='ltr'>praeolarum</span> <span class='ocrx_word' id='word_1_36' title='bbox 1702 639 1764 706; x_wconf 89' lang='lat' dir='ltr'>hoo</span> <span class='ocrx_word' id='word_1_37' title='bbox 1794 640 1952 724; x_wconf 88' lang='lat' dir='ltr'>elogium,</span> <span class='ocrx_word' id='word_1_38' title='bbox 1987 637 2074 722; x_wconf 92' lang='lat' dir='ltr'>qnod</span> <span class='ocrx_word' id='word_1_39' title='bbox 2105 640 2196 705; x_wconf 93' lang='lat' dir='ltr'>Deus</span> 
     </span>
     <span class='ocr_line' id='line_1_4' title="bbox 196 723 2196 823; baseline -0.004 -26"><span class='ocrx_word' id='word_1_40' title='bbox 196 741 232 797; x_wconf 88' lang='lat' dir='ltr'>et</span> <span class='ocrx_word' id='word_1_41' title='bbox 253 730 377 796; x_wconf 88' lang='lat' dir='ltr'>stabile.</span> <span class='ocrx_word' id='word_1_42' title='bbox 423 729 509 793; x_wconf 90' lang='lat' dir='ltr'>Nam</span> <span class='ocrx_word' id='word_1_43' title='bbox 539 724 690 811; x_wconf 88' lang='lat' dir='ltr'>quamvis</span> <span class='ocrx_word' id='word_1_44' title='bbox 720 745 786 789; x_wconf 93' lang='lat' dir='ltr'>non</span> <span class='ocrx_word' id='word_1_45' title='bbox 815 744 946 804; x_wconf 92' lang='lat' dir='ltr'>omnes,</span> <span class='ocrx_word' id='word_1_46' title='bbox 979 723 1034 805; x_wconf 93' lang='lat' dir='ltr'>qui</span> <span class='ocrx_word' id='word_1_47' title='bbox 1067 743 1171 806; x_wconf 87' lang='lat' dir='ltr'>genus</span> <span class='ocrx_word' id='word_1_48' title='bbox 1195 756 1198 823; x_wconf 46' lang='grc' dir='ltr'><strong>ᾗ</strong></span> <span class='ocrx_word' id='word_1_49' title='bbox 1221 723 1283 788; x_wconf 90' lang='lat' dir='ltr'>sibi</span> <span class='ocrx_word' id='word_1_50' title='bbox 1307 723 1394 791; x_wconf 92' lang='lat' dir='ltr'>hune</span> <span class='ocrx_word' id='word_1_51' title='bbox 1418 727 1573 810; x_wconf 90' lang='lat' dir='ltr'>populum</span> <span class='ocrx_word' id='word_1_52' title='bbox 1596 727 1816 802; x_wconf 83' lang='lat' dir='ltr'>eouseerarit,</span> <span class='ocrx_word' id='word_1_53' title='bbox 1846 725 1932 808; x_wconf 90' lang='lat' dir='ltr'>quod</span> <span class='ocrx_word' id='word_1_54' title='bbox 1963 725 2103 791; x_wconf 85' lang='lat' dir='ltr'>voluerit</span> <span class='ocrx_word' id='word_1_55' title='bbox 2125 745 2196 790; x_wconf 87' lang='lat' dir='ltr'>esse</span> 
     </span>
     <span class='ocr_line' id='line_1_5' title="bbox 194 807 2197 896; baseline -0.003 -14"><span class='ocrx_word' id='word_1_56' title='bbox 194 818 321 883; x_wconf 91' lang='lat' dir='ltr'>dueunt</span> <span class='ocrx_word' id='word_1_57' title='bbox 348 816 388 881; x_wconf 90' lang='lat' dir='ltr'>ab</span> <span class='ocrx_word' id='word_1_58' title='bbox 410 813 580 879; x_wconf 90' lang='lat' dir='ltr'>Abraham</span> <span class='ocrx_word' id='word_1_59' title='bbox 610 808 791 877; x_wconf 88' lang='lat' dir='ltr'>seeundum</span> <span class='ocrx_word' id='word_1_60' title='bbox 819 829 970 892; x_wconf 89' lang='lat' dir='ltr'>earnem,</span> <span class='ocrx_word' id='word_1_61' title='bbox 1004 809 1072 872; x_wconf 91' lang='lat' dir='ltr'>sint</span> <span class='ocrx_word' id='word_1_62' title='bbox 1101 807 1171 873; x_wconf 85' lang='lat' dir='ltr'>veri</span> <span class='ocrx_word' id='word_1_63' title='bbox 1222 811 1313 893; x_wconf 88' lang='lat' dir='ltr'>qussi</span> <span class='ocrx_word' id='word_1_64' title='bbox 1343 812 1505 896; x_wconf 76' lang='lat' dir='ltr'><strong>primitias</strong></span> <span class='ocrx_word' id='word_1_65' title='bbox 1535 813 1666 895; x_wconf 83' lang='lat' dir='ltr'>frugum</span> <span class='ocrx_word' id='word_1_66' title='bbox 1696 830 1846 876; x_wconf 89' lang='lat' dir='ltr'>suarum:</span> <span class='ocrx_word' id='word_1_67' title='bbox 1881 810 1939 876; x_wconf 91' lang='lat' dir='ltr'>ssd</span> <span class='ocrx_word' id='word_1_68' title='bbox 1971 809 2113 875; x_wconf 90' lang='lat' dir='ltr'>tenenda</span> <span class='ocrx_word' id='word_1_69' title='bbox 2146 815 2197 875; x_wconf 88' lang='lat' dir='ltr'>est</span> 
     </span>
     <span class='ocr_line' id='line_1_6' title="bbox 195 894 2196 985; baseline -0.003 -18"><span class='ocrx_word' id='word_1_70' title='bbox 195 911 229 967; x_wconf 91' lang='lat' dir='ltr'>et</span> <span class='ocrx_word' id='word_1_71' title='bbox 256 901 396 985; x_wconf 80' lang='lat' dir='ltr'>legitimi</span> <span class='ocrx_word' id='word_1_72' title='bbox 419 899 606 965; x_wconf 88' lang='lat' dir='ltr'>Israelitae:</span> <span class='ocrx_word' id='word_1_73' title='bbox 641 905 750 962; x_wconf 88' lang='lat' dir='ltr'>tamen</span> <span class='ocrx_word' id='word_1_74' title='bbox 781 894 873 960; x_wconf 88' lang='lat' dir='ltr'>Deus</span> <span class='ocrx_word' id='word_1_75' title='bbox 906 914 1036 977; x_wconf 90' lang='lat' dir='ltr'>semper</span> <span class='ocrx_word' id='word_1_76' title='bbox 1070 913 1170 959; x_wconf 87' lang='lat' dir='ltr'>verax</span> <span class='ocrx_word' id='word_1_77' title='bbox 1222 894 1353 977; x_wconf 90' lang='lat' dir='ltr'>obliqua</span> <span class='ocrx_word' id='word_1_78' title='bbox 1375 897 1549 963; x_wconf 77' lang='lat' dir='ltr'>antithesis</span> <span class='ocrx_word' id='word_1_79' title='bbox 1571 899 1656 961; x_wconf 90' lang='lat' dir='ltr'>inter</span> <span class='ocrx_word' id='word_1_80' title='bbox 1677 896 1845 980; x_wconf 89' lang='lat' dir='ltr'>ingentem</span> <span class='ocrx_word' id='word_1_81' title='bbox 1867 895 1952 962; x_wconf 89' lang='lat' dir='ltr'>hane</span> <span class='ocrx_word' id='word_1_82' title='bbox 1974 904 2008 962; x_wconf 92' lang='lat' dir='ltr'>et</span> <span class='ocrx_word' id='word_1_83' title='bbox 2028 896 2196 978; x_wconf 88' lang='lat' dir='ltr'>inoompa·</span> 
     </span>
     <span class='ocr_line' id='line_1_7' title="bbox 195 977 2197 1067; baseline -0.005 -13"><span class='ocrx_word' id='word_1_84' title='bbox 195 1000 324 1062; x_wconf 88' lang='lat' dir='ltr'>manet,</span> <span class='ocrx_word' id='word_1_85' title='bbox 353 994 384 1050; x_wconf 87' lang='lat' dir='ltr'>et</span> <span class='ocrx_word' id='word_1_86' title='bbox 409 985 532 1051; x_wconf 87' lang='lat' dir='ltr'>voeatio</span> <span class='ocrx_word' id='word_1_87' title='bbox 555 985 625 1048; x_wconf 90' lang='lat' dir='ltr'>sius</span> <span class='ocrx_word' id='word_1_88' title='bbox 648 990 740 1047; x_wconf 88' lang='lat' dir='ltr'>earet</span> <span class='ocrx_word' id='word_1_89' title='bbox 767 979 988 1063; x_wconf 86' lang='lat' dir='ltr'>poenitentia,</span> <span class='ocrx_word' id='word_1_90' title='bbox 1019 977 1172 1061; x_wconf 88' lang='lat' dir='ltr'>quemad·</span> <span class='ocrx_word' id='word_1_91' title='bbox 1222 980 1358 1047; x_wconf 79' lang='lat' dir='ltr'>rabilem</span> <span class='ocrx_word' id='word_1_92' title='bbox 1380 982 1446 1047; x_wconf 88' lang='lat' dir='ltr'>Dei</span> <span class='ocrx_word' id='word_1_93' title='bbox 1467 983 1623 1067; x_wconf 89' lang='lat' dir='ltr'>gratiam,</span> <span class='ocrx_word' id='word_1_94' title='bbox 1657 996 1689 1046; x_wconf 90' lang='lat' dir='ltr'>et</span> <span class='ocrx_word' id='word_1_95' title='bbox 1711 982 1908 1064; x_wconf 82' lang='lat' dir='ltr'>pravitatem</span> <span class='ocrx_word' id='word_1_96' title='bbox 1937 981 2064 1064; x_wconf 90' lang='lat' dir='ltr'>populi,</span> <span class='ocrx_word' id='word_1_97' title='bbox 2099 981 2197 1063; x_wconf 88' lang='lat' dir='ltr'>quia</span> 
     </span>
     <span class='ocr_line' id='line_1_8' title="bbox 196 1063 2197 1151; baseline -0.004 -13"><span class='ocrx_word' id='word_1_98' title='bbox 196 1072 328 1138; x_wconf 88' lang='lat' dir='ltr'>modum</span> <span class='ocrx_word' id='word_1_99' title='bbox 361 1071 456 1136; x_wconf 90' lang='lat' dir='ltr'>dooet</span> <span class='ocrx_word' id='word_1_100' title='bbox 486 1070 612 1135; x_wconf 87' lang='lat' dir='ltr'>Paulus</span> <span class='ocrx_word' id='word_1_101' title='bbox 642 1064 914 1151; x_wconf 80' lang='lat' dir='ltr'>(Rom.11‚29).</span> <span class='ocrx_word' id='word_1_102' title='bbox 965 1063 1037 1129; x_wconf 88' lang='lat' dir='ltr'>Hoo</span> <span class='ocrx_word' id='word_1_103' title='bbox 1070 1063 1172 1147; x_wconf 90' lang='lat' dir='ltr'>igitur</span> <span class='ocrx_word' id='word_1_104' title='bbox 1195 1072 1198 1113; x_wconf 80' lang='lat'><strong>¹</strong></span> <span class='ocrx_word' id='word_1_105' title='bbox 1222 1066 1294 1130; x_wconf 91' lang='lat' dir='ltr'>Deo</span> <span class='ocrx_word' id='word_1_106' title='bbox 1323 1076 1391 1132; x_wconf 90' lang='lat' dir='ltr'>tam</span> <span class='ocrx_word' id='word_1_107' title='bbox 1419 1067 1546 1133; x_wconf 90' lang='lat' dir='ltr'>liberali</span> <span class='ocrx_word' id='word_1_108' title='bbox 1578 1077 1611 1132; x_wconf 87' lang='lat' dir='ltr'>et</span> <span class='ocrx_word' id='word_1_109' title='bbox 1641 1067 1786 1133; x_wconf 90' lang='lat' dir='ltr'>benefioo</span> <span class='ocrx_word' id='word_1_110' title='bbox 1814 1077 1927 1149; x_wconf 87' lang='lat' dir='ltr'>postea</span> <span class='ocrx_word' id='word_1_111' title='bbox 1954 1066 2081 1132; x_wconf 84' lang='lat' dir='ltr'>deleuit.</span> <span class='ocrx_word' id='word_1_112' title='bbox 2123 1064 2197 1130; x_wconf 88' lang='lat' dir='ltr'>Hos</span> 
     </span>
     <span class='ocr_line' id='line_1_9' title="bbox 197 1151 2198 1237; baseline -0.004 -14"><span class='ocrx_word' id='word_1_113' title='bbox 197 1159 360 1225; x_wconf 88' lang='lat' dir='ltr'>diseamus</span> <span class='ocrx_word' id='word_1_114' title='bbox 382 1178 423 1222; x_wconf 88' lang='lat' dir='ltr'>ex</span> <span class='ocrx_word' id='word_1_115' title='bbox 446 1155 624 1237; x_wconf 85' lang='lat' dir='ltr'>prophetae</span> <span class='ocrx_word' id='word_1_116' title='bbox 647 1151 772 1227; x_wconf 81' lang='lat' dir='ltr'>verbis,</span> <span class='ocrx_word' id='word_1_117' title='bbox 806 1152 913 1216; x_wconf 92' lang='lat' dir='ltr'>Deum</span> <span class='ocrx_word' id='word_1_118' title='bbox 944 1169 1007 1213; x_wconf 92' lang='lat' dir='ltr'>uon</span> <span class='ocrx_word' id='word_1_119' title='bbox 1035 1158 1171 1214; x_wconf 90' lang='lat' dir='ltr'>eonten·</span> <span class='ocrx_word' id='word_1_120' title='bbox 1222 1153 1326 1236; x_wconf 86' lang='lat' dir='ltr'>igitur</span> <span class='ocrx_word' id='word_1_121' title='bbox 1347 1173 1446 1218; x_wconf 87' lang='lat' dir='ltr'>seusu</span> <span class='ocrx_word' id='word_1_122' title='bbox 1469 1153 1548 1219; x_wconf 91' lang='lat' dir='ltr'>dioit</span> <span class='ocrx_word' id='word_1_123' title='bbox 1571 1152 1726 1217; x_wconf 85' lang='lat' dir='ltr'>Ieremias</span> <span class='ocrx_word' id='word_1_124' title='bbox 1748 1152 1902 1218; x_wconf 85' lang='lat' dir='ltr'>Israelem</span> <span class='ocrx_word' id='word_1_125' title='bbox 1923 1173 1988 1218; x_wconf 86' lang='lat' dir='ltr'>esse</span> <span class='ocrx_word' id='word_1_126' title='bbox 2004 1151 2198 1217; x_wconf 75' lang='lat' dir='ltr'>sanctitatem</span> 
     </span>
     <span class='ocr_line' id='line_1_10' title="bbox 196 1234 2196 1322; baseline -0.004 -14"><span class='ocrx_word' id='word_1_127' title='bbox 196 1255 267 1309; x_wconf 91' lang='lat' dir='ltr'>tum</span> <span class='ocrx_word' id='word_1_128' title='bbox 290 1242 390 1309; x_wconf 87' lang='lat' dir='ltr'>fnisse</span> <span class='ocrx_word' id='word_1_129' title='bbox 413 1261 480 1305; x_wconf 92' lang='lat' dir='ltr'>uno</span> <span class='ocrx_word' id='word_1_130' title='bbox 507 1239 678 1322; x_wconf 73' lang='lat' dir='ltr'>propheta,</span> <span class='ocrx_word' id='word_1_131' title='bbox 709 1236 766 1302; x_wconf 76' lang='lat' dir='ltr'>aad</span> <span class='ocrx_word' id='word_1_132' title='bbox 794 1237 1002 1302; x_wconf 80' lang='lat' dir='ltr'>continuasse</span> <span class='ocrx_word' id='word_1_133' title='bbox 1032 1234 1171 1318; x_wconf 81' lang='lat' dir='ltr'>gratiam</span> <span class='ocrx_word' id='word_1_134' title='bbox 1223 1237 1299 1316; x_wconf 87' lang='lat' dir='ltr'>Deo,</span> <span class='ocrx_word' id='word_1_135' title='bbox 1323 1237 1384 1303; x_wconf 92' lang='lat' dir='ltr'>hoo</span> <span class='ocrx_word' id='word_1_136' title='bbox 1406 1251 1463 1319; x_wconf 88' lang='lat' dir='ltr'>ost,</span> <span class='ocrx_word' id='word_1_137' title='bbox 1486 1259 1557 1304; x_wconf 89' lang='lat' dir='ltr'>esse</span> <span class='ocrx_word' id='word_1_138' title='bbox 1577 1259 1670 1321; x_wconf 88' lang='lat' dir='ltr'>segre</span> <span class='ocrx_word' id='word_1_139' title='bbox 1695 1247 1786 1303; x_wconf 93' lang='lat' dir='ltr'>atum</span> <span class='ocrx_word' id='word_1_140' title='bbox 1809 1237 1850 1302; x_wconf 89' lang='lat' dir='ltr'>ab</span> <span class='ocrx_word' id='word_1_141' title='bbox 1874 1236 1946 1301; x_wconf 91' lang='lat' dir='ltr'>aliis</span> <span class='ocrx_word' id='word_1_142' title='bbox 1969 1237 2120 1301; x_wconf 87' lang='lat' dir='ltr'>omuibus</span> <span class='ocrx_word' id='word_1_143' title='bbox 2143 1255 2196 1317; x_wconf 83' lang='lat' dir='ltr'>po</span> 
     </span>
     <span class='ocr_line' id='line_1_11' title="bbox 195 1319 2198 1411; baseline -0.005 -18"><span class='ocrx_word' id='word_1_144' title='bbox 195 1330 303 1411; x_wconf 88' lang='lat' dir='ltr'>illam,</span> <span class='ocrx_word' id='word_1_145' title='bbox 335 1327 487 1410; x_wconf 92' lang='lat' dir='ltr'>qnoniam</span> <span class='ocrx_word' id='word_1_146' title='bbox 512 1324 644 1389; x_wconf 86' lang='lat' dir='ltr'>nolebat</span> <span class='ocrx_word' id='word_1_147' title='bbox 667 1321 781 1388; x_wconf 79' lang='lat' dir='ltr'>foedus</span> <span class='ocrx_word' id='word_1_148' title='bbox 804 1342 898 1387; x_wconf 90' lang='lat' dir='ltr'>suum</span> <span class='ocrx_word' id='word_1_149' title='bbox 930 1340 1001 1385; x_wconf 91' lang='lat' dir='ltr'>esse</span> <span class='ocrx_word' id='word_1_150' title='bbox 1030 1319 1171 1384; x_wconf 89' lang='lat' dir='ltr'>irritum.</span> <span class='ocrx_word' id='word_1_151' title='bbox 1224 1323 1318 1407; x_wconf 91' lang='lat' dir='ltr'>pulis,</span> <span class='ocrx_word' id='word_1_152' title='bbox 1341 1332 1379 1388; x_wconf 93' lang='lat' dir='ltr'>ut</span> <span class='ocrx_word' id='word_1_153' title='bbox 1400 1325 1467 1391; x_wconf 89' lang='lat' dir='ltr'>illie</span> <span class='ocrx_word' id='word_1_154' title='bbox 1490 1322 1652 1408; x_wconf 78' lang='lat' dir='ltr'>refulgeat</span> <span class='ocrx_word' id='word_1_155' title='bbox 1708 1323 1738 1387; x_wconf 90' lang='lat' dir='ltr'>ei</span> <span class='ocrx_word' id='word_1_156' title='bbox 1759 1322 1872 1406; x_wconf 88' lang='lat' dir='ltr'>gloria.</span> <span class='ocrx_word' id='word_1_157' title='bbox 1906 1322 2026 1388; x_wconf 87' lang='lat' dir='ltr'>Postea</span> <span class='ocrx_word' id='word_1_158' title='bbox 2048 1320 2198 1403; x_wconf 89' lang='lat' dir='ltr'>adiungit</span> 
     </span>
     <span class='ocr_line' id='line_1_12' title="bbox 197 1405 2196 1497; baseline -0.005 -18"><span class='ocrx_word' id='word_1_159' title='bbox 197 1414 311 1479; x_wconf 91' lang='lat' dir='ltr'>Iudaei</span> <span class='ocrx_word' id='word_1_160' title='bbox 333 1412 462 1497; x_wconf 88' lang='lat' dir='ltr'>quidem</span> <span class='ocrx_word' id='word_1_161' title='bbox 486 1411 583 1494; x_wconf 91' lang='lat' dir='ltr'>impie</span> <span class='ocrx_word' id='word_1_162' title='bbox 606 1431 626 1475; x_wconf 88' lang='lat' dir='ltr'>a</span> <span class='ocrx_word' id='word_1_163' title='bbox 647 1408 775 1473; x_wconf 83' lang='lat' dir='ltr'>loedere</span> <span class='ocrx_word' id='word_1_164' title='bbox 797 1408 867 1490; x_wconf 86' lang='lat' dir='ltr'>ipso</span> <span class='ocrx_word' id='word_1_165' title='bbox 890 1405 1109 1482; x_wconf 76' lang='lat' dir='ltr'>desciverant,</span> <span class='ocrx_word' id='word_1_166' title='bbox 1140 1413 1173 1468; x_wconf 92' lang='lat' dir='ltr'>et</span> <span class='ocrx_word' id='word_1_167' title='bbox 1223 1429 1288 1475; x_wconf 82' lang='lat' dir='ltr'>esse</span> <span class='ocrx_word' id='word_1_168' title='bbox 1304 1410 1469 1491; x_wconf 79' lang='lat' dir='ltr'>primitiae</span> <span class='ocrx_word' id='word_1_169' title='bbox 1488 1410 1628 1493; x_wconf 66' lang='lat' dir='ltr'>fatuum.</span> <span class='ocrx_word' id='word_1_170' title='bbox 1673 1408 1759 1473; x_wconf 89' lang='lat' dir='ltr'>Nam</span> <span class='ocrx_word' id='word_1_171' title='bbox 1781 1408 1930 1490; x_wconf 84' lang='lat' dir='ltr'>quamvis</span> <span class='ocrx_word' id='word_1_172' title='bbox 1957 1408 2069 1490; x_wconf 86' lang='lat' dir='ltr'>fruges</span> <span class='ocrx_word' id='word_1_173' title='bbox 2096 1426 2196 1488; x_wconf 89' lang='lat' dir='ltr'>quas·</span> 
     </span>
     <span class='ocr_line' id='line_1_13' title="bbox 195 1489 2197 1580; baseline -0.005 -15"><span class='ocrx_word' id='word_1_174' title='bbox 195 1499 381 1576; x_wconf 88' lang='lat' dir='ltr'>multitudo,</span> <span class='ocrx_word' id='word_1_175' title='bbox 404 1506 441 1563; x_wconf 90' lang='lat' dir='ltr'>ut</span> <span class='ocrx_word' id='word_1_176' title='bbox 463 1496 562 1580; x_wconf 88' lang='lat' dir='ltr'>digna</span> <span class='ocrx_word' id='word_1_177' title='bbox 584 1504 664 1571; x_wconf 88' lang='lat' dir='ltr'>erat,</span> <span class='ocrx_word' id='word_1_178' title='bbox 687 1493 795 1576; x_wconf 91' lang='lat' dir='ltr'>periit,</span> <span class='ocrx_word' id='word_1_179' title='bbox 822 1506 854 1556; x_wconf 89' lang='lat' dir='ltr'>et</span> <span class='ocrx_word' id='word_1_180' title='bbox 874 1511 1007 1575; x_wconf 90' lang='lat' dir='ltr'>prorsus</span> <span class='ocrx_word' id='word_1_181' title='bbox 1030 1491 1092 1555; x_wconf 83' lang='lat' dir='ltr'>luit</span> <span class='ocrx_word' id='word_1_182' title='bbox 1115 1489 1172 1554; x_wconf 86' lang='lat' dir='ltr'>ab·</span> <span class='ocrx_word' id='word_1_183' title='bbox 1222 1498 1352 1576; x_wconf 80' lang='lat' dir='ltr'>dunque</span> <span class='ocrx_word' id='word_1_184' title='bbox 1374 1496 1408 1559; x_wconf 91' lang='lat' dir='ltr'>iu</span> <span class='ocrx_word' id='word_1_185' title='bbox 1431 1504 1519 1560; x_wconf 88' lang='lat' dir='ltr'>terra</span> <span class='ocrx_word' id='word_1_186' title='bbox 1542 1503 1731 1572; x_wconf 86' lang='lat' dir='ltr'>naseuntur,</span> <span class='ocrx_word' id='word_1_187' title='bbox 1762 1494 1878 1558; x_wconf 91' lang='lat' dir='ltr'>merito</span> <span class='ocrx_word' id='word_1_188' title='bbox 1900 1503 2106 1558; x_wconf 73' lang='lat' dir='ltr'>enumeratae</span> <span class='ocrx_word' id='word_1_189' title='bbox 2129 1492 2197 1554; x_wconf 86' lang='lat' dir='ltr'>sint</span> 
     </span>
     <span class='ocr_line' id='line_1_14' title="bbox 197 1575 2197 1661; baseline -0.005 -12"><span class='ocrx_word' id='word_1_190' title='bbox 197 1585 319 1651; x_wconf 79' lang='lat' dir='ltr'>dicata:</span> <span class='ocrx_word' id='word_1_191' title='bbox 354 1584 447 1649; x_wconf 91' lang='lat' dir='ltr'>Deus</span> <span class='ocrx_word' id='word_1_192' title='bbox 477 1590 587 1646; x_wconf 86' lang='lat' dir='ltr'>tamen</span> <span class='ocrx_word' id='word_1_193' title='bbox 618 1602 653 1645; x_wconf 92' lang='lat' dir='ltr'>re</span> <span class='ocrx_word' id='word_1_194' title='bbox 682 1580 753 1661; x_wconf 88' lang='lat' dir='ltr'>ipsa</span> <span class='ocrx_word' id='word_1_195' title='bbox 784 1588 937 1642; x_wconf 89' lang='lat' dir='ltr'>testatum</span> <span class='ocrx_word' id='word_1_196' title='bbox 966 1597 1036 1642; x_wconf 82' lang='lat' dir='ltr'>essu</span> <span class='ocrx_word' id='word_1_197' title='bbox 1065 1575 1172 1640; x_wconf 80' lang='lat' dir='ltr'>voluit</span> <span class='ocrx_word' id='word_1_198' title='bbox 1223 1581 1305 1657; x_wconf 88' lang='lat' dir='ltr'>Deo,</span> <span class='ocrx_word' id='word_1_199' title='bbox 1324 1580 1417 1646; x_wconf 88' lang='lat' dir='ltr'>ouius</span> <span class='ocrx_word' id='word_1_200' title='bbox 1435 1582 1557 1647; x_wconf 88' lang='lat' dir='ltr'>virtuts</span> <span class='ocrx_word' id='word_1_201' title='bbox 1576 1590 1774 1644; x_wconf 82' lang='lat' dir='ltr'>naseuntur:</span> <span class='ocrx_word' id='word_1_202' title='bbox 1792 1588 1902 1643; x_wconf 89' lang='lat' dir='ltr'>tamen</span> <span class='ocrx_word' id='word_1_203' title='bbox 1919 1579 2042 1645; x_wconf 89' lang='lat' dir='ltr'>seimus</span> <span class='ocrx_word' id='word_1_204' title='bbox 2053 1576 2197 1643; x_wconf 89' lang='lat' dir='ltr'>deleotas</span> 
     </span>
     <span class='ocr_line' id='line_1_15' title="bbox 196 1661 2196 1755; baseline -0.006 -19"><span class='ocrx_word' id='word_1_205' title='bbox 196 1692 265 1736; x_wconf 91' lang='lat' dir='ltr'>non</span> <span class='ocrx_word' id='word_1_206' title='bbox 287 1668 429 1755; x_wconf 89' lang='lat' dir='ltr'>pendere</span> <span class='ocrx_word' id='word_1_207' title='bbox 451 1668 590 1751; x_wconf 87' lang='lat' dir='ltr'>gratiam</span> <span class='ocrx_word' id='word_1_208' title='bbox 613 1684 706 1730; x_wconf 84' lang='lat' dir='ltr'>suam</span> <span class='ocrx_word' id='word_1_209' title='bbox 729 1664 769 1728; x_wconf 85' lang='lat' dir='ltr'>ab</span> <span class='ocrx_word' id='word_1_210' title='bbox 790 1664 961 1728; x_wconf 84' lang='lat' dir='ltr'>homiuum</span> <span class='ocrx_word' id='word_1_211' title='bbox 984 1663 1171 1727; x_wconf 80' lang='lat' dir='ltr'>inuuuetuu·</span> <span class='ocrx_word' id='word_1_212' title='bbox 1223 1666 1322 1732; x_wconf 88' lang='lat' dir='ltr'>luisse</span> <span class='ocrx_word' id='word_1_213' title='bbox 1344 1667 1522 1750; x_wconf 89' lang='lat' dir='ltr'>primitias,</span> <span class='ocrx_word' id='word_1_214' title='bbox 1553 1685 1636 1747; x_wconf 90' lang='lat' dir='ltr'>quae</span> <span class='ocrx_word' id='word_1_215' title='bbox 1658 1664 1753 1728; x_wconf 88' lang='lat' dir='ltr'>altari</span> <span class='ocrx_word' id='word_1_216' title='bbox 1776 1665 1949 1747; x_wconf 87' lang='lat' dir='ltr'>impositae</span> <span class='ocrx_word' id='word_1_217' title='bbox 1969 1673 2079 1729; x_wconf 84' lang='lat' dir='ltr'>essent</span> <span class='ocrx_word' id='word_1_218' title='bbox 2104 1661 2196 1744; x_wconf 88' lang='lat' dir='ltr'>quasi</span> 
     </span>
     <span class='ocr_line' id='line_1_16' title="bbox 196 1745 2196 1834; baseline -0.012 0"><span class='ocrx_word' id='word_1_219' title='bbox 196 1759 251 1834; x_wconf 70' lang='lat' dir='ltr'>iifl,</span> <span class='ocrx_word' id='word_1_220' title='bbox 276 1778 317 1821; x_wconf 77' lang='lat'>¹10</span> <span class='ocrx_word' id='word_1_221' title='bbox 339 1752 479 1821; x_wconf 68' lang='lat' dir='ltr'>flubissd⁰</span> <span class='ocrx_word' id='word_1_222' title='bbox 501 1752 654 1834; x_wconf 61' lang='lat' dir='ltr'>lssbfflssssb</span> <span class='ocrx_word' id='word_1_223' title='bbox 677 1747 948 1832; x_wconf 69' lang='lat' dir='ltr'>qu⁰ffl³dm⁰d¹¹m</span> <span class='ocrx_word' id='word_1_224' title='bbox 971 1748 1071 1812; x_wconf 68' lang='lat' dir='ltr'>elium</span> <span class='ocrx_word' id='word_1_225' title='bbox 1093 1745 1172 1811; x_wconf 71' lang='lat' dir='ltr'>alibi</span> <span class='ocrx_word' id='word_1_226' title='bbox 1223 1772 1315 1818; x_wconf 88' lang='lat' dir='ltr'>saesr</span> <span class='ocrx_word' id='word_1_227' title='bbox 1336 1752 1437 1818; x_wconf 82' lang='lat' dir='ltr'>ribus.</span> <span class='ocrx_word' id='word_1_228' title='bbox 1472 1750 1584 1831; x_wconf 80' lang='lat' dir='ltr'>Quum</span> <span class='ocrx_word' id='word_1_229' title='bbox 1605 1769 1683 1833; x_wconf 87' lang='lat' dir='ltr'>ergo</span> <span class='ocrx_word' id='word_1_230' title='bbox 1703 1750 1792 1814; x_wconf 91' lang='lat' dir='ltr'>Deus</span> <span class='ocrx_word' id='word_1_231' title='bbox 1815 1750 1962 1815; x_wconf 87' lang='lat' dir='ltr'>iussisset</span> <span class='ocrx_word' id='word_1_232' title='bbox 1983 1747 2044 1813; x_wconf 92' lang='lat' dir='ltr'>sibi</span> <span class='ocrx_word' id='word_1_233' title='bbox 2067 1749 2100 1812; x_wconf 91' lang='lat' dir='ltr'>in</span> <span class='ocrx_word' id='word_1_234' title='bbox 2123 1746 2196 1829; x_wconf 90' lang='lat' dir='ltr'>lege</span> 
     </span>
     <span class='ocr_line' id='line_1_17' title="bbox 195 1831 2196 1920; baseline -0.005 -12"><span class='ocrx_word' id='word_1_235' title='bbox 195 1842 275 1908; x_wconf 89' lang='lat' dir='ltr'>dieit</span> <span class='ocrx_word' id='word_1_236' title='bbox 296 1840 437 1907; x_wconf 83' lang='lat' dir='ltr'>Paulus:</span> <span class='ocrx_word' id='word_1_237' title='bbox 466 1839 564 1902; x_wconf 84' lang='lat' dir='ltr'>etium</span> <span class='ocrx_word' id='word_1_238' title='bbox 587 1837 614 1902; x_wconf 88' lang='lat' dir='ltr'>si</span> <span class='ocrx_word' id='word_1_239' title='bbox 639 1856 752 1900; x_wconf 77' lang='lat' dir='ltr'>omues</span> <span class='ocrx_word' id='word_1_240' title='bbox 775 1834 924 1899; x_wconf 76' lang='lat' dir='ltr'>homiues</span> <span class='ocrx_word' id='word_1_241' title='bbox 946 1834 1014 1898; x_wconf 77' lang='lat' dir='ltr'>siut</span> <span class='ocrx_word' id='word_1_242' title='bbox 1035 1831 1171 1896; x_wconf 78' lang='lat' dir='ltr'>muudu-</span> <span class='ocrx_word' id='word_1_243' title='bbox 1222 1838 1333 1903; x_wconf 87' lang='lat' dir='ltr'>offerri</span> <span class='ocrx_word' id='word_1_244' title='bbox 1356 1838 1527 1920; x_wconf 89' lang='lat' dir='ltr'>primitias,</span> <span class='ocrx_word' id='word_1_245' title='bbox 1550 1845 1583 1900; x_wconf 92' lang='lat' dir='ltr'>et</span> <span class='ocrx_word' id='word_1_246' title='bbox 1601 1855 1656 1899; x_wconf 90' lang='lat' dir='ltr'>eas</span> <span class='ocrx_word' id='word_1_247' title='bbox 1675 1843 1785 1917; x_wconf 88' lang='lat' dir='ltr'>postea</span> <span class='ocrx_word' id='word_1_248' title='bbox 1803 1833 1946 1900; x_wconf 84' lang='lat' dir='ltr'>dedisset</span> <span class='ocrx_word' id='word_1_249' title='bbox 1963 1834 2196 1916; x_wconf 89' lang='lat' dir='ltr'>saeerdotibus,</span> 
     </span>
     <span class='ocr_line' id='line_1_18' title="bbox 194 1919 2199 2009; baseline -0.003 -14"><span class='ocrx_word' id='word_1_250' title='bbox 194 1948 249 1995; x_wconf 89' lang='lat' dir='ltr'>oss</span> <span class='ocrx_word' id='word_1_251' title='bbox 271 1937 303 1992; x_wconf 93' lang='lat' dir='ltr'>et</span> <span class='ocrx_word' id='word_1_252' title='bbox 332 1924 464 2009; x_wconf 87' lang='lat' dir='ltr'>perfidi,</span> <span class='ocrx_word' id='word_1_253' title='bbox 498 1923 606 1988; x_wconf 90' lang='lat' dir='ltr'>Deum</span> <span class='ocrx_word' id='word_1_254' title='bbox 636 1931 747 1993; x_wconf 84' lang='lat' dir='ltr'>tamou</span> <span class='ocrx_word' id='word_1_255' title='bbox 776 1940 909 1985; x_wconf 73' lang='lat' dir='ltr'>munere</span> <span class='ocrx_word' id='word_1_256' title='bbox 936 1938 1103 1994; x_wconf 70' lang='lat' dir='ltr'>versuum.</span> <span class='ocrx_word' id='word_1_257' title='bbox 1138 1924 1171 1981; x_wconf 70' lang='lat' dir='ltr'>et</span> <span class='ocrx_word' id='word_1_258' title='bbox 1223 1923 1276 1988; x_wconf 90' lang='lat' dir='ltr'>hio</span> <span class='ocrx_word' id='word_1_259' title='bbox 1297 1944 1339 1988; x_wconf 84' lang='lat' dir='ltr'>ex</span> <span class='ocrx_word' id='word_1_260' title='bbox 1361 1931 1516 1987; x_wconf 88' lang='lat' dir='ltr'>eonsueto</span> <span class='ocrx_word' id='word_1_261' title='bbox 1539 1921 1603 1985; x_wconf 91' lang='lat' dir='ltr'>ritu</span> <span class='ocrx_word' id='word_1_262' title='bbox 1627 1919 1706 1984; x_wconf 90' lang='lat' dir='ltr'>dioit</span> <span class='ocrx_word' id='word_1_263' title='bbox 1719 1920 1874 2001; x_wconf 79' lang='lat' dir='ltr'>poputum</span> <span class='ocrx_word' id='word_1_264' title='bbox 1898 1921 2112 1989; x_wconf 82' lang='lat' dir='ltr'>Israelitieum</span> <span class='ocrx_word' id='word_1_265' title='bbox 2133 1944 2199 1990; x_wconf 83' lang='lat' dir='ltr'>esee</span> 
     </span>
     <span class='ocr_line' id='line_1_19' title="bbox 195 2001 2198 2097; baseline -0.001 -20"><span class='ocrx_word' id='word_1_266' title='bbox 195 2023 342 2097; x_wconf 88' lang='lat' dir='ltr'>perstare</span> <span class='ocrx_word' id='word_1_267' title='bbox 369 2013 404 2074; x_wconf 91' lang='lat' dir='ltr'>iu</span> <span class='ocrx_word' id='word_1_268' title='bbox 433 2029 492 2074; x_wconf 89' lang='lat' dir='ltr'>suo</span> <span class='ocrx_word' id='word_1_269' title='bbox 519 2008 682 2091; x_wconf 91' lang='lat' dir='ltr'>proposito</span> <span class='ocrx_word' id='word_1_270' title='bbox 704 2004 813 2090; x_wconf 86' lang='lat' dir='ltr'>(Rom.</span> <span class='ocrx_word' id='word_1_271' title='bbox 836 2005 866 2082; x_wconf 86' lang='lat'>3,</span> <span class='ocrx_word' id='word_1_272' title='bbox 889 2004 934 2086; x_wconf 87' lang='lat'>4).</span> <span class='ocrx_word' id='word_1_273' title='bbox 978 2004 1051 2068; x_wconf 89' lang='lat' dir='ltr'>Heu</span> <span class='ocrx_word' id='word_1_274' title='bbox 1080 2001 1170 2068; x_wconf 84' lang='lat' dir='ltr'>uulli·</span> <span class='ocrx_word' id='word_1_275' title='bbox 1216 2009 1385 2090; x_wconf 75' lang='lat' dir='ltr'>primitt&#39;as</span> <span class='ocrx_word' id='word_1_276' title='bbox 1403 2008 1533 2091; x_wconf 74' lang='lat' dir='ltr'>fraqam</span> <span class='ocrx_word' id='word_1_277' title='bbox 1554 2025 1694 2070; x_wconf 81' lang='lat' dir='ltr'>suarum.</span> <span class='ocrx_word' id='word_1_278' title='bbox 1740 2005 1826 2069; x_wconf 89' lang='lat' dir='ltr'>Nam</span> <span class='ocrx_word' id='word_1_279' title='bbox 1849 2015 1980 2089; x_wconf 81' lang='lat' dir='ltr'>gentes,</span> <span class='ocrx_word' id='word_1_280' title='bbox 2009 2030 2091 2092; x_wconf 91' lang='lat' dir='ltr'>quae</span> <span class='ocrx_word' id='word_1_281' title='bbox 2119 2020 2198 2076; x_wconf 89' lang='lat' dir='ltr'>tune</span> 
     </span>
     <span class='ocr_line' id='line_1_20' title="bbox 196 2088 2198 2182; baseline -0.001 -19"><span class='ocrx_word' id='word_1_282' title='bbox 196 2100 305 2182; x_wconf 84' lang='lat' dir='ltr'>gimus</span> <span class='ocrx_word' id='word_1_283' title='bbox 327 2117 369 2161; x_wconf 84' lang='lat' dir='ltr'>ex</span> <span class='ocrx_word' id='word_1_284' title='bbox 393 2094 571 2178; x_wconf 89' lang='lat' dir='ltr'>prophetae</span> <span class='ocrx_word' id='word_1_285' title='bbox 593 2093 718 2171; x_wconf 86' lang='lat' dir='ltr'>verbis,</span> <span class='ocrx_word' id='word_1_286' title='bbox 749 2092 802 2157; x_wconf 90' lang='lat' dir='ltr'>ubi</span> <span class='ocrx_word' id='word_1_287' title='bbox 829 2091 998 2174; x_wconf 82' lang='lat' dir='ltr'>praefatur</span> <span class='ocrx_word' id='word_1_288' title='bbox 1027 2088 1119 2153; x_wconf 78' lang='lat' dir='ltr'>Deus</span> <span class='ocrx_word' id='word_1_289' title='bbox 1138 2107 1172 2153; x_wconf 74' lang='lat' dir='ltr'>ee</span> <span class='ocrx_word' id='word_1_290' title='bbox 1223 2095 1344 2176; x_wconf 91' lang='lat' dir='ltr'>ubique</span> <span class='ocrx_word' id='word_1_291' title='bbox 1367 2092 1576 2173; x_wconf 84' lang='lat' dir='ltr'>habitabant,</span> <span class='ocrx_word' id='word_1_292' title='bbox 1609 2110 1677 2154; x_wconf 94' lang='lat' dir='ltr'>nou</span> <span class='ocrx_word' id='word_1_293' title='bbox 1699 2101 1793 2154; x_wconf 88' lang='lat' dir='ltr'>erant</span> <span class='ocrx_word' id='word_1_294' title='bbox 1814 2100 1910 2156; x_wconf 86' lang='lat' dir='ltr'>extra</span> <span class='ocrx_word' id='word_1_295' title='bbox 1936 2094 2112 2177; x_wconf 92' lang='lat' dir='ltr'>imperium</span> <span class='ocrx_word' id='word_1_296' title='bbox 2135 2096 2198 2161; x_wconf 93' lang='lat' dir='ltr'>Dei</span> 
     </span>
     <span class='ocr_line' id='line_1_21' title="bbox 195 2173 2198 2266; baseline -0.001 -19"><span class='ocrx_word' id='word_1_297' title='bbox 195 2183 390 2249; x_wconf 77' lang='lat' dir='ltr'>recordatum</span> <span class='ocrx_word' id='word_1_298' title='bbox 422 2200 487 2246; x_wconf 84' lang='lat' dir='ltr'>esse</span> <span class='ocrx_word' id='word_1_299' title='bbox 517 2178 631 2261; x_wconf 81' lang='lat' dir='ltr'>populi</span> <span class='ocrx_word' id='word_1_300' title='bbox 660 2182 790 2261; x_wconf 76' lang='lat' dir='ltr'>propter</span> <span class='ocrx_word' id='word_1_301' title='bbox 822 2175 1069 2241; x_wconf 78' lang='lat' dir='ltr'>misericordiam</span> <span class='ocrx_word' id='word_1_302' title='bbox 1096 2173 1171 2238; x_wconf 88' lang='lat' dir='ltr'>ado·</span> <span class='ocrx_word' id='word_1_303' title='bbox 1221 2179 1286 2266; x_wconf 86' lang='lat' dir='ltr'>(sst</span> <span class='ocrx_word' id='word_1_304' title='bbox 1309 2180 1396 2243; x_wconf 89' lang='lat' dir='ltr'>enim</span> <span class='ocrx_word' id='word_1_305' title='bbox 1420 2178 1566 2242; x_wconf 92' lang='lat' dir='ltr'>omnium</span> <span class='ocrx_word' id='word_1_306' title='bbox 1589 2184 1732 2242; x_wconf 84' lang='lat' dir='ltr'>oreator:</span> <span class='ocrx_word' id='word_1_307' title='bbox 1755 2175 1871 2240; x_wconf 90' lang='lat' dir='ltr'>deiude</span> <span class='ocrx_word' id='word_1_308' title='bbox 1893 2179 2047 2245; x_wconf 89' lang='lat' dir='ltr'>omnibus</span> <span class='ocrx_word' id='word_1_309' title='bbox 2069 2201 2198 2264; x_wconf 89' lang='lat' dir='ltr'>semper</span> 
     </span>
     <span class='ocr_line' id='line_1_22' title="bbox 192 2260 2199 2412; baseline -0.002 -77"><span class='ocrx_word' id='word_1_310' title='bbox 192 2269 355 2336; x_wconf 73' lang='lat' dir='ltr'>sescentae</span> <span class='ocrx_word' id='word_1_311' title='bbox 369 2267 482 2346; x_wconf 62' lang='lat' dir='ltr'>aestua</span> <span class='ocrx_word' id='word_1_312' title='bbox 516 2263 589 2329; x_wconf 88' lang='lat' dir='ltr'>Iam</span> <span class='ocrx_word' id='word_1_313' title='bbox 604 2262 688 2346; x_wconf 89' lang='lat' dir='ltr'>quod</span> <span class='ocrx_word' id='word_1_314' title='bbox 704 2261 963 2337; x_wconf 74' lang='lat' dir='ltr'>adolescentiam.</span> <span class='ocrx_word' id='word_1_315' title='bbox 984 2270 1017 2324; x_wconf 76' lang='lat' dir='ltr'>st</span> <span class='ocrx_word' id='word_1_316' title='bbox 1032 2260 1170 2341; x_wconf 78' lang='lat' dir='ltr'>duepuu·</span> <span class='ocrx_word' id='word_1_317' title='bbox 1222 2264 1373 2330; x_wconf 83' lang='lat' dir='ltr'>exhibuit</span> <span class='ocrx_word' id='word_1_318' title='bbox 1401 2283 1437 2328; x_wconf 92' lang='lat' dir='ltr'>ss</span> <span class='ocrx_word' id='word_1_319' title='bbox 1463 2272 1591 2346; x_wconf 90' lang='lat' dir='ltr'>patrem</span> <span class='ocrx_word' id='word_1_320' title='bbox 1620 2282 1658 2327; x_wconf 89' lang='lat' dir='ltr'>ao</span> <span class='ocrx_word' id='word_1_321' title='bbox 1686 2261 1890 2412; x_wconf 58' lang='lat' dir='ltr'>nutritiumi&#39;</span> <span class='ocrx_word' id='word_1_322' title='bbox 1925 2264 1982 2330; x_wconf 88' lang='lat' dir='ltr'>sed</span> <span class='ocrx_word' id='word_1_323' title='bbox 2011 2266 2199 2348; x_wconf 90' lang='lat' dir='ltr'>praeteritis</span> 
     </span>
     <span class='ocr_line' id='line_1_23' title="bbox 197 2347 2199 2434; baseline -0 -17"><span class='ocrx_word' id='word_1_324' title='bbox 197 2355 356 2419; x_wconf 88' lang='lat' dir='ltr'>sationem</span> <span class='ocrx_word' id='word_1_325' title='bbox 379 2351 479 2434; x_wconf 89' lang='lat' dir='ltr'>ponit,</span> <span class='ocrx_word' id='word_1_326' title='bbox 506 2372 546 2415; x_wconf 89' lang='lat' dir='ltr'>ex</span> <span class='ocrx_word' id='word_1_327' title='bbox 570 2370 608 2414; x_wconf 91' lang='lat' dir='ltr'>eo</span> <span class='ocrx_word' id='word_1_328' title='bbox 631 2349 730 2413; x_wconf 84' lang='lat' dir='ltr'>stiam</span> <span class='ocrx_word' id='word_1_329' title='bbox 753 2348 926 2422; x_wconf 85' lang='lat' dir='ltr'>diseamus,</span> <span class='ocrx_word' id='word_1_330' title='bbox 957 2354 1169 2426; x_wconf 79' lang='lat' dir='ltr'>praeventum</span> <span class='ocrx_word' id='word_1_331' title='bbox 1223 2350 1297 2415; x_wconf 90' lang='lat' dir='ltr'>aliis</span> <span class='ocrx_word' id='word_1_332' title='bbox 1319 2348 1482 2433; x_wconf 90' lang='lat' dir='ltr'>gentibus,</span> <span class='ocrx_word' id='word_1_333' title='bbox 1514 2347 1618 2412; x_wconf 90' lang='lat' dir='ltr'>solum</span> <span class='ocrx_word' id='word_1_334' title='bbox 1642 2367 1746 2430; x_wconf 89' lang='lat' dir='ltr'>genus</span> <span class='ocrx_word' id='word_1_335' title='bbox 1769 2347 1859 2412; x_wconf 89' lang='lat' dir='ltr'>Abra</span> <span class='ocrx_word' id='word_1_336' title='bbox 1884 2369 1922 2415; x_wconf 90' lang='lat' dir='ltr'>ae</span> <span class='ocrx_word' id='word_1_337' title='bbox 1944 2350 2006 2415; x_wconf 90' lang='lat' dir='ltr'>sibi</span> <span class='ocrx_word' id='word_1_338' title='bbox 2029 2351 2136 2434; x_wconf 85' lang='lat' dir='ltr'>elegit,</span> <span class='ocrx_word' id='word_1_339' title='bbox 2166 2361 2199 2416; x_wconf 89' lang='lat' dir='ltr'>et</span> 
     </span>
     <span class='ocr_line' id='line_1_24' title="bbox 196 2429 2200 2521; baseline -0.001 -17"><span class='ocrx_word' id='word_1_340' title='bbox 196 2441 295 2505; x_wconf 84' lang='lat' dir='ltr'>fuisse</span> <span class='ocrx_word' id='word_1_341' title='bbox 317 2437 472 2521; x_wconf 90' lang='lat' dir='ltr'>populum</span> <span class='ocrx_word' id='word_1_342' title='bbox 495 2434 588 2500; x_wconf 92' lang='lat' dir='ltr'>illum</span> <span class='ocrx_word' id='word_1_343' title='bbox 607 2434 667 2498; x_wconf 89' lang='lat' dir='ltr'>Dei</span> <span class='ocrx_word' id='word_1_344' title='bbox 692 2433 912 2497; x_wconf 81' lang='lat' dir='ltr'>beneficentia.</span> <span class='ocrx_word' id='word_1_345' title='bbox 946 2430 1060 2513; x_wconf 85' lang='lat' dir='ltr'>Neque</span> <span class='ocrx_word' id='word_1_346' title='bbox 1083 2429 1171 2494; x_wconf 91' lang='lat' dir='ltr'>euim</span> <span class='ocrx_word' id='word_1_347' title='bbox 1223 2434 1353 2519; x_wconf 91' lang='lat' dir='ltr'>quidem</span> <span class='ocrx_word' id='word_1_348' title='bbox 1376 2433 1437 2500; x_wconf 90' lang='lat' dir='ltr'>hae</span> <span class='ocrx_word' id='word_1_349' title='bbox 1458 2433 1540 2517; x_wconf 91' lang='lat' dir='ltr'>lege,</span> <span class='ocrx_word' id='word_1_350' title='bbox 1564 2441 1600 2495; x_wconf 92' lang='lat' dir='ltr'>ut</span> <span class='ocrx_word' id='word_1_351' title='bbox 1622 2431 1703 2496; x_wconf 91' lang='lat' dir='ltr'>illud</span> <span class='ocrx_word' id='word_1_352' title='bbox 1727 2439 1914 2516; x_wconf 84' lang='lat' dir='ltr'>protegeret</span> <span class='ocrx_word' id='word_1_353' title='bbox 1935 2455 1995 2501; x_wconf 88' lang='lat' dir='ltr'>sua</span> <span class='ocrx_word' id='word_1_354' title='bbox 2021 2438 2143 2503; x_wconf 84' lang='lat' dir='ltr'>virtute</span> <span class='ocrx_word' id='word_1_355' title='bbox 2166 2449 2200 2502; x_wconf 92' lang='lat' dir='ltr'>st</span> 
     </span>
     <span class='ocr_line' id='line_1_25' title="bbox 198 2514 2200 2605; baseline -0.002 -16"><span class='ocrx_word' id='word_1_356' title='bbox 198 2526 262 2590; x_wconf 93' lang='lat' dir='ltr'>alio</span> <span class='ocrx_word' id='word_1_357' title='bbox 284 2525 355 2589; x_wconf 94' lang='lat' dir='ltr'>iure</span> <span class='ocrx_word' id='word_1_358' title='bbox 378 2521 549 2586; x_wconf 75' lang='lat' dir='ltr'>familiaris</span> <span class='ocrx_word' id='word_1_359' title='bbox 574 2520 635 2584; x_wconf 87' lang='lat' dir='ltr'>luit</span> <span class='ocrx_word' id='word_1_360' title='bbox 658 2517 739 2594; x_wconf 86' lang='lat' dir='ltr'>Deo,</span> <span class='ocrx_word' id='word_1_361' title='bbox 762 2517 826 2582; x_wconf 92' lang='lat' dir='ltr'>nisi</span> <span class='ocrx_word' id='word_1_362' title='bbox 849 2515 934 2599; x_wconf 90' lang='lat' dir='ltr'>quod</span> <span class='ocrx_word' id='word_1_363' title='bbox 958 2517 1079 2581; x_wconf 85' lang='lat' dir='ltr'>electus</span> <span class='ocrx_word' id='word_1_364' title='bbox 1098 2514 1170 2578; x_wconf 85' lang='lat' dir='ltr'>suit.</span> <span class='ocrx_word' id='word_1_365' title='bbox 1224 2520 1357 2586; x_wconf 73' lang='lat' dir='ltr'>auxilio.</span> <span class='ocrx_word' id='word_1_366' title='bbox 1403 2517 1517 2599; x_wconf 76' lang='lat' dir='ltr'>Quum</span> <span class='ocrx_word' id='word_1_367' title='bbox 1546 2537 1624 2601; x_wconf 85' lang='lat' dir='ltr'>ergo</span> <span class='ocrx_word' id='word_1_368' title='bbox 1655 2515 1747 2582; x_wconf 89' lang='lat' dir='ltr'>Deus</span> <span class='ocrx_word' id='word_1_369' title='bbox 1775 2519 1821 2582; x_wconf 91' lang='lat' dir='ltr'>ita</span> <span class='ocrx_word' id='word_1_370' title='bbox 1848 2542 1949 2586; x_wconf 92' lang='lat' dir='ltr'>uuam</span> <span class='ocrx_word' id='word_1_371' title='bbox 1978 2533 2109 2605; x_wconf 81' lang='lat' dir='ltr'>gentem</span> <span class='ocrx_word' id='word_1_372' title='bbox 2136 2524 2200 2590; x_wconf 88' lang='lat' dir='ltr'>sibi</span> 
     </span>
     <span class='ocr_line' id='line_1_26' title="bbox 197 2602 2200 2688; baseline -0.002 -14"><span class='ocrx_word' id='word_1_373' title='bbox 197 2610 283 2674; x_wconf 89' lang='lat' dir='ltr'>Nam</span> <span class='ocrx_word' id='word_1_374' title='bbox 305 2608 511 2688; x_wconf 88' lang='lat' dir='ltr'>desponsatio</span> <span class='ocrx_word' id='word_1_375' title='bbox 535 2627 598 2669; x_wconf 92' lang='lat' dir='ltr'>nou</span> <span class='ocrx_word' id='word_1_376' title='bbox 615 2604 739 2685; x_wconf 90' lang='lat' dir='ltr'>ineepit</span> <span class='ocrx_word' id='word_1_377' title='bbox 755 2624 774 2667; x_wconf 92' lang='lat' dir='ltr'>a</span> <span class='ocrx_word' id='word_1_378' title='bbox 790 2602 917 2686; x_wconf 89' lang='lat' dir='ltr'>populo,</span> <span class='ocrx_word' id='word_1_379' title='bbox 941 2602 1002 2667; x_wconf 91' lang='lat' dir='ltr'>nisi</span> <span class='ocrx_word' id='word_1_380' title='bbox 1019 2608 1171 2665; x_wconf 87' lang='lat' dir='ltr'>antever·</span> <span class='ocrx_word' id='word_1_381' title='bbox 1225 2604 1427 2681; x_wconf 77' lang='lat' dir='ltr'>devinxerit,</span> <span class='ocrx_word' id='word_1_382' title='bbox 1457 2613 1595 2686; x_wconf 90' lang='lat' dir='ltr'>quauta,</span> <span class='ocrx_word' id='word_1_383' title='bbox 1625 2610 1659 2666; x_wconf 90' lang='lat' dir='ltr'>et</span> <span class='ocrx_word' id='word_1_384' title='bbox 1680 2622 1778 2684; x_wconf 89' lang='lat' dir='ltr'>quam</span> <span class='ocrx_word' id='word_1_385' title='bbox 1801 2616 1890 2671; x_wconf 83' lang='lat' dir='ltr'>areta</span> <span class='ocrx_word' id='word_1_386' title='bbox 1919 2617 1953 2671; x_wconf 86' lang='lat' dir='ltr'>st</span> <span class='ocrx_word' id='word_1_387' title='bbox 1981 2618 2097 2673; x_wconf 82' lang='lat' dir='ltr'>saneta</span> <span class='ocrx_word' id='word_1_388' title='bbox 2127 2630 2200 2674; x_wconf 85' lang='lat' dir='ltr'>esse</span> 
     </span>
     <span class='ocr_line' id='line_1_27' title="bbox 199 2686 2198 2774; baseline -0.001 -15"><span class='ocrx_word' id='word_1_389' title='bbox 199 2697 291 2759; x_wconf 88' lang='lat' dir='ltr'>tisset</span> <span class='ocrx_word' id='word_1_390' title='bbox 314 2693 413 2757; x_wconf 89' lang='lat' dir='ltr'>Deus.</span> <span class='ocrx_word' id='word_1_391' title='bbox 459 2690 575 2771; x_wconf 79' lang='lat' dir='ltr'>Qualis</span> <span class='ocrx_word' id='word_1_392' title='bbox 598 2699 668 2754; x_wconf 89' lang='lat' dir='ltr'>erat</span> <span class='ocrx_word' id='word_1_393' title='bbox 691 2686 881 2752; x_wconf 84' lang='lat' dir='ltr'>Abraham?</span> <span class='ocrx_word' id='word_1_394' title='bbox 917 2696 949 2752; x_wconf 90' lang='lat' dir='ltr'>et</span> <span class='ocrx_word' id='word_1_395' title='bbox 971 2687 1083 2769; x_wconf 87' lang='lat' dir='ltr'>quales</span> <span class='ocrx_word' id='word_1_396' title='bbox 1104 2706 1172 2749; x_wconf 92' lang='lat' dir='ltr'>om·</span> <span class='ocrx_word' id='word_1_397' title='bbox 1225 2690 1338 2756; x_wconf 87' lang='lat' dir='ltr'>debuit</span> <span class='ocrx_word' id='word_1_398' title='bbox 1364 2688 1519 2773; x_wconf 86' lang='lat' dir='ltr'>obligatio</span> <span class='ocrx_word' id='word_1_399' title='bbox 1549 2686 1640 2751; x_wconf 89' lang='lat' dir='ltr'>illius</span> <span class='ocrx_word' id='word_1_400' title='bbox 1673 2688 1808 2770; x_wconf 81' lang='lat' dir='ltr'>populi?</span> <span class='ocrx_word' id='word_1_401' title='bbox 1846 2691 1901 2755; x_wconf 80' lang='lat' dir='ltr'>uo</span> <span class='ocrx_word' id='word_1_402' title='bbox 1934 2693 2034 2774; x_wconf 84' lang='lat' dir='ltr'>igitur</span> <span class='ocrx_word' id='word_1_403' title='bbox 2066 2692 2198 2772; x_wconf 78' lang='lat' dir='ltr'>foedior,</span> 
     </span>
     <span class='ocr_line' id='line_1_28' title="bbox 199 2770 2200 2862; baseline -0.001 -18"><span class='ocrx_word' id='word_1_404' title='bbox 199 2800 257 2844; x_wconf 92' lang='lat' dir='ltr'>uss</span> <span class='ocrx_word' id='word_1_405' title='bbox 281 2779 351 2843; x_wconf 91' lang='lat' dir='ltr'>eius</span> <span class='ocrx_word' id='word_1_406' title='bbox 373 2775 517 2857; x_wconf 88' lang='lat' dir='ltr'>posteri?</span> <span class='ocrx_word' id='word_1_407' title='bbox 550 2774 648 2840; x_wconf 89' lang='lat' dir='ltr'>Nune</span> <span class='ocrx_word' id='word_1_408' title='bbox 663 2793 741 2857; x_wconf 90' lang='lat' dir='ltr'>ergo</span> <span class='ocrx_word' id='word_1_409' title='bbox 757 2771 902 2839; x_wconf 84' lang='lat' dir='ltr'>ostendit</span> <span class='ocrx_word' id='word_1_410' title='bbox 918 2773 1018 2848; x_wconf 88' lang='lat' dir='ltr'>Deus,</span> <span class='ocrx_word' id='word_1_411' title='bbox 1042 2770 1170 2835; x_wconf 89' lang='lat' dir='ltr'>initium</span> <span class='ocrx_word' id='word_1_412' title='bbox 1224 2786 1258 2841; x_wconf 92' lang='lat' dir='ltr'>et</span> <span class='ocrx_word' id='word_1_413' title='bbox 1280 2775 1385 2859; x_wconf 88' lang='lat' dir='ltr'>magis</span> <span class='ocrx_word' id='word_1_414' title='bbox 1418 2772 1621 2839; x_wconf 89' lang='lat' dir='ltr'>detestabilis</span> <span class='ocrx_word' id='word_1_415' title='bbox 1650 2772 1713 2836; x_wconf 83' lang='lat' dir='ltr'>tuit</span> <span class='ocrx_word' id='word_1_416' title='bbox 1743 2776 1894 2855; x_wconf 89' lang='lat' dir='ltr'>perfidia,</span> <span class='ocrx_word' id='word_1_417' title='bbox 1928 2798 2029 2858; x_wconf 91' lang='lat' dir='ltr'>quum</span> <span class='ocrx_word' id='word_1_418' title='bbox 2059 2779 2200 2862; x_wconf 90' lang='lat' dir='ltr'>populus</span> 
     </span>
     <span class='ocr_line' id='line_1_29' title="bbox 196 2854 2199 2945; baseline 0 -15"><span class='ocrx_word' id='word_1_419' title='bbox 196 2865 344 2931; x_wconf 92' lang='lat' dir='ltr'>omnium</span> <span class='ocrx_word' id='word_1_420' title='bbox 368 2863 525 2927; x_wconf 91' lang='lat' dir='ltr'>bonorum</span> <span class='ocrx_word' id='word_1_421' title='bbox 548 2860 610 2926; x_wconf 92' lang='lat' dir='ltr'>hoo</span> <span class='ocrx_word' id='word_1_422' title='bbox 633 2880 721 2937; x_wconf 89' lang='lat' dir='ltr'>esse,</span> <span class='ocrx_word' id='word_1_423' title='bbox 750 2869 782 2924; x_wconf 92' lang='lat' dir='ltr'>et</span> <span class='ocrx_word' id='word_1_424' title='bbox 804 2858 897 2941; x_wconf 89' lang='lat' dir='ltr'>quasi</span> <span class='ocrx_word' id='word_1_425' title='bbox 919 2859 1057 2934; x_wconf 83' lang='lat' dir='ltr'>sontem,</span> <span class='ocrx_word' id='word_1_426' title='bbox 1085 2854 1172 2938; x_wconf 91' lang='lat' dir='ltr'>quod</span> <span class='ocrx_word' id='word_1_427' title='bbox 1223 2862 1270 2927; x_wconf 90' lang='lat' dir='ltr'>ita</span> <span class='ocrx_word' id='word_1_428' title='bbox 1299 2860 1425 2944; x_wconf 85' lang='lat' dir='ltr'>sprevit</span> <span class='ocrx_word' id='word_1_429' title='bbox 1449 2858 1633 2943; x_wconf 84' lang='lat' dir='ltr'>singulares</span> <span class='ocrx_word' id='word_1_430' title='bbox 1661 2858 1734 2923; x_wconf 88' lang='lat' dir='ltr'>illas</span> <span class='ocrx_word' id='word_1_431' title='bbox 1762 2863 1900 2943; x_wconf 86' lang='lat' dir='ltr'>gratias,</span> <span class='ocrx_word' id='word_1_432' title='bbox 1933 2883 2014 2945; x_wconf 89' lang='lat' dir='ltr'>quas</span> <span class='ocrx_word' id='word_1_433' title='bbox 2043 2864 2134 2930; x_wconf 88' lang='lat' dir='ltr'>Deus</span> <span class='ocrx_word' id='word_1_434' title='bbox 2163 2866 2199 2930; x_wconf 94' lang='lat' dir='ltr'>in</span> 
     </span>
     <span class='ocr_line' id='line_1_30' title="bbox 199 2939 2199 3035; baseline -0.005 -21"><span class='ocrx_word' id='word_1_435' title='bbox 199 2949 353 3035; x_wconf 91' lang='lat' dir='ltr'>populum</span> <span class='ocrx_word' id='word_1_436' title='bbox 383 2947 475 3012; x_wconf 92' lang='lat' dir='ltr'>illum</span> <span class='ocrx_word' id='word_1_437' title='bbox 506 2946 568 3011; x_wconf 89' lang='lat' dir='ltr'>sibi</span> <span class='ocrx_word' id='word_1_438' title='bbox 599 2945 720 3028; x_wconf 83' lang='lat' dir='ltr'>eligere</span> <span class='ocrx_word' id='word_1_439' title='bbox 753 2943 784 3009; x_wconf 89' lang='lat' dir='ltr'>di</span> <span class='ocrx_word' id='word_1_440' title='bbox 811 2951 908 3009; x_wconf 89' lang='lat' dir='ltr'>natas</span> <span class='ocrx_word' id='word_1_441' title='bbox 937 2952 995 3008; x_wconf 88' lang='lat' dir='ltr'>est.</span> <span class='ocrx_word' id='word_1_442' title='bbox 1041 2942 1087 3006; x_wconf 85' lang='lat' dir='ltr'>Et</span> <span class='ocrx_word' id='word_1_443' title='bbox 1110 2939 1172 3005; x_wconf 92' lang='lat' dir='ltr'>hoo</span> <span class='ocrx_word' id='word_1_444' title='bbox 1224 2949 1332 3031; x_wconf 79' lang='lat' dir='ltr'>ipsum</span> <span class='ocrx_word' id='word_1_445' title='bbox 1365 2945 1558 3010; x_wconf 76' lang='lat' dir='ltr'>contulerat.</span> <span class='ocrx_word' id='word_1_446' title='bbox 1613 2942 1710 3008; x_wconf 88' lang='lat' dir='ltr'>Nune</span> <span class='ocrx_word' id='word_1_447' title='bbox 1741 2965 1819 3029; x_wconf 79' lang='lat' dir='ltr'>ergo</span> <span class='ocrx_word' id='word_1_448' title='bbox 1854 2946 2003 3014; x_wconf 72' lang='lat' dir='ltr'>videmus</span> <span class='ocrx_word' id='word_1_449' title='bbox 2043 2970 2199 3032; x_wconf 67' lang='lat' dir='ltr'>quorsum</span> 
     </span>
     <span class='ocr_line' id='line_1_31' title="bbox 197 2966 2202 3118; baseline -0.002 -16"><span class='ocrx_word' id='word_1_450' title='bbox 197 3037 286 3102; x_wconf 87' lang='lat' dir='ltr'>idem</span> <span class='ocrx_word' id='word_1_451' title='bbox 317 3035 489 3100; x_wconf 90' lang='lat' dir='ltr'>ooufirmat</span> <span class='ocrx_word' id='word_1_452' title='bbox 519 3031 591 3096; x_wconf 89' lang='lat' dir='ltr'>aliis</span> <span class='ocrx_word' id='word_1_453' title='bbox 622 3030 749 3113; x_wconf 87' lang='lat' dir='ltr'>verbis,</span> <span class='ocrx_word' id='word_1_454' title='bbox 782 2966 886 3110; x_wconf 55' lang='lat' dir='ltr'>duum</span> <span class='ocrx_word' id='word_1_455' title='bbox 907 3049 955 3093; x_wconf 85' lang='lat' dir='ltr'>me</span> <span class='ocrx_word' id='word_1_456' title='bbox 977 3031 1108 3109; x_wconf 82' lang='lat' dir='ltr'>sequuta</span> <span class='ocrx_word' id='word_1_457' title='bbox 1130 3045 1171 3102; x_wconf 82' lang='lat' dir='ltr'>es,</span> <span class='ocrx_word' id='word_1_458' title='bbox 1225 3033 1383 3117; x_wconf 79' lang='lat' dir='ltr'>propheta</span> <span class='ocrx_word' id='word_1_459' title='bbox 1406 3030 1494 3095; x_wconf 87' lang='lat' dir='ltr'>dieat</span> <span class='ocrx_word' id='word_1_460' title='bbox 1516 3028 1669 3094; x_wconf 77' lang='lat' dir='ltr'>Israelem</span> <span class='ocrx_word' id='word_1_461' title='bbox 1688 3028 1790 3110; x_wconf 78' lang='lat' dir='ltr'>fuisse</span> <span class='ocrx_word' id='word_1_462' title='bbox 1810 3032 1880 3098; x_wconf 90' lang='lat' dir='ltr'>Deo</span> <span class='ocrx_word' id='word_1_463' title='bbox 1901 3039 2058 3113; x_wconf 75' lang='lat' dir='ltr'>seudum,</span> <span class='ocrx_word' id='word_1_464' title='bbox 2088 3037 2202 3118; x_wconf 80' lang='lat' dir='ltr'>etpri-</span> 
     </span>
     <span class='ocr_line' id='line_1_32' title="bbox 199 3111 2200 3204; baseline 0.002 -22"><span class='ocrx_word' id='word_1_465' title='bbox 199 3122 322 3204; x_wconf 90' lang='lat' dir='ltr'>iuquit,</span> <span class='ocrx_word' id='word_1_466' title='bbox 352 3120 387 3184; x_wconf 81' lang='lat' dir='ltr'>tn</span> <span class='ocrx_word' id='word_1_467' title='bbox 409 3119 543 3196; x_wconf 73' lang='lat' dir='ltr'>desuto,</span> <span class='ocrx_word' id='word_1_468' title='bbox 574 3118 610 3182; x_wconf 78' lang='lat' dir='ltr'>tu</span> <span class='ocrx_word' id='word_1_469' title='bbox 638 3121 723 3181; x_wconf 86' lang='lat' dir='ltr'>terra</span> <span class='ocrx_word' id='word_1_470' title='bbox 744 3135 807 3180; x_wconf 87' lang='lat' dir='ltr'>uou</span> <span class='ocrx_word' id='word_1_471' title='bbox 832 3115 995 3180; x_wconf 80' lang='lat' dir='ltr'>semiusta.</span> <span class='ocrx_word' id='word_1_472' title='bbox 1041 3111 1173 3178; x_wconf 84' lang='lat' dir='ltr'>Soimus</span> <span class='ocrx_word' id='word_1_473' title='bbox 1224 3119 1333 3184; x_wconf 65' lang='lat' dir='ltr'>mama</span> <span class='ocrx_word' id='word_1_474' title='bbox 1352 3116 1483 3200; x_wconf 73' lang='lat' dir='ltr'>fraqam</span> <span class='ocrx_word' id='word_1_475' title='bbox 1504 3115 1580 3181; x_wconf 81' lang='lat' dir='ltr'>eius.</span> <span class='ocrx_word' id='word_1_476' title='bbox 1624 3112 1756 3179; x_wconf 88' lang='lat' dir='ltr'>Interea</span> <span class='ocrx_word' id='word_1_477' title='bbox 1778 3120 1875 3184; x_wconf 88' lang='lat' dir='ltr'>taeite</span> <span class='ocrx_word' id='word_1_478' title='bbox 1905 3120 2090 3186; x_wconf 87' lang='lat' dir='ltr'>subindieet</span> <span class='ocrx_word' id='word_1_479' title='bbox 2120 3144 2200 3187; x_wconf 88' lang='lat' dir='ltr'>ven·</span> 
     </span>
     <span class='ocr_line' id='line_1_33' title="bbox 198 3198 2201 3291; baseline 0.001 -22"><span class='ocrx_word' id='word_1_480' title='bbox 198 3206 353 3291; x_wconf 90' lang='lat' dir='ltr'>populum</span> <span class='ocrx_word' id='word_1_481' title='bbox 376 3224 441 3269; x_wconf 90' lang='lat' dir='ltr'>nou</span> <span class='ocrx_word' id='word_1_482' title='bbox 464 3201 704 3285; x_wconf 77' lang='lat' dir='ltr'>obtemperasse</span> <span class='ocrx_word' id='word_1_483' title='bbox 727 3200 809 3278; x_wconf 86' lang='lat' dir='ltr'>Deo,</span> <span class='ocrx_word' id='word_1_484' title='bbox 833 3210 868 3265; x_wconf 86' lang='lat' dir='ltr'>ut</span> <span class='ocrx_word' id='word_1_485' title='bbox 890 3220 950 3282; x_wconf 86' lang='lat' dir='ltr'>par</span> <span class='ocrx_word' id='word_1_486' title='bbox 972 3206 1052 3277; x_wconf 82' lang='lat' dir='ltr'>erut,</span> <span class='ocrx_word' id='word_1_487' title='bbox 1074 3198 1171 3262; x_wconf 73' lang='lat' dir='ltr'>stiam</span> <span class='ocrx_word' id='word_1_488' title='bbox 1225 3215 1339 3270; x_wconf 89' lang='lat' dir='ltr'>turum</span> <span class='ocrx_word' id='word_1_489' title='bbox 1361 3223 1432 3267; x_wconf 87' lang='lat' dir='ltr'>esse</span> <span class='ocrx_word' id='word_1_490' title='bbox 1455 3211 1600 3282; x_wconf 90' lang='lat' dir='ltr'>tempus,</span> <span class='ocrx_word' id='word_1_491' title='bbox 1629 3219 1693 3282; x_wconf 90' lang='lat' dir='ltr'>quo</span> <span class='ocrx_word' id='word_1_492' title='bbox 1716 3200 1808 3268; x_wconf 88' lang='lat' dir='ltr'>Deus</span> <span class='ocrx_word' id='word_1_493' title='bbox 1831 3205 1891 3270; x_wconf 88' lang='lat' dir='ltr'>sibi</span> <span class='ocrx_word' id='word_1_494' title='bbox 1915 3207 2014 3270; x_wconf 90' lang='lat' dir='ltr'>etiam</span> <span class='ocrx_word' id='word_1_495' title='bbox 2043 3206 2124 3271; x_wconf 92' lang='lat' dir='ltr'>alios</span> <span class='ocrx_word' id='word_1_496' title='bbox 2147 3228 2201 3289; x_wconf 91' lang='lat' dir='ltr'>po·</span> 
     </span>
     <span class='ocr_line' id='line_1_34' title="bbox 197 3282 2200 3374; baseline -0 -17"><span class='ocrx_word' id='word_1_497' title='bbox 197 3311 300 3374; x_wconf 92' lang='lat' dir='ltr'>quum</span> <span class='ocrx_word' id='word_1_498' title='bbox 323 3289 511 3371; x_wconf 88' lang='lat' dir='ltr'>redemptus</span> <span class='ocrx_word' id='word_1_499' title='bbox 534 3288 604 3353; x_wconf 86' lang='lat' dir='ltr'>fuit.</span> <span class='ocrx_word' id='word_1_500' title='bbox 650 3287 739 3371; x_wconf 82' lang='lat' dir='ltr'>Ergo</span> <span class='ocrx_word' id='word_1_501' title='bbox 770 3306 837 3351; x_wconf 94' lang='lat' dir='ltr'>nou</span> <span class='ocrx_word' id='word_1_502' title='bbox 866 3294 934 3350; x_wconf 92' lang='lat' dir='ltr'>tam</span> <span class='ocrx_word' id='word_1_503' title='bbox 964 3282 1173 3350; x_wconf 83' lang='lat' dir='ltr'>sommendat</span> <span class='ocrx_word' id='word_1_504' title='bbox 1225 3289 1318 3373; x_wconf 89' lang='lat' dir='ltr'>pulos</span> <span class='ocrx_word' id='word_1_505' title='bbox 1340 3287 1481 3370; x_wconf 79' lang='lat' dir='ltr'>colligat.</span> <span class='ocrx_word' id='word_1_506' title='bbox 1526 3285 1612 3349; x_wconf 94' lang='lat' dir='ltr'>Nam</span> <span class='ocrx_word' id='word_1_507' title='bbox 1645 3285 1681 3349; x_wconf 92' lang='lat' dir='ltr'>in</span> <span class='ocrx_word' id='word_1_508' title='bbox 1714 3289 1868 3368; x_wconf 88' lang='lat' dir='ltr'>primitiis</span> <span class='ocrx_word' id='word_1_509' title='bbox 1902 3291 2040 3373; x_wconf 88' lang='lat' dir='ltr'>populus</span> <span class='ocrx_word' id='word_1_510' title='bbox 2073 3291 2200 3357; x_wconf 88' lang='lat' dir='ltr'>dieabat</span> 
     </span>
     <span class='ocr_line' id='line_1_35' title="bbox 199 3370 2199 3460; baseline 0.002 -24"><span class='ocrx_word' id='word_1_511' title='bbox 199 3376 260 3442; x_wconf 83' lang='lat' dir='ltr'>hoo</span> <span class='ocrx_word' id='word_1_512' title='bbox 282 3375 352 3440; x_wconf 88' lang='lat' dir='ltr'>looo</span> <span class='ocrx_word' id='word_1_513' title='bbox 375 3374 467 3439; x_wconf 89' lang='lat' dir='ltr'>Deus</span> <span class='ocrx_word' id='word_1_514' title='bbox 489 3374 556 3439; x_wconf 89' lang='lat' dir='ltr'>ulla</span> <span class='ocrx_word' id='word_1_515' title='bbox 578 3373 689 3457; x_wconf 90' lang='lat' dir='ltr'>populi</span> <span class='ocrx_word' id='word_1_516' title='bbox 712 3373 839 3455; x_wconf 89' lang='lat' dir='ltr'>merita,</span> <span class='ocrx_word' id='word_1_517' title='bbox 870 3390 969 3453; x_wconf 88' lang='lat' dir='ltr'>quam</span> <span class='ocrx_word' id='word_1_518' title='bbox 991 3370 1172 3450; x_wconf 76' lang='lat' dir='ltr'>coufirmat,</span> <span class='ocrx_word' id='word_1_519' title='bbox 1226 3385 1257 3440; x_wconf 89' lang='lat' dir='ltr'>st</span> <span class='ocrx_word' id='word_1_520' title='bbox 1280 3372 1436 3439; x_wconf 86' lang='lat' dir='ltr'>offerebat</span> <span class='ocrx_word' id='word_1_521' title='bbox 1458 3370 1530 3435; x_wconf 90' lang='lat' dir='ltr'>Deo</span> <span class='ocrx_word' id='word_1_522' title='bbox 1553 3380 1658 3436; x_wconf 92' lang='lat' dir='ltr'>totum</span> <span class='ocrx_word' id='word_1_523' title='bbox 1683 3373 1762 3436; x_wconf 94' lang='lat' dir='ltr'>anni</span> <span class='ocrx_word' id='word_1_524' title='bbox 1788 3386 1993 3456; x_wconf 84' lang='lat' dir='ltr'>preventum.</span> <span class='ocrx_word' id='word_1_525' title='bbox 2038 3374 2094 3440; x_wconf 82' lang='lat' dir='ltr'>Sio</span> <span class='ocrx_word' id='word_1_526' title='bbox 2120 3397 2199 3460; x_wconf 84' lang='lat' dir='ltr'>ergo</span> 
     </span>
     <span class='ocr_line' id='line_1_36' title="bbox 197 3454 2200 3546; baseline -0.002 -19"><span class='ocrx_word' id='word_1_527' title='bbox 197 3458 471 3546; x_wconf 90' lang='lat' dir='ltr'>quemadmodum</span> <span class='ocrx_word' id='word_1_528' title='bbox 495 3459 572 3539; x_wconf 86' lang='lat' dir='ltr'>dixi,</span> <span class='ocrx_word' id='word_1_529' title='bbox 595 3459 685 3523; x_wconf 88' lang='lat' dir='ltr'>illam</span> <span class='ocrx_word' id='word_1_530' title='bbox 709 3457 917 3538; x_wconf 89' lang='lat' dir='ltr'>sententiam,</span> <span class='ocrx_word' id='word_1_531' title='bbox 940 3454 1025 3538; x_wconf 93' lang='lat' dir='ltr'>quod</span> <span class='ocrx_word' id='word_1_532' title='bbox 1049 3454 1174 3519; x_wconf 90' lang='lat' dir='ltr'>seilioet</span> <span class='ocrx_word' id='word_1_533' title='bbox 1224 3459 1327 3526; x_wconf 88' lang='lat' dir='ltr'>Israel</span> <span class='ocrx_word' id='word_1_534' title='bbox 1351 3458 1415 3522; x_wconf 87' lang='lat' dir='ltr'>fuit</span> <span class='ocrx_word' id='word_1_535' title='bbox 1437 3455 1552 3521; x_wconf 91' lang='lat' dir='ltr'>similis</span> <span class='ocrx_word' id='word_1_536' title='bbox 1582 3455 1753 3538; x_wconf 89' lang='lat' dir='ltr'>primitiis,</span> <span class='ocrx_word' id='word_1_537' title='bbox 1785 3461 1860 3540; x_wconf 91' lang='lat' dir='ltr'>quia</span> <span class='ocrx_word' id='word_1_538' title='bbox 1890 3470 2001 3541; x_wconf 90' lang='lat' dir='ltr'>postea</span> <span class='ocrx_word' id='word_1_539' title='bbox 2022 3459 2116 3525; x_wconf 91' lang='lat' dir='ltr'>Deus</span> <span class='ocrx_word' id='word_1_540' title='bbox 2137 3462 2200 3527; x_wconf 90' lang='lat' dir='ltr'>sibi</span> 
     </span>
     <span class='ocr_line' id='line_1_37' title="bbox 198 3538 2199 3630; baseline -0 -17"><span class='ocrx_word' id='word_1_541' title='bbox 198 3569 264 3613; x_wconf 94' lang='lat' dir='ltr'>non</span> <span class='ocrx_word' id='word_1_542' title='bbox 288 3547 391 3630; x_wconf 89' lang='lat' dir='ltr'>possit</span> <span class='ocrx_word' id='word_1_543' title='bbox 414 3546 552 3612; x_wconf 90' lang='lat' dir='ltr'>abiioers</span> <span class='ocrx_word' id='word_1_544' title='bbox 575 3565 687 3611; x_wconf 89' lang='lat' dir='ltr'>euram</span> <span class='ocrx_word' id='word_1_545' title='bbox 712 3543 782 3608; x_wconf 90' lang='lat' dir='ltr'>eius</span> <span class='ocrx_word' id='word_1_546' title='bbox 803 3541 926 3626; x_wconf 90' lang='lat' dir='ltr'>populi,</span> <span class='ocrx_word' id='word_1_547' title='bbox 950 3559 1047 3623; x_wconf 92' lang='lat' dir='ltr'>quem</span> <span class='ocrx_word' id='word_1_548' title='bbox 1072 3538 1174 3603; x_wconf 84' lang='lat' dir='ltr'>semel</span> <span class='ocrx_word' id='word_1_549' title='bbox 1225 3547 1324 3610; x_wconf 88' lang='lat' dir='ltr'>stiam</span> <span class='ocrx_word' id='word_1_550' title='bbox 1348 3541 1525 3624; x_wconf 90' lang='lat' dir='ltr'>assumpsit</span> <span class='ocrx_word' id='word_1_551' title='bbox 1547 3550 1721 3605; x_wconf 87' lang='lat' dir='ltr'>extraneas</span> <span class='ocrx_word' id='word_1_552' title='bbox 1743 3551 1868 3625; x_wconf 86' lang='lat' dir='ltr'>gentes,</span> <span class='ocrx_word' id='word_1_553' title='bbox 1888 3564 1971 3626; x_wconf 90' lang='lat' dir='ltr'>quae</span> <span class='ocrx_word' id='word_1_554' title='bbox 1994 3544 2107 3611; x_wconf 90' lang='lat' dir='ltr'>multis</span> <span class='ocrx_word' id='word_1_555' title='bbox 2128 3566 2199 3612; x_wconf 90' lang='lat' dir='ltr'>sae·</span> 
     </span>
     <span class='ocr_line' id='line_1_38' title="bbox 199 3626 2199 3715; baseline -0.007 -16"><span class='ocrx_word' id='word_1_556' title='bbox 199 3634 261 3699; x_wconf 93' lang='lat' dir='ltr'>sibi</span> <span class='ocrx_word' id='word_1_557' title='bbox 284 3631 467 3715; x_wconf 84' lang='lat' dir='ltr'>adoptavit,</span> <span class='ocrx_word' id='word_1_558' title='bbox 496 3642 529 3696; x_wconf 92' lang='lat' dir='ltr'>et</span> <span class='ocrx_word' id='word_1_559' title='bbox 549 3650 647 3713; x_wconf 91' lang='lat' dir='ltr'>quem</span> <span class='ocrx_word' id='word_1_560' title='bbox 670 3630 773 3693; x_wconf 85' lang='lat' dir='ltr'>traxit</span> <span class='ocrx_word' id='word_1_561' title='bbox 795 3629 830 3692; x_wconf 92' lang='lat' dir='ltr'>in</span> <span class='ocrx_word' id='word_1_562' title='bbox 853 3626 1034 3703; x_wconf 91' lang='lat' dir='ltr'>desertum,</span> <span class='ocrx_word' id='word_1_563' title='bbox 1064 3633 1102 3689; x_wconf 93' lang='lat' dir='ltr'>ut</span> <span class='ocrx_word' id='word_1_564' title='bbox 1123 3644 1173 3688; x_wconf 92' lang='lat' dir='ltr'>se·</span> <span class='ocrx_word' id='word_1_565' title='bbox 1225 3630 1308 3695; x_wconf 81' lang='lat' dir='ltr'>culis</span> <span class='ocrx_word' id='word_1_566' title='bbox 1338 3628 1469 3692; x_wconf 82' lang='lat' dir='ltr'>habitae</span> <span class='ocrx_word' id='word_1_567' title='bbox 1498 3626 1628 3689; x_wconf 86' lang='lat' dir='ltr'>fuerant</span> <span class='ocrx_word' id='word_1_568' title='bbox 1657 3627 1750 3707; x_wconf 87' lang='lat' dir='ltr'>qnasi</span> <span class='ocrx_word' id='word_1_569' title='bbox 1780 3629 1946 3710; x_wconf 75' lang='lat' dir='ltr'>profanae.</span> <span class='ocrx_word' id='word_1_570' title='bbox 1992 3627 2059 3695; x_wconf 79' lang='lat' dir='ltr'>Sed</span> <span class='ocrx_word' id='word_1_571' title='bbox 2090 3643 2199 3697; x_wconf 65' lang='lat' dir='ltr'>rumen</span> 
     </span>
     <span class='ocr_line' id='line_1_39' title="bbox 200 3709 2201 3801; baseline -0 -19"><span class='ocrx_word' id='word_1_572' title='bbox 200 3726 335 3801; x_wconf 89' lang='lat' dir='ltr'>paratus</span> <span class='ocrx_word' id='word_1_573' title='bbox 357 3725 443 3782; x_wconf 91' lang='lat' dir='ltr'>esset</span> <span class='ocrx_word' id='word_1_574' title='bbox 465 3737 484 3780; x_wconf 89' lang='lat' dir='ltr'>a</span> <span class='ocrx_word' id='word_1_575' title='bbox 507 3725 575 3781; x_wconf 90' lang='lat' dir='ltr'>toto</span> <span class='ocrx_word' id='word_1_576' title='bbox 599 3715 666 3781; x_wconf 90' lang='lat' dir='ltr'>lere</span> <span class='ocrx_word' id='word_1_577' title='bbox 690 3712 823 3779; x_wconf 91' lang='lat' dir='ltr'>mundo.</span> <span class='ocrx_word' id='word_1_578' title='bbox 870 3712 934 3776; x_wconf 90' lang='lat' dir='ltr'>Per</span> <span class='ocrx_word' id='word_1_579' title='bbox 962 3709 1096 3775; x_wconf 91' lang='lat' dir='ltr'>modum</span> <span class='ocrx_word' id='word_1_580' title='bbox 1125 3718 1174 3773; x_wconf 87' lang='lat' dir='ltr'>ta·</span> <span class='ocrx_word' id='word_1_581' title='bbox 1225 3715 1288 3779; x_wconf 90' lang='lat' dir='ltr'>hoo</span> <span class='ocrx_word' id='word_1_582' title='bbox 1310 3712 1482 3796; x_wconf 88' lang='lat' dir='ltr'>praeeipus</span> <span class='ocrx_word' id='word_1_583' title='bbox 1511 3709 1687 3792; x_wconf 87' lang='lat' dir='ltr'>speetavit,</span> <span class='ocrx_word' id='word_1_584' title='bbox 1722 3713 1951 3796; x_wconf 86' lang='lat' dir='ltr'>gravissimam</span> <span class='ocrx_word' id='word_1_585' title='bbox 1985 3735 2056 3779; x_wconf 88' lang='lat' dir='ltr'>esse</span> <span class='ocrx_word' id='word_1_586' title='bbox 2090 3717 2201 3799; x_wconf 91' lang='lat' dir='ltr'>populi</span> 
     </span>
     <span class='ocr_line' id='line_1_40' title="bbox 200 3792 2199 3882; baseline -0.007 -14"><span class='ocrx_word' id='word_1_587' title='bbox 200 3820 276 3868; x_wconf 90' lang='lat' dir='ltr'>men</span> <span class='ocrx_word' id='word_1_588' title='bbox 306 3801 537 3879; x_wconf 81' lang='lat' dir='ltr'>consessionis,</span> <span class='ocrx_word' id='word_1_589' title='bbox 571 3822 629 3882; x_wconf 92' lang='lat' dir='ltr'>pro</span> <span class='ocrx_word' id='word_1_590' title='bbox 662 3821 721 3864; x_wconf 92' lang='lat' dir='ltr'>sua</span> <span class='ocrx_word' id='word_1_591' title='bbox 753 3796 976 3881; x_wconf 87' lang='lat' dir='ltr'>indulgentia,</span> <span class='ocrx_word' id='word_1_592' title='bbox 1010 3795 1044 3858; x_wconf 92' lang='lat' dir='ltr'>iu</span> <span class='ocrx_word' id='word_1_593' title='bbox 1078 3792 1174 3858; x_wconf 88' lang='lat' dir='ltr'>laude</span> <span class='ocrx_word' id='word_1_594' title='bbox 1226 3799 1354 3882; x_wconf 73' lang='lat' dir='ltr'>culpam</span> <span class='ocrx_word' id='word_1_595' title='bbox 1379 3798 1435 3880; x_wconf 89' lang='lat' dir='ltr'>qui</span> <span class='ocrx_word' id='word_1_596' title='bbox 1459 3816 1522 3860; x_wconf 93' lang='lat' dir='ltr'>uon</span> <span class='ocrx_word' id='word_1_597' title='bbox 1545 3808 1736 3878; x_wconf 79' lang='lat' dir='ltr'>agnosceret</span> <span class='ocrx_word' id='word_1_598' title='bbox 1758 3819 1839 3882; x_wconf 79' lang='lat' dir='ltr'>quae</span> <span class='ocrx_word' id='word_1_599' title='bbox 1867 3810 1900 3865; x_wconf 73' lang='lat' dir='ltr'>et</span> <span class='ocrx_word' id='word_1_600' title='bbox 1929 3811 2052 3882; x_wconf 73' lang='lat' dir='ltr'>quauta</span> <span class='ocrx_word' id='word_1_601' title='bbox 2082 3800 2199 3868; x_wconf 57' lang='grc' dir='ltr'>δεηθῇ.</span> 
     </span>
     <span class='ocr_line' id='line_1_41' title="bbox 202 3880 2200 3971; baseline 0.001 -21"><span class='ocrx_word' id='word_1_602' title='bbox 202 3888 293 3971; x_wconf 91' lang='lat' dir='ltr'>ponit</span> <span class='ocrx_word' id='word_1_603' title='bbox 315 3886 505 3967; x_wconf 89' lang='lat' dir='ltr'>obsequium</span> <span class='ocrx_word' id='word_1_604' title='bbox 529 3885 620 3964; x_wconf 91' lang='lat' dir='ltr'>illud,</span> <span class='ocrx_word' id='word_1_605' title='bbox 643 3885 727 3966; x_wconf 91' lang='lat' dir='ltr'>quod</span> <span class='ocrx_word' id='word_1_606' title='bbox 751 3905 809 3967; x_wconf 91' lang='lat' dir='ltr'>per</span> <span class='ocrx_word' id='word_1_607' title='bbox 830 3884 902 3951; x_wconf 87' lang='lat' dir='ltr'>vias</span> <span class='ocrx_word' id='word_1_608' title='bbox 924 3900 1056 3963; x_wconf 90' lang='lat' dir='ltr'>asperas</span> <span class='ocrx_word' id='word_1_609' title='bbox 1075 3899 1175 3961; x_wconf 83' lang='lat' dir='ltr'>pupu-</span> <span class='ocrx_word' id='word_1_610' title='bbox 1226 3887 1276 3952; x_wconf 89' lang='lat' dir='ltr'>eia</span> <span class='ocrx_word' id='word_1_611' title='bbox 1305 3885 1339 3948; x_wconf 92' lang='lat' dir='ltr'>iu</span> <span class='ocrx_word' id='word_1_612' title='bbox 1375 3883 1485 3964; x_wconf 90' lang='lat' dir='ltr'>ipsum</span> <span class='ocrx_word' id='word_1_613' title='bbox 1514 3880 1705 3946; x_wconf 87' lang='lat' dir='ltr'>eontulisset</span> <span class='ocrx_word' id='word_1_614' title='bbox 1733 3884 1833 3949; x_wconf 91' lang='lat' dir='ltr'>Deus.</span> <span class='ocrx_word' id='word_1_615' title='bbox 1885 3883 1957 3949; x_wconf 92' lang='lat' dir='ltr'>Iam</span> <span class='ocrx_word' id='word_1_616' title='bbox 1984 3884 2090 3964; x_wconf 89' lang='lat' dir='ltr'>addit,</span> <span class='ocrx_word' id='word_1_617' title='bbox 2125 3887 2200 3968; x_wconf 78' lang='lat' dir='ltr'>Qui-</span> 
     </span>
     <span class='ocr_line' id='line_1_42' title="bbox 200 3964 2204 4052; baseline -0.001 -15"><span class='ocrx_word' id='word_1_618' title='bbox 200 3974 253 4038; x_wconf 88' lang='lat' dir='ltr'>lus</span> <span class='ocrx_word' id='word_1_619' title='bbox 276 3972 386 4037; x_wconf 88' lang='lat' dir='ltr'>Deum</span> <span class='ocrx_word' id='word_1_620' title='bbox 415 3970 588 4035; x_wconf 89' lang='lat' dir='ltr'>eomitatns</span> <span class='ocrx_word' id='word_1_621' title='bbox 618 3969 674 4036; x_wconf 91' lang='lat' dir='ltr'>sit:</span> <span class='ocrx_word' id='word_1_622' title='bbox 710 3991 747 4037; x_wconf 90' lang='lat' dir='ltr'>ao</span> <span class='ocrx_word' id='word_1_623' title='bbox 777 3971 805 4035; x_wconf 92' lang='lat' dir='ltr'>si</span> <span class='ocrx_word' id='word_1_624' title='bbox 835 3968 943 4052; x_wconf 88' lang='lat' dir='ltr'>puella</span> <span class='ocrx_word' id='word_1_625' title='bbox 968 3965 1107 4031; x_wconf 90' lang='lat' dir='ltr'>delioata</span> <span class='ocrx_word' id='word_1_626' title='bbox 1134 3964 1175 4028; x_wconf 95' lang='lat' dir='ltr'>ob</span> <span class='ocrx_word' id='word_1_627' title='bbox 1225 3989 1343 4051; x_wconf 76' lang='lat' dir='ltr'>cunque</span> <span class='ocrx_word' id='word_1_628' title='bbox 1375 3966 1560 4033; x_wconf 62' lang='lat' dir='ltr'>emerint</span> <span class='ocrx_word' id='word_1_629' title='bbox 1591 3966 1712 4048; x_wconf 79' lang='lat' dir='ltr'>ipsum,</span> <span class='ocrx_word' id='word_1_630' title='bbox 1745 3970 1923 4036; x_wconf 77' lang='lat' dir='ltr'>contrahent</span> <span class='ocrx_word' id='word_1_631' title='bbox 1950 3990 2075 4037; x_wconf 76' lang='lat' dir='ltr'>nouam.</span> <span class='ocrx_word' id='word_1_632' title='bbox 2123 3972 2204 4039; x_wconf 78' lang='lat' dir='ltr'>Dixi</span> 
     </span>
     <span class='ocr_line' id='line_1_43' title="bbox 201 4051 2204 4142; baseline 0 -18"><span class='ocrx_word' id='word_1_633' title='bbox 201 4057 314 4141; x_wconf 92' lang='lat' dir='ltr'>sponsi</span> <span class='ocrx_word' id='word_1_634' title='bbox 336 4076 481 4121; x_wconf 88' lang='lat' dir='ltr'>amorem</span> <span class='ocrx_word' id='word_1_635' title='bbox 510 4056 607 4121; x_wconf 89' lang='lat' dir='ltr'>duros</span> <span class='ocrx_word' id='word_1_636' title='bbox 641 4062 675 4119; x_wconf 91' lang='lat' dir='ltr'>st</span> <span class='ocrx_word' id='word_1_637' title='bbox 697 4054 849 4121; x_wconf 87' lang='lat' dir='ltr'>molestos</span> <span class='ocrx_word' id='word_1_638' title='bbox 878 4054 1005 4119; x_wconf 90' lang='lat' dir='ltr'>labores</span> <span class='ocrx_word' id='word_1_639' title='bbox 1034 4071 1098 4116; x_wconf 93' lang='lat' dir='ltr'>uon</span> <span class='ocrx_word' id='word_1_640' title='bbox 1127 4070 1175 4114; x_wconf 90' lang='lat' dir='ltr'>re·</span> <span class='ocrx_word' id='word_1_641' title='bbox 1228 4055 1310 4121; x_wconf 90' lang='lat' dir='ltr'>mihi</span> <span class='ocrx_word' id='word_1_642' title='bbox 1340 4053 1444 4136; x_wconf 88' lang='lat' dir='ltr'>magis</span> <span class='ocrx_word' id='word_1_643' title='bbox 1477 4051 1606 4135; x_wconf 89' lang='lat' dir='ltr'>plaeere</span> <span class='ocrx_word' id='word_1_644' title='bbox 1640 4051 1727 4119; x_wconf 90' lang='lat' dir='ltr'>hune</span> <span class='ocrx_word' id='word_1_645' title='bbox 1761 4076 1910 4134; x_wconf 90' lang='lat' dir='ltr'>sensum,</span> <span class='ocrx_word' id='word_1_646' title='bbox 1944 4058 2020 4138; x_wconf 88' lang='lat' dir='ltr'>quia</span> <span class='ocrx_word' id='word_1_647' title='bbox 2054 4059 2204 4142; x_wconf 88' lang='lat' dir='ltr'>sequitur</span> 
     </span>
     <span class='ocr_line' id='line_1_44' title="bbox 201 4137 2202 4227; baseline 0 -20"><span class='ocrx_word' id='word_1_648' title='bbox 201 4144 339 4227; x_wconf 82' lang='lat' dir='ltr'>fugeret.</span> <span class='ocrx_word' id='word_1_649' title='bbox 384 4141 504 4207; x_wconf 88' lang='lat' dir='ltr'>Postea</span> <span class='ocrx_word' id='word_1_650' title='bbox 526 4137 626 4217; x_wconf 87' lang='lat' dir='ltr'>addit,</span> <span class='ocrx_word' id='word_1_651' title='bbox 1228 4141 1383 4206; x_wconf 89' lang='lat' dir='ltr'>oontiuuo</span> <span class='ocrx_word' id='word_1_652' title='bbox 1414 4147 1486 4220; x_wconf 91' lang='lat' dir='ltr'>post</span> <span class='ocrx_word' id='word_1_653' title='bbox 1515 4137 1707 4220; x_wconf 83' lang='lat' dir='ltr'>explieatio,</span> <span class='ocrx_word' id='word_1_654' title='bbox 1740 4139 1867 4205; x_wconf 83' lang='lat' dir='ltr'>Malum</span> <span class='ocrx_word' id='word_1_655' title='bbox 1895 4142 1993 4206; x_wconf 70' lang='lat' dir='ltr'>osuiu</span> <span class='ocrx_word' id='word_1_656' title='bbox 2019 4162 2115 4225; x_wconf 78' lang='lat' dir='ltr'>super</span> <span class='ocrx_word' id='word_1_657' title='bbox 2142 4165 2202 4210; x_wconf 86' lang='lat' dir='ltr'>eos.</span> 
     </span>
     <span class='ocr_line' id='line_1_45' title="bbox 1228 4220 2202 4308; baseline 0.002 -17"><span class='ocrx_word' id='word_1_658' title='bbox 1228 4227 1305 4291; x_wconf 92' lang='lat' dir='ltr'>Nou</span> <span class='ocrx_word' id='word_1_659' title='bbox 1327 4222 1481 4306; x_wconf 85' lang='lat' dir='ltr'>intelligit</span> <span class='ocrx_word' id='word_1_660' title='bbox 1503 4243 1581 4304; x_wconf 85' lang='lat' dir='ltr'>ergo</span> <span class='ocrx_word' id='word_1_661' title='bbox 1604 4220 1695 4289; x_wconf 91' lang='lat' dir='ltr'>Deus</span> <span class='ocrx_word' id='word_1_662' title='bbox 1717 4226 1911 4308; x_wconf 87' lang='lat' dir='ltr'>simplieiter</span> <span class='ocrx_word' id='word_1_663' title='bbox 1940 4247 2011 4291; x_wconf 92' lang='lat' dir='ltr'>reos</span> <span class='ocrx_word' id='word_1_664' title='bbox 2039 4249 2110 4294; x_wconf 89' lang='lat' dir='ltr'>esse</span> <span class='ocrx_word' id='word_1_665' title='bbox 2138 4230 2202 4293; x_wconf 91' lang='lat' dir='ltr'>ori·</span> 
     </span>
     <span class='ocr_line' id='line_1_46' title="bbox 1229 4306 2204 4397; baseline 0.004 -22"><span class='ocrx_word' id='word_1_666' title='bbox 1229 4312 1336 4386; x_wconf 91' lang='lat' dir='ltr'>minis,</span> <span class='ocrx_word' id='word_1_667' title='bbox 1358 4310 1413 4392; x_wconf 93' lang='lat' dir='ltr'>qui</span> <span class='ocrx_word' id='word_1_668' title='bbox 1435 4306 1635 4374; x_wconf 84' lang='lat' dir='ltr'>comederint</span> <span class='ocrx_word' id='word_1_669' title='bbox 1657 4311 1818 4390; x_wconf 90' lang='lat' dir='ltr'>primitias</span> <span class='ocrx_word' id='word_1_670' title='bbox 1835 4310 1925 4376; x_wconf 89' lang='lat' dir='ltr'>illas:</span> <span class='ocrx_word' id='word_1_671' title='bbox 1948 4312 2004 4377; x_wconf 88' lang='lat' dir='ltr'>sed</span> <span class='ocrx_word' id='word_1_672' title='bbox 2021 4312 2082 4380; x_wconf 90' lang='lat' dir='ltr'>hoe</span> <span class='ocrx_word' id='word_1_673' title='bbox 2097 4315 2204 4397; x_wconf 90' lang='lat' dir='ltr'>potius</span> 
     </span>
     <span class='ocr_line' id='line_1_47' title="bbox 1228 4394 2204 4481; baseline 0.002 -19"><span class='ocrx_word' id='word_1_674' title='bbox 1228 4397 1270 4462; x_wconf 89' lang='lat' dir='ltr'>ad</span> <span class='ocrx_word' id='word_1_675' title='bbox 1292 4413 1432 4479; x_wconf 90' lang='lat' dir='ltr'>poenam</span> <span class='ocrx_word' id='word_1_676' title='bbox 1454 4394 1569 4459; x_wconf 89' lang='lat' dir='ltr'>relert:</span> <span class='ocrx_word' id='word_1_677' title='bbox 1593 4395 1686 4476; x_wconf 91' lang='lat' dir='ltr'>quasi</span> <span class='ocrx_word' id='word_1_678' title='bbox 1709 4395 1839 4476; x_wconf 81' lang='lat' dir='ltr'>diceret,</span> <span class='ocrx_word' id='word_1_679' title='bbox 1861 4397 1936 4462; x_wconf 91' lang='lat' dir='ltr'>Nou</span> <span class='ocrx_word' id='word_1_680' title='bbox 1951 4398 2085 4481; x_wconf 90' lang='lat' dir='ltr'>impune</span> <span class='ocrx_word' id='word_1_681' title='bbox 2100 4420 2204 4465; x_wconf 89' lang='lat' dir='ltr'>oome·</span> 
     </span>
     <span class='ocr_line' id='line_1_48' title="bbox 1229 4479 2203 4564; baseline 0.005 -19"><span class='ocrx_word' id='word_1_682' title='bbox 1229 4481 1308 4547; x_wconf 87' lang='lat' dir='ltr'>deut</span> <span class='ocrx_word' id='word_1_683' title='bbox 1330 4479 1456 4562; x_wconf 87' lang='lat' dir='ltr'>profani</span> <span class='ocrx_word' id='word_1_684' title='bbox 1479 4481 1537 4544; x_wconf 90' lang='lat' dir='ltr'>has</span> <span class='ocrx_word' id='word_1_685' title='bbox 1560 4479 1731 4560; x_wconf 90' lang='lat' dir='ltr'>primitias,</span> <span class='ocrx_word' id='word_1_686' title='bbox 1756 4503 1839 4564; x_wconf 91' lang='lat' dir='ltr'>quae</span> <span class='ocrx_word' id='word_1_687' title='bbox 1863 4482 1944 4546; x_wconf 93' lang='lat' dir='ltr'>mihi</span> <span class='ocrx_word' id='word_1_688' title='bbox 1968 4481 2094 4549; x_wconf 81' lang='lat' dir='ltr'>ditatae</span> <span class='ocrx_word' id='word_1_689' title='bbox 2116 4495 2203 4551; x_wconf 92' lang='lat' dir='ltr'>sunt.</span> 
     </span>
     <span class='ocr_line' id='line_1_49' title="bbox 1229 4564 2203 4650; baseline 0.002 -17"><span class='ocrx_word' id='word_1_690' title='bbox 1229 4567 1268 4633; x_wconf 80' lang='lat' dir='ltr'>si</span> <span class='ocrx_word' id='word_1_691' title='bbox 1304 4565 1377 4648; x_wconf 90' lang='lat' dir='ltr'>quis</span> <span class='ocrx_word' id='word_1_692' title='bbox 1416 4564 1504 4629; x_wconf 90' lang='lat' dir='ltr'>enim</span> <span class='ocrx_word' id='word_1_693' title='bbox 1543 4564 1585 4629; x_wconf 89' lang='lat' dir='ltr'>ad</span> <span class='ocrx_word' id='word_1_694' title='bbox 1624 4585 1659 4629; x_wconf 90' lang='lat' dir='ltr'>se</span> <span class='ocrx_word' id='word_1_695' title='bbox 1699 4569 1861 4649; x_wconf 88' lang='lat' dir='ltr'>rapuisset</span> <span class='ocrx_word' id='word_1_696' title='bbox 1892 4568 2071 4650; x_wconf 88' lang='lat' dir='ltr'>primitias,</span> <span class='ocrx_word' id='word_1_697' title='bbox 2111 4569 2203 4635; x_wconf 88' lang='lat' dir='ltr'>Deus</span> 
     </span>
     <span class='ocr_line' id='line_1_50' title="bbox 1228 4648 2202 4738; baseline 0.003 -21"><span class='ocrx_word' id='word_1_698' title='bbox 1228 4650 1423 4732; x_wconf 88' lang='lat' dir='ltr'>sumpsisset</span> <span class='ocrx_word' id='word_1_699' title='bbox 1443 4648 1483 4713; x_wconf 90' lang='lat' dir='ltr'>de</span> <span class='ocrx_word' id='word_1_700' title='bbox 1504 4648 1560 4712; x_wconf 94' lang='lat' dir='ltr'>illo</span> <span class='ocrx_word' id='word_1_701' title='bbox 1582 4649 1762 4717; x_wconf 88' lang='lat' dir='ltr'>vindiotam</span> <span class='ocrx_word' id='word_1_702' title='bbox 1784 4653 1953 4736; x_wconf 87' lang='lat' dir='ltr'>saerilegio</span> <span class='ocrx_word' id='word_1_703' title='bbox 1976 4653 2120 4738; x_wconf 88' lang='lat' dir='ltr'>dignam.</span> <span class='ocrx_word' id='word_1_704' title='bbox 2164 4655 2202 4720; x_wconf 82' lang='lat' dir='ltr'>ui</span> 
     </span>
     <span class='ocr_line' id='line_1_51' title="bbox 1229 4734 2202 4821; baseline 0.004 -20"><span class='ocrx_word' id='word_1_705' title='bbox 1229 4737 1300 4820; x_wconf 92' lang='lat' dir='ltr'>quis</span> <span class='ocrx_word' id='word_1_706' title='bbox 1323 4743 1433 4800; x_wconf 88' lang='lat' dir='ltr'>tamen</span> <span class='ocrx_word' id='word_1_707' title='bbox 1458 4734 1550 4799; x_wconf 91' lang='lat' dir='ltr'>malit</span> <span class='ocrx_word' id='word_1_708' title='bbox 1573 4734 1667 4799; x_wconf 91' lang='lat' dir='ltr'>aliter</span> <span class='ocrx_word' id='word_1_709' title='bbox 1689 4758 1864 4821; x_wconf 88' lang='lat' dir='ltr'>exponere,</span> <span class='ocrx_word' id='word_1_710' title='bbox 1892 4738 1976 4819; x_wconf 89' lang='lat' dir='ltr'>quod</span> <span class='ocrx_word' id='word_1_711' title='bbox 1999 4740 2123 4805; x_wconf 90' lang='lat' dir='ltr'>seiliost</span> <span class='ocrx_word' id='word_1_712' title='bbox 2147 4762 2202 4805; x_wconf 89' lang='lat' dir='ltr'>ue·</span> 
     </span>
     <span class='ocr_line' id='line_1_52' title="bbox 284 4818 2202 4905; baseline 0.003 -22"><span class='ocrx_word' id='word_1_713' title='bbox 284 4884 303 4905; x_wconf 32' lang='lat' dir='ltr'>x</span> <span class='ocrx_word' id='word_1_714' title='bbox 1230 4823 1278 4887; x_wconf 87' lang='lat' dir='ltr'>las</span> <span class='ocrx_word' id='word_1_715' title='bbox 1300 4821 1344 4886; x_wconf 91' lang='lat' dir='ltr'>sit</span> <span class='ocrx_word' id='word_1_716' title='bbox 1365 4819 1495 4884; x_wconf 88' lang='lat' dir='ltr'>laedere</span> <span class='ocrx_word' id='word_1_717' title='bbox 1517 4818 1685 4901; x_wconf 89' lang='lat' dir='ltr'>Israelem,</span> <span class='ocrx_word' id='word_1_718' title='bbox 1708 4832 1765 4888; x_wconf 90' lang='lat' dir='ltr'>aut</span> <span class='ocrx_word' id='word_1_719' title='bbox 1780 4823 1902 4888; x_wconf 78' lang='lat' dir='ltr'>inferro</span> <span class='ocrx_word' id='word_1_720' title='bbox 1919 4823 2020 4888; x_wconf 91' lang='lat' dir='ltr'>ullam</span> <span class='ocrx_word' id='word_1_721' title='bbox 2036 4825 2202 4903; x_wconf 88' lang='lat' dir='ltr'>iniuriam,</span> 
     </span>
    </p>

    <p class='ocr_par' dir='ltr' id='par_1_3' title="bbox 203 4903 2204 5250">
     <span class='ocr_line' id='line_1_53' title="bbox 289 4903 2202 4995; baseline 0 -21"><span class='ocrx_word' id='word_1_722' title='bbox 289 4908 354 4974; x_wconf 92' lang='lat' dir='ltr'>Hie</span> <span class='ocrx_word' id='word_1_723' title='bbox 384 4907 506 4973; x_wconf 89' lang='lat' dir='ltr'>elarius</span> <span class='ocrx_word' id='word_1_724' title='bbox 534 4906 709 4988; x_wconf 89' lang='lat' dir='ltr'>exprobrat</span> <span class='ocrx_word' id='word_1_725' title='bbox 731 4905 823 4970; x_wconf 90' lang='lat' dir='ltr'>Deus</span> <span class='ocrx_word' id='word_1_726' title='bbox 853 4904 974 4987; x_wconf 90' lang='lat' dir='ltr'>populo</span> <span class='ocrx_word' id='word_1_727' title='bbox 1004 4903 1178 4987; x_wconf 88' lang='lat' dir='ltr'>ingratitn·</span> <span class='ocrx_word' id='word_1_728' title='bbox 1229 4907 1306 4989; x_wconf 88' lang='lat' dir='ltr'>quia</span> <span class='ocrx_word' id='word_1_729' title='bbox 1332 4905 1374 4971; x_wconf 92' lang='lat' dir='ltr'>sit</span> <span class='ocrx_word' id='word_1_730' title='bbox 1404 4905 1464 4970; x_wconf 90' lang='lat' dir='ltr'>sub</span> <span class='ocrx_word' id='word_1_731' title='bbox 1496 4905 1598 4970; x_wconf 91' lang='lat' dir='ltr'>tutela</span> <span class='ocrx_word' id='word_1_732' title='bbox 1629 4905 1710 4985; x_wconf 92' lang='lat' dir='ltr'>Dei,</span> <span class='ocrx_word' id='word_1_733' title='bbox 1745 4929 1809 4973; x_wconf 94' lang='lat' dir='ltr'>nou</span> <span class='ocrx_word' id='word_1_734' title='bbox 1840 4907 2016 4973; x_wconf 89' lang='lat' dir='ltr'>admodum</span> <span class='ocrx_word' id='word_1_735' title='bbox 2045 4931 2202 4995; x_wconf 87' lang='lat' dir='ltr'>repugno.</span> 
     </span>
     <span class='ocr_line' id='line_1_54' title="bbox 203 4989 2204 5077; baseline 0.001 -18"><span class='ocrx_word' id='word_1_736' title='bbox 203 4994 330 5060; x_wconf 89' lang='lat' dir='ltr'>dinem:</span> <span class='ocrx_word' id='word_1_737' title='bbox 363 5004 395 5057; x_wconf 88' lang='lat' dir='ltr'>et</span> <span class='ocrx_word' id='word_1_738' title='bbox 417 4992 561 5075; x_wconf 89' lang='lat' dir='ltr'>primum</span> <span class='ocrx_word' id='word_1_739' title='bbox 583 5012 644 5057; x_wconf 92' lang='lat' dir='ltr'>sua</span> <span class='ocrx_word' id='word_1_740' title='bbox 665 4991 822 5057; x_wconf 78' lang='lat' dir='ltr'>beneficia</span> <span class='ocrx_word' id='word_1_741' title='bbox 844 4997 1081 5067; x_wconf 89' lang='lat' dir='ltr'>eommemorat,</span> <span class='ocrx_word' id='word_1_742' title='bbox 1110 4989 1180 5070; x_wconf 93' lang='lat' dir='ltr'>qui·</span> <span class='ocrx_word' id='word_1_743' title='bbox 1229 4993 1489 5057; x_wconf 90' lang='lat' dir='ltr'>Verumtamen</span> <span class='ocrx_word' id='word_1_744' title='bbox 1517 4990 1645 5072; x_wconf 88' lang='lat' dir='ltr'>phrasis</span> <span class='ocrx_word' id='word_1_745' title='bbox 1674 4992 1806 5077; x_wconf 90' lang='lat' dir='ltr'>linguae</span> <span class='ocrx_word' id='word_1_746' title='bbox 1836 4994 1946 5076; x_wconf 93' lang='lat' dir='ltr'>potius</span> <span class='ocrx_word' id='word_1_747' title='bbox 1973 4994 2008 5058; x_wconf 91' lang='lat' dir='ltr'>iu</span> <span class='ocrx_word' id='word_1_748' title='bbox 2038 4994 2204 5062; x_wconf 87' lang='lat' dir='ltr'>diversam</span> 
     </span>
     <span class='ocr_line' id='line_1_55' title="bbox 204 5072 2202 5162; baseline -0.001 -15"><span class='ocrx_word' id='word_1_749' title='bbox 204 5082 265 5147; x_wconf 92' lang='lat' dir='ltr'>bus</span> <span class='ocrx_word' id='word_1_750' title='bbox 286 5078 443 5162; x_wconf 89' lang='lat' dir='ltr'>populum</span> <span class='ocrx_word' id='word_1_751' title='bbox 466 5077 527 5143; x_wconf 92' lang='lat' dir='ltr'>sibi</span> <span class='ocrx_word' id='word_1_752' title='bbox 546 5076 744 5142; x_wconf 82' lang='lat' dir='ltr'>devinxerat</span> <span class='ocrx_word' id='word_1_753' title='bbox 764 5077 799 5140; x_wconf 92' lang='lat' dir='ltr'>in</span> <span class='ocrx_word' id='word_1_754' title='bbox 823 5083 1037 5158; x_wconf 90' lang='lat' dir='ltr'>perpetuum:</span> <span class='ocrx_word' id='word_1_755' title='bbox 1061 5072 1179 5139; x_wconf 90' lang='lat' dir='ltr'>deiude</span> <span class='ocrx_word' id='word_1_756' title='bbox 1230 5085 1357 5161; x_wconf 90' lang='lat' dir='ltr'>partem</span> <span class='ocrx_word' id='word_1_757' title='bbox 1381 5096 1441 5140; x_wconf 94' lang='lat' dir='ltr'>uos</span> <span class='ocrx_word' id='word_1_758' title='bbox 1463 5074 1569 5154; x_wconf 83' lang='lat' dir='ltr'>duait,</span> <span class='ocrx_word' id='word_1_759' title='bbox 1600 5097 1717 5160; x_wconf 86' lang='lat' dir='ltr'>nempe</span> <span class='ocrx_word' id='word_1_760' title='bbox 1740 5100 1803 5142; x_wconf 92' lang='lat' dir='ltr'>non</span> <span class='ocrx_word' id='word_1_761' title='bbox 1827 5086 1957 5142; x_wconf 90' lang='lat' dir='ltr'>tantum</span> <span class='ocrx_word' id='word_1_762' title='bbox 1986 5082 2103 5146; x_wconf 87' lang='lat' dir='ltr'>noxios</span> <span class='ocrx_word' id='word_1_763' title='bbox 2125 5083 2202 5160; x_wconf 85' lang='lat' dir='ltr'>lore,</span> 
     </span>
     <span class='ocr_line' id='line_1_56' title="bbox 204 5158 2203 5250; baseline 0.002 -21"><span class='ocrx_word' id='word_1_764' title='bbox 204 5163 345 5231; x_wconf 91' lang='lat' dir='ltr'>ostendit</span> <span class='ocrx_word' id='word_1_765' title='bbox 367 5184 464 5248; x_wconf 89' lang='lat' dir='ltr'>qnam</span> <span class='ocrx_word' id='word_1_766' title='bbox 488 5161 630 5246; x_wconf 88' lang='lat' dir='ltr'>maligue</span> <span class='ocrx_word' id='word_1_767' title='bbox 652 5158 857 5244; x_wconf 89' lang='lat' dir='ltr'>responderit</span> <span class='ocrx_word' id='word_1_768' title='bbox 878 5180 921 5243; x_wconf 89' lang='lat' dir='ltr'>po</span> <span class='ocrx_word' id='word_1_769' title='bbox 944 5161 1018 5226; x_wconf 92' lang='lat' dir='ltr'>ulus</span> <span class='ocrx_word' id='word_1_770' title='bbox 1040 5160 1109 5242; x_wconf 88' lang='lat' dir='ltr'>ipss</span> <span class='ocrx_word' id='word_1_771' title='bbox 1132 5169 1180 5224; x_wconf 92' lang='lat' dir='ltr'>tot</span> <span class='ocrx_word' id='word_1_772' title='bbox 1230 5159 1651 5247; x_wconf 85' lang='lat' dir='ltr'>quilsraelemlaeserint,</span> <span class='ocrx_word' id='word_1_773' title='bbox 1674 5163 1852 5229; x_wconf 89' lang='lat' dir='ltr'>sedetiam</span> <span class='ocrx_word' id='word_1_774' title='bbox 1867 5183 1933 5228; x_wconf 93' lang='lat' dir='ltr'>nou</span> <span class='ocrx_word' id='word_1_775' title='bbox 1950 5184 2045 5247; x_wconf 85' lang='lat' dir='ltr'>posse</span> <span class='ocrx_word' id='word_1_776' title='bbox 2060 5167 2203 5250; x_wconf 86' lang='lat' dir='ltr'>effugere</span> 
     </span>
    </p>
   </div>
   <div class='ocr_carea' id='block_1_3' title="bbox 200 4358 1177 4702">
    <p class='ocr_par' dir='ltr' id='par_1_4' title="bbox 200 4358 1177 4702">
     <span class='ocr_line' id='line_1_57' title="bbox 288 4358 1177 4441; baseline -0.007 -14"><span class='ocrx_word' id='word_1_777' title='bbox 288 4363 320 4428; x_wconf 88' lang='lat'>3.</span> <span class='ocrx_word' id='word_1_778' title='bbox 355 4361 513 4427; x_wconf 76' lang='lat' dir='ltr'>Sanctitas</span> <span class='ocrx_word' id='word_1_779' title='bbox 548 4360 649 4426; x_wconf 80' lang='lat' dir='ltr'>lsrael</span> <span class='ocrx_word' id='word_1_780' title='bbox 679 4358 825 4438; x_wconf 68' lang='lat' dir='ltr'>lutevae,</span> <span class='ocrx_word' id='word_1_781' title='bbox 852 4359 1018 4440; x_wconf 59' lang='lat' dir='ltr'>monetae</span> <span class='ocrx_word' id='word_1_782' title='bbox 1047 4359 1177 4441; x_wconf 67' lang='lat' dir='ltr'>frugum</span> 
     </span>
     <span class='ocr_line' id='line_1_58' title="bbox 200 4441 1177 4529; baseline -0.012 -12"><span class='ocrx_word' id='word_1_783' title='bbox 200 4451 286 4516; x_wconf 81' lang='lat' dir='ltr'>eius:</span> <span class='ocrx_word' id='word_1_784' title='bbox 324 4449 497 4529; x_wconf 77' lang='lat' dir='ltr'>quicunque</span> <span class='ocrx_word' id='word_1_785' title='bbox 522 4446 706 4512; x_wconf 80' lang='lat' dir='ltr'>comederint</span> <span class='ocrx_word' id='word_1_786' title='bbox 737 4443 916 4511; x_wconf 78' lang='lat' dir='ltr'>eourateu</span> <span class='ocrx_word' id='word_1_787' title='bbox 954 4462 1070 4509; x_wconf 82' lang='lat' dir='ltr'>uoaam</span> <span class='ocrx_word' id='word_1_788' title='bbox 1107 4441 1177 4527; x_wconf 89' lang='lat' dir='ltr'>(alii</span> 
     </span>
     <span class='ocr_line' id='line_1_59' title="bbox 204 4528 1175 4615; baseline -0.01 -15"><span class='ocrx_word' id='word_1_789' title='bbox 204 4539 347 4609; x_wconf 87' lang='lat' dir='ltr'>vertunt,</span> <span class='ocrx_word' id='word_1_790' title='bbox 371 4535 565 4614; x_wconf 89' lang='lat' dir='ltr'>peeoabunt:</span> <span class='ocrx_word' id='word_1_791' title='bbox 599 4531 655 4596; x_wconf 89' lang='lat' dir='ltr'>sed</span> <span class='ocrx_word' id='word_1_792' title='bbox 679 4551 739 4615; x_wconf 85' lang='lat' dir='ltr'>ego</span> <span class='ocrx_word' id='word_1_793' title='bbox 762 4532 869 4612; x_wconf 86' lang='lat' dir='ltr'>potius</span> <span class='ocrx_word' id='word_1_794' title='bbox 892 4528 933 4594; x_wconf 91' lang='lat' dir='ltr'>ad</span> <span class='ocrx_word' id='word_1_795' title='bbox 964 4549 1101 4612; x_wconf 87' lang='lat' dir='ltr'>posnam</span> <span class='ocrx_word' id='word_1_796' title='bbox 1125 4547 1175 4592; x_wconf 88' lang='lat' dir='ltr'>re·</span> 
     </span>
     <span class='ocr_line' id='line_1_60' title="bbox 202 4612 1176 4702; baseline -0.009 -17"><span class='ocrx_word' id='word_1_797' title='bbox 202 4621 285 4700; x_wconf 86' lang='lat' dir='ltr'>lero)</span> <span class='ocrx_word' id='word_1_798' title='bbox 307 4619 428 4685; x_wconf 84' lang='lat' dir='ltr'>matum</span> <span class='ocrx_word' id='word_1_799' title='bbox 448 4619 547 4683; x_wconf 76' lang='lat' dir='ltr'>vestet</span> <span class='ocrx_word' id='word_1_800' title='bbox 568 4637 662 4699; x_wconf 79' lang='lat' dir='ltr'>super</span> <span class='ocrx_word' id='word_1_801' title='bbox 683 4636 733 4681; x_wconf 84' lang='lat' dir='ltr'>eos</span> <span class='ocrx_word' id='word_1_802' title='bbox 762 4615 941 4702; x_wconf 86' lang='lat' dir='ltr'>(exegetiee</span> <span class='ocrx_word' id='word_1_803' title='bbox 964 4614 1094 4678; x_wconf 88' lang='lat' dir='ltr'>additur</span> <span class='ocrx_word' id='word_1_804' title='bbox 1116 4612 1176 4677; x_wconf 90' lang='lat' dir='ltr'>hoe</span> 
     </span>
    </p>
   </div>
   <div class='ocr_carea' id='block_1_4' title="bbox 202 4701 672 4788">
    <p class='ocr_par' dir='ltr' id='par_1_5' title="bbox 202 4701 672 4788">
     <span class='ocr_line' id='line_1_61' title="bbox 202 4701 672 4788; baseline -0.013 -16"><span class='ocrx_word' id='word_1_805' title='bbox 202 4704 409 4788; x_wconf 89' lang='lat' dir='ltr'>membrum),</span> <span class='ocrx_word' id='word_1_806' title='bbox 431 4704 506 4768; x_wconf 74' lang='lat' dir='ltr'>utut</span> <span class='ocrx_word' id='word_1_807' title='bbox 528 4701 672 4768; x_wconf 79' lang='lat' dir='ltr'>Iebeuab.</span> 
     </span>
    </p>
   </div>
   <div class='ocr_carea' id='block_1_5' title="bbox 204 5243 2322 5333">
    <p class='ocr_par' dir='ltr' id='par_1_6' title="bbox 204 5243 2322 5333">
     <span class='ocr_line' id='line_1_62' title="bbox 204 5243 2322 5333; baseline 0 -17"><span class='ocrx_word' id='word_1_808' title='bbox 204 5250 370 5317; x_wconf 86' lang='lat' dir='ltr'>benefieiis</span> <span class='ocrx_word' id='word_1_809' title='bbox 392 5249 542 5331; x_wconf 86' lang='lat' dir='ltr'>aeosptis.</span> <span class='ocrx_word' id='word_1_810' title='bbox 581 5245 691 5327; x_wconf 76' lang='lat' dir='ltr'>Quum</span> <span class='ocrx_word' id='word_1_811' title='bbox 715 5266 792 5330; x_wconf 87' lang='lat' dir='ltr'>ergo</span> <span class='ocrx_word' id='word_1_812' title='bbox 810 5247 889 5313; x_wconf 89' lang='lat' dir='ltr'>dioit</span> <span class='ocrx_word' id='word_1_813' title='bbox 926 5247 1057 5314; x_wconf 71' lang='lat' dir='ltr'>erasum</span> <span class='ocrx_word' id='word_1_814' title='bbox 1077 5243 1179 5328; x_wconf 77' lang='lat' dir='ltr'>fuisse</span> <span class='ocrx_word' id='word_1_815' title='bbox 1232 5247 1411 5318; x_wconf 84' lang='lat' dir='ltr'>viudietam</span> <span class='ocrx_word' id='word_1_816' title='bbox 1434 5245 1509 5312; x_wconf 91' lang='lat' dir='ltr'>Dei.</span> <span class='ocrx_word' id='word_1_817' title='bbox 1554 5246 1687 5328; x_wconf 77' lang='lat' dir='ltr'>Quare?</span> <span class='ocrx_word' id='word_1_818' title='bbox 1721 5247 1849 5313; x_wconf 86' lang='lat' dir='ltr'>Malum</span> <span class='ocrx_word' id='word_1_819' title='bbox 1869 5249 1952 5315; x_wconf 77' lang='lat' dir='ltr'>euim</span> <span class='ocrx_word' id='word_1_820' title='bbox 1980 5251 2082 5317; x_wconf 80' lang='lat' dir='ltr'>ueniet</span> <span class='ocrx_word' id='word_1_821' title='bbox 2108 5272 2204 5333; x_wconf 76' lang='lat' dir='ltr'>super</span> <span class='ocrx_word' id='word_1_822' title='bbox 2321 5302 2322 5305; x_wconf 16' lang='grc' dir='ltr'>η</span> 
     </span>
    </p>
   </div>
   <div class='ocr_carea' id='block_1_6' title="bbox 303 5347 1998 5421">
    <p class='ocr_par' dir='ltr' id='par_1_7' title="bbox 303 5347 1998 5421">
     <span class='ocr_line' id='line_1_63' title="bbox 303 5347 1998 5421; baseline -0.002 -13"><span class='ocrx_word' id='word_1_823' title='bbox 303 5351 414 5408; x_wconf 71' lang='lat' dir='ltr'>ouvius</span> <span class='ocrx_word' id='word_1_824' title='bbox 429 5365 524 5421; x_wconf 77' lang='lat' dir='ltr'>opera.</span> <span class='ocrx_word' id='word_1_825' title='bbox 556 5348 617 5405; x_wconf 81' lang='lat' dir='ltr'>Vol.</span> <span class='ocrx_word' id='word_1_826' title='bbox 632 5347 798 5406; x_wconf 82' lang='lat' dir='ltr'><strong><em>XXXVII.</em></strong></span> <span class='ocrx_word' id='word_1_827' title='bbox 1964 5351 1998 5406; x_wconf 75' lang='lat'>32</span> 
     </span>
    </p>
   </div>
   <div class='ocr_carea' id='block_1_7' title="bbox 0 0 2405 5970">
    <p class='ocr_par' dir='ltr' id='par_1_8' title="bbox 0 0 2405 5970">
     <span class='ocr_line' id='line_1_64' title="bbox 0 0 2405 5970; baseline 0 0"><span class='ocrx_word' id='word_1_828' title='bbox 0 0 2405 5970; x_wconf 95' lang='lat' dir='ltr'> </span> 
     </span>
    </p>
   </div>
  </div>
 </body>
</html>
