4784 5970
204 348 245 413 73
860 382 862 386 ν
1064 346 1215 414 CAPC'P
1237 346 1350 411 XLII.
1560 359 1564 373 ’
2159 353 2201 416 74

199 535 305 599 textui
345 535 522 618 prophetae
562 557 627 599 non
667 536 825 618 quadrare
866 557 942 600 mox
982 534 1173 600 videbimus.
1228 534 1391 618 duplicem
1422 555 1493 599 esse
1521 535 1674 600 ostendit.
1717 535 1813 603 Unde
1835 538 1914 602 satis
1936 551 2070 622 apparet
2092 540 2197 622 ipsum

198 620 303 687 Docet
325 623 413 686 enim
435 631 546 705 postea
568 641 627 686 cur
648 643 761 688 caecos
784 629 886 687 vocet.
931 621 1066 702 Nempe,
1089 622 1174 704 quod
1227 619 1267 685 de
1289 619 1421 685 Iudaeis
1451 621 1621 704 loquutum
1651 643 1732 705 esse,
1765 624 1822 704 qui
1851 624 1986 688 scelesto
2009 633 2198 709 contemptu

199 728 300 788 quum
340 707 475 771 rideant
509 707 630 786 multa,
671 729 710 772 ea
742 717 853 773 tamen
887 727 953 772 non
987 708 1173 771 observant.
1226 706 1466 772 suffocaverunt
1490 707 1553 771 Dei
1576 707 1690 774 lucem.
1726 708 1857 791 Duplex
1880 709 1981 793 igitur
2004 711 2066 776 erit
2089 727 2199 778 reatus

199 791 295 872 Quod
318 800 406 857 certe
429 793 596 876 prophetis
619 794 711 858 nullo
736 793 829 858 modo
851 795 1012 858 convenit.
1046 791 1172 874 Sequa·
1226 813 1326 875 quum
1361 790 1555 857 veniendum
1586 795 1649 857 erit
1678 794 1718 858 ad
1752 795 1893 860 tribunal
1922 794 2003 879 Dei,
2036 797 2064 861 si
2096 818 2197 881 quum

199 900 274 943 mur
306 899 384 962 ergo
414 879 593 960 simplicem
625 899 662 944 ac
690 880 869 962 genuinum
898 899 1038 943 sensum.
1090 879 1170 942 Pro·
1226 878 1330 942 lucem
1357 898 1449 942 suam
1478 879 1641 961 proponit,
1670 879 1777 945 oculos
1802 879 2008 947 claudamus:
2043 893 2075 946 et
2096 904 2198 964 quum

198 965 299 1047 pheta
320 965 537 1028 damnaverat
555 967 724 1030 universos
743 964 891 1030 homines
910 964 1091 1030 caecitatis:
1115 963 1172 1030 sed
1226 962 1317 1028 docet
1350 962 1448 1028 verbo
1481 985 1556 1047 suo,
1590 986 1653 1029 non
1683 964 1861 1031 audiamus.
1912 967 2038 1032 Gentes
2066 968 2197 1051 quidem

198 1051 403 1133 potissimum
437 1050 592 1126 Iudaeos,
635 1051 720 1132 quod
761 1051 887 1117 acutius
925 1072 1021 1133 quam
1056 1050 1172 1132 reliqui
1226 1049 1435 1114 excusatione
1465 1050 1638 1114 carebunt:
1669 1050 1725 1114 sed
1749 1051 1862 1115 Iudaei
1891 1053 2001 1117 etalii
2024 1052 2140 1135 quibus
2163 1076 2197 1118 se

198 1157 311 1201 omues
349 1157 482 1202 cernere
522 1136 718 1202 debuissent.
774 1137 842 1200 Nec
880 1138 967 1201 enim
1006 1136 1172 1200 communi
1226 1144 1273 1199 tot
1303 1134 1408 1201 modis
1437 1135 1589 1216 patefecit
1612 1134 1785 1216 Dominus,
1817 1138 1865 1202 bis
1893 1137 2068 1202 damnandi
2091 1149 2197 1217 erunt,

199 1231 327 1286 tautum
351 1222 421 1288 luce
444 1233 478 1287 et
499 1221 718 1306 intelligentia
740 1222 947 1288 fruebantur:
982 1221 1037 1287 sed
1062 1222 1171 1298 verbo,
1224 1220 1309 1304 quod
1339 1220 1447 1285 Deum
1477 1221 1598 1285 intueri
1626 1231 1660 1286 et
1689 1242 1864 1305 agnoscere
1903 1224 2076 1289 noluerint.
2129 1224 2198 1290 Nos

198 1329 261 1390 quo
283 1330 318 1372 sc
340 1308 404 1372 illis
426 1308 591 1373 Dominus
613 1307 741 1373 abunde
761 1309 966 1391 patefecerat.
1011 1307 1171 1388 Quamvis
1223 1307 1327 1391 igitur
1360 1306 1478 1389 quibus
1512 1316 1560 1370 tet
1593 1320 1625 1371 et
1652 1316 1719 1371 tam
1749 1308 1893 1391 insignia
1922 1309 2072 1392 exempla
2102 1310 2198 1376 hodie

198 1414 276 1475 ergo
306 1393 422 1476 reliqui
452 1414 564 1458 omnes
592 1395 807 1474 caecutirent,
836 1403 944 1459 tamen
977 1394 1010 1458 hi
1040 1414 1171 1459 cernere
1224 1401 1458 1476 proponuntur,
1493 1392 1552 1457 hoc
1582 1392 1734 1458 iudicium
1765 1404 1962 1461 metuamus.
2013 1395 2081 1461 Nec
2110 1399 2197 1461 enim

197 1489 230 1544 et
253 1479 363 1542 Deum
386 1500 559 1562 agnoscere
582 1477 775 1560 debuerunt,
801 1502 901 1564 quum
921 1481 992 1562 lege
1014 1480 1117 1562 ipsius
1140 1488 1172 1543 et
1224 1482 1333 1543 minor
1355 1479 1492 1544 caecitas
1516 1487 1572 1543 aut
1594 1480 1776 1562 pervicacia
1799 1479 1894 1545 hodie
1917 1481 1952 1544 in
1971 1480 2084 1546 multis
2099 1503 2197 1565 quam

199 1565 360 1642 doctrina,
403 1579 558 1649 tanquam
593 1565 794 1632 lucidissima
828 1567 993 1650 lampade,
1025 1565 1170 1629 illustra·
1225 1566 1302 1628 olim
1330 1564 1367 1628 in
1389 1562 1520 1628 Iudaeis
1549 1563 1820 1648 deprehendet-ur,
1852 1577 1885 1630 et
1915 1565 2017 1631 nihilo
2039 1568 2113 1648 plus
2135 1569 2197 1632 erit

198 1660 323 1716 rentur.
368 1651 543 1715 Praeterea
565 1651 608 1716 60
630 1672 697 1734 cap.
720 1651 826 1716 Isaias
856 1653 888 1714 iu
920 1652 1007 1716 hunc
1037 1650 1170 1716 modum
1223 1649 1426 1716 excusabilis.

197 1736 374 1819 alloquitur
407 1736 561 1801 Iudaeos:
597 1737 722 1821 Surge,
755 1737 942 1802 illuminare
977 1735 1169 1802 Ierusalem:
1308 1734 1512 1821 21.(1et0va
1540 1734 1760 1823 calamariae.)
1812 1736 1908 1802 Nunc
1939 1746 1976 1801 ut
2006 1737 2110 1821 magis
2140 1760 2197 1802 ex·

197 1823 352 1905 quoniam
376 1821 530 1887 tenebrae
553 1829 650 1887 erunt
673 1844 771 1906 super
794 1836 931 1887 terram:
955 1824 988 1887 in
1012 1835 1042 1887 tc
1061 1833 1170 1886 autem
1224 1833 1358 1905 aggerat
1379 1821 1575 1886 Iudaeorum
1599 1823 1733 1902 crimen,
1759 1822 1899 1887 ostendit
1922 1843 1979 1904 per
2002 1821 2106 1888 Deum
2129 1844 2196 1887 nou

197 1908 360 1972 Dominus
379 1907 561 1992 refulgebit.
596 1909 706 1988 Quum
726 1909 828 1995 igitur
842 1906 955 1973 Iudaei
971 1909 1171 1974 caecutirent
1223 1907 1353 1972 stetisse
1381 1908 1553 1989 quominus
1582 1907 1719 1973 feliciter
1742 1909 1898 1990 beateque
1921 1909 2079 1973 viverent.
2124 1907 2196 1974 Iam

196 1992 231 2057 in
255 2004 346 2058 tanta
368 1994 449 2071 luce,
477 1995 550 2058 ideo
573 1995 728 2077 peculiari
752 1996 813 2059 hac
835 1994 1061 2078 obiurgatione
1082 1994 1171 2074 ipsos
1224 1991 1315 2076 dixit,
1346 1993 1495 2057 miserias
1524 2002 1557 2056 et
1586 2015 1758 2058 aerumnas
1789 2015 1869 2075 quas
1891 1995 2053 2058 sustinent
2076 2015 2197 2078 poenas

198 2079 387 2161 compellat:
416 2080 551 2163 perinde
574 2081 660 2146 acsi
683 2080 820 2145 diceret:
850 2080 990 2144 Frustra
1011 2079 1170 2145 contendo
1223 2101 1295 2145 esse
1317 2079 1492 2158 caecitatis,
1514 2099 1609 2160 quam
1631 2091 1747 2162 sponte
1770 2079 1831 2144 sibi
1850 2079 2085 2145 accersierunt:
2110 2101 2197 2145 nuuc

197 2186 272 2231 cum
296 2165 336 2229 iis
359 2167 413 2247 qui
436 2188 455 2230 a
478 2187 530 2230 mc
553 2165 651 2230 alieni
674 2176 768 2231 sunt:
793 2188 853 2231 nec
875 2165 956 2230 adeo
979 2167 1097 2229 mirum
1120 2168 1170 2229 est
1223 2166 1403 2228 auctarium
1433 2178 1464 2228 et
1493 2164 1587 2245 quasi
1615 2164 1781 2230 cumulum
1811 2166 1911 2247 ponit,
1939 2165 2022 2248 quod
2046 2165 2196 2229 levamen

196 2250 284 2332 ipsos
306 2272 418 2316 caecos
441 2271 527 2316 esse:
558 2252 615 2317 sed
638 2253 742 2316 instar
764 2249 913 2334 prodigii,
941 2251 1002 2317 hoc
1025 2250 1169 2316 accidere
1222 2270 1317 2314 omne
1346 2271 1405 2314 sua
1431 2251 1649 2314 obstinatione
1672 2249 1852 2333 repudient.
1898 2250 1999 2314 Varie
2021 2252 2196 2333 exponitur

197 2337 301 2400 servis
334 2337 414 2401 meis
443 2336 594 2422 (quorum
628 2338 730 2403 oculis
762 2337 819 2401 lux
848 2338 1015 2419 proposita
1043 2337 1105 2422 est)
1135 2347 1170 2398 ut
1222 2336 1275 2400 hic
1298 2335 1396 2399 locus.
1440 2333 1593 2415 Quidam,
1623 2336 1787 2400 Dominus
1810 2336 1856 2400 sic
1879 2335 1997 2401 voluit:
2028 2336 2093 2415 alii,
2121 2335 2195 2401 Cle·

198 2421 431 2487 obsurdescant
464 2421 505 2487 ad
538 2423 720 2489 doctrinam
751 2445 832 2506 quae
862 2422 994 2487 auribus
1025 2423 1168 2505 ipsorum
1222 2443 1315 2487 mens
1338 2434 1403 2486 est:
1427 2442 1496 2505 ego,
1519 2421 1681 2486 Dominus
1704 2422 1828 2498 volens,
1852 2421 1884 2486 id
1907 2429 1965 2498 est,
1989 2421 2196 2487 voluntarius

198 2508 327 2572 assidue
355 2508 495 2572 insonat.
540 2509 632 2574 Haec
657 2509 742 2573 euim
769 2521 833 2572 tam
859 2520 971 2592 aperta
991 2522 1069 2572 suut
1091 2521 1169 2571 uta
1223 2528 1260 2573 ac
1287 2528 1466 2589 propensus
1489 2506 1528 2569 ad
1552 2505 1755 2572 liberandum
1779 2507 1937 2590 populum
1959 2527 2069 2571 suum:
2098 2507 2196 2589 idque

197 2593 300 2659 caecis
323 2593 438 2671 videri,
462 2606 527 2657 tam
550 2595 646 2670 clara,
670 2606 706 2658 ut
724 2616 743 2659 a
761 2594 870 2659 surdis
889 2594 1010 2676 percipi
1029 2594 1168 2675 possint:
1222 2592 1469 2675 amplificandae
1510 2592 1591 2674 legis
1632 2614 1709 2657 suae
1750 2603 1784 2657 et
1817 2591 2019 2656 extollendae
2053 2593 2196 2657 iustitiae

196 2679 253 2743 sed
287 2679 409 2743 frustra
442 2679 528 2760 ipsos
562 2679 719 2761 alloquor.
770 2680 861 2743 Nihil
889 2681 975 2743 enim
1005 2679 1169 2761 stupidius
1221 2700 1327 2742 causa.
1373 2677 1469 2756 Quod
1499 2699 1576 2760 ergo
1607 2678 1749 2761 indignis
1778 2698 1967 2743 succurrere
1998 2689 2131 2761 paratus
2152 2678 2201 2756 sit,

197 2777 254 2828 aut
277 2764 424 2828 hebetius
447 2768 513 2828 est:
545 2775 576 2827 et
599 2786 699 2846 quum
725 2766 866 2828 maxime
889 2764 1034 2828 omnium
1060 2763 1169 2827 videre
1222 2763 1324 2840 Deus,
1354 2763 1509 2826 rationem
1539 2763 1691 2846 assignat,
1721 2764 1857 2846 gloriam
1887 2785 1979 2827 suam
2011 2763 2096 2827 velle
2119 2784 2193 2844 pro-

197 2862 229 2913 et
245 2849 356 2913 audire
372 2849 569 2927 debuissent,
586 2851 667 2914 nulli
684 2863 741 2915 aut
756 2848 921 2914 surdiores
937 2861 994 2912 aut
1009 2851 1169 2914 caeciores
1223 2845 1335 2931 pagaei
1368 2847 1404 2911 iu
1438 2868 1549 2912 eorum
1583 2849 1704 2931 salute,
1737 2859 1775 2912 ut
1804 2847 1865 2913 hoc
1898 2847 1993 2912 modo
2021 2851 2195 2931 conspicua

197 2935 332 3017 reperiri
353 2948 501 3018 possunt.
1222 2935 1266 2997 sit
1288 2935 1357 2998 eius
1379 2933 1513 3015 iustitia,
1535 2934 1645 3016 vigeat
1666 2933 1721 2997 lex
1744 2933 1847 3016 ipsius
1871 2955 1907 2997 ac
1929 2935 2051 2998 floreat.
2097 2933 2194 3015 Quod

280 3018 391 3104 (Quem
412 3019 521 3105 mitto.)
566 3020 737 3086 Gradatim
772 3020 980 3105 progreditur
1001 3018 1106 3085 Isaiae
1128 3019 1169 3083 ab
1222 3028 1331 3084 autem
1365 3018 1477 3083 Iudaei
1508 3017 1588 3083 adeo
1618 3019 1798 3084 calamitosi
1829 3035 1922 3098 sunt,
1954 3019 2015 3084 hoc
2045 3019 2117 3084 ideo
2146 3021 2195 3103 fit,

195 3106 348 3171 universo
381 3128 501 3189 genere
529 3106 699 3171 hominum
728 3107 768 3171 ad
792 3106 948 3171 Iudaeos:
981 3104 1098 3170 deiude
1128 3104 1168 3168 ud
1222 3106 1298 3187 quia
1316 3116 1430 3187 sponte
1449 3105 1536 3170 caeci
1554 3125 1633 3182 esse,
1653 3116 1750 3186 atque
1763 3126 1934 3169 aerumnas
1946 3105 2007 3169 sihi
2020 3126 2194 3181 accersere,

195 3192 387 3268 sacerdotes,
416 3194 470 3275 qui
499 3194 665 3275 praecipui
692 3193 837 3258 omnium
866 3213 903 3257 ac
925 3192 1027 3256 veluti
1049 3191 1169 3255 summi
1222 3212 1319 3273 quam
1342 3189 1413 3255 Dec
1442 3211 1558 3274 parere
1587 3190 1771 3256 maluerint.
1817 3191 1902 3255 Nam
1924 3190 2089 3256 Dominus
2117 3191 2193 3256 alio-

196 3287 298 3341 erant.
339 3279 462 3342 Eorum
485 3279 571 3342 enim
594 3298 716 3343 munus
739 3279 800 3342 fuit
821 3300 974 3342 enarrare
997 3279 1111 3360 legem,
1136 3287 1169 3339 et
1222 3279 1276 3358 qui
1299 3277 1385 3358 ipsos
1408 3296 1524 3340 ornare
1547 3285 1644 3358 atquc
1667 3276 1824 3341 extollere
1847 3277 2014 3342 voluisset.
2058 3276 2127 3341 Alii
2149 3277 2194 3341 sie

196 3365 322 3445 praeire
355 3363 428 3427 aliis
457 3364 543 3428 vitae
572 3363 736 3445 exemplo:
771 3363 910 3447 denique
939 3364 1052 3428 salutis
1081 3365 1166 3426 viam
1221 3362 1394 3443 accipiunt,
1425 3362 1588 3426 Dominus
1619 3362 1690 3425 vult
1719 3364 1824 3445 legem
1854 3383 1947 3426 suam
1975 3363 2194 3445 magnificare,

195 3457 466 3530 praemonstrare.
500 3449 573 3514 Lex
596 3451 684 3514 enim
701 3450 834 3514 Domini
856 3472 898 3514 ex
916 3471 972 3515 ore
990 3449 1167 3514 sacerdotis
1220 3447 1305 3529 quod
1339 3469 1440 3512 verax
1470 3468 1626 3531 apparere
1656 3447 1745 3525 velit,
1775 3447 2062 3512 animadvertendo
2086 3449 2120 3511 iu
2140 3447 2193 3511 Iu·

196 3533 388 3616 requirenda
410 3546 490 3599 erat.
524 3535 743 3618 Conqueritur
765 3556 843 3618 ergo
865 3557 976 3601 caecos
998 3556 1068 3600 esse
1084 3534 1166 3612 illos,
1219 3535 1326 3613 daeos,
1348 3533 1616 3616 quemadmodum
1640 3533 1720 3614 ipsis
1742 3554 1799 3615 per
1821 3532 1925 3614 legem
1949 3533 2092 3596 minatus
2115 3545 2193 3598 erat.

196 3639 276 3703 quos
306 3620 492 3701 praelucere
525 3622 598 3686 aliis
627 3629 660 3685 et
689 3621 760 3685 viae
790 3621 886 3686 duces
915 3642 985 3686 esse
1015 3621 1166 3701 oportuit.
1220 3619 1332 3701 Atque
1356 3621 1403 3685 sic
1424 3619 1584 3683 iustitiam
1607 3620 1752 3682 referunt
1775 3616 1815 3681 ad
1838 3639 1957 3698 poenas
1976 3628 2008 3681 et
2027 3618 2195 3701 supplicia,

132 3743 133 3746 =
196 3705 264 3769 Alii
287 3726 404 3770 nomen
426 3707 509 3771 cervi
531 3707 677 3771 referunt
700 3707 739 3771 ad
763 3706 897 3770 Isaiam:
929 3707 984 3771 alii
1006 3708 1104 3771 etiam
1126 3705 1166 3769 ad
1220 3726 1302 3787 quae
1334 3704 1492 3769 divinitus
1525 3705 1624 3785 impio
1656 3703 1777 3786 populo
1809 3704 1952 3785 irrogata
1983 3708 2071 3768 sunt.
2127 3704 2195 3769 Alii

197 3790 379 3855 Christum:
405 3800 500 3873 atquc
522 3792 710 3875 intelligunt
733 3792 840 3874 ipsum
858 3791 1032 3867 caecitatis,
1055 3811 1167 3873 quem·
1220 3799 1363 3866 vertunt,
1394 3790 1534 3872 Propter
1556 3792 1679 3853 iustum
1702 3811 1813 3853 suum:
1844 3799 1940 3871 atquc
1962 3789 2002 3853 ad
2025 3788 2194 3855 Christum

196 3874 370 3940 admodum
394 3888 426 3939 et
447 3876 578 3956 Isaiam,
609 3876 801 3942 damnatum
824 3899 912 3942 esse:
942 3877 998 3941 sed
1021 3876 1103 3940 nihil
1127 3873 1168 3940 ad
1219 3878 1381 3940 referunt:
1416 3873 1472 3939 sed
1507 3874 1750 3939 hallucinantur
1778 3875 1813 3937 iu
1844 3875 1975 3939 nomine
2006 3889 2077 3961 pta.
2126 3875 2194 3940 Nec

196 3959 374 4046 prophetae
407 3970 560 4027 mentem.
605 3963 793 4045 Amplificat
823 3983 900 4046 ergo
923 3984 980 4045 per
1002 3983 1168 4044 compara·
1221 3961 1356 4025 dubium
1386 3972 1434 4025 est
1464 3960 1542 4042 quin
1571 3960 1610 4025 dc
1633 3961 1757 4025 iustitia
1779 3960 1942 4042 loquatur,
1975 3972 2073 4044 atque
2094 3961 2195 4044 signi·

197 4049 318 4111 tionem
351 4047 436 4128 quod
471 4068 574 4129 nuper
602 4058 798 4130 conquestus
826 4061 875 4113 est
905 4048 944 4112 de
972 4048 1168 4112 Iudaeorum
1220 4049 1294 4112 ficet
1316 4046 1496 4111 Dominum
1524 4046 1663 4111 libenter
1690 4060 1896 4111 ostensurum
1924 4047 2023 4111 fuisse
2047 4047 2195 4130 magnifi-

197 4133 352 4200 socordia.
397 4132 482 4197 Nam
513 4134 643 4216 gravior
672 4138 706 4199 in
736 4135 816 4217 ipsis
845 4134 940 4217 culpa
971 4144 1041 4198 erat
1071 4155 1169 4215 quam
1221 4133 1360 4198 centiam
1379 4133 1630 4214 promissionum
1644 4153 1786 4209 suarum,
1804 4144 1837 4196 et
1849 4132 2043 4198 documenta
2055 4132 2196 4197 iustitiae

196 4222 230 4285 in
260 4218 348 4284 aliis:
382 4219 438 4283 sed
472 4220 616 4283 omnium
647 4221 841 4302 gravissima
874 4222 908 4285 in
938 4221 1168 4296 sacerdotibus,
1222 4239 1300 4282 suae
1330 4218 1495 4283 editurum
1525 4220 1557 4284 iu
1580 4218 1698 4300 populo
1720 4218 1953 4300 conservando,
1986 4219 2048 4282 nisi
2071 4218 2124 4283 hic
2146 4219 2196 4281 in-

198 4308 253 4387 qui
277 4304 374 4370 duces
396 4306 540 4388 ipsorum
565 4317 667 4368 erant.
712 4305 856 4370 Proinde
879 4307 1020 4371 sciamus
1051 4327 1108 4370 uos
1132 4326 1169 4369 eo
1222 4314 1351 4386 gratum
1375 4326 1410 4367 se
1432 4316 1465 4368 et
1486 4305 1658 4387 iudignum
1677 4303 1888 4387 praebuisset.
1924 4302 2067 4384 Quidam
2086 4304 2196 4369 existi·

197 4391 307 4454 minus
337 4390 538 4454 excusabiles
568 4391 648 4462 fore,
682 4411 747 4473 quo
777 4395 910 4474 propius
939 4391 1170 4457 accesserimus
1222 4401 1316 4453 mant
1346 4389 1398 4453 hic
1427 4391 1602 4454 Dominum
1635 4391 1793 4472 excusari,
1824 4390 1908 4473 quod
1938 4389 2015 4453 dum
2045 4389 2195 4473 populus,

198 4475 238 4539 ad
262 4476 379 4553 Deum,
409 4488 507 4556 atquc
537 4477 570 4539 in
600 4476 749 4540 altiorem
779 4477 946 4560 dignitatis
969 4478 1107 4561 gradum
1130 4477 1169 4541 ab
1223 4497 1318 4557 quem
1342 4475 1564 4557 adoptaverat,
1588 4479 1638 4538 tot
1659 4476 1754 4540 malis
1772 4477 1938 4557 expositus
1958 4477 2010 4555 sit,
2034 4474 2196 4539 labascerc

198 4582 235 4627 eo
259 4562 363 4625 evecti
385 4562 553 4626 fuerimus.
587 4561 752 4628 Perfectus
771 4564 882 4627 eodem
900 4574 1047 4645 respectu
1068 4573 1169 4638 vocat,
1223 4561 1345 4625 veritas
1373 4561 1474 4643 ipsius
1497 4560 1665 4625 videatur:
1698 4570 1794 4642 atque
1817 4561 1894 4626 huic
1916 4561 2098 4626 calumniae
2120 4581 2195 4643 pro·

197 4647 254 4730 qui
282 4645 365 4711 tales
395 4668 465 4712 esse
492 4646 684 4713 debuerant.
729 4648 813 4712 Nam
843 4650 997 4731 probrose
1020 4648 1172 4712 meminit
1223 4647 1355 4730 phetam
1386 4668 1555 4712 occurrere
1586 4645 1745 4711 voluisse:
1777 4648 1823 4711 sic
1853 4647 1939 4710 enim
1970 4647 2066 4729 diripi
2089 4648 2195 4727 ipsum
2300 4673 2305 4682 ·

197 4734 296 4798 huius
317 4732 523 4814 perfectionis
546 4754 565 4797 a
586 4755 650 4815 qua
665 4735 853 4799 exciderant
868 4736 967 4818 impia
983 4735 1171 4811 defectione,
1224 4754 1261 4796 ac
1291 4731 1430 4814 praedae
1459 4753 1539 4815 esse,
1570 4753 1635 4796 non
1666 4730 1752 4814 quod
1775 4731 1938 4797 Dominus
1970 4754 2080 4796 eorum
2103 4731 2196 4796 melis

198 4829 296 4901 atquc
324 4817 372 4881 ita
402 4817 536 4900 indigne
569 4821 823 4902 profanaverant
855 4821 1170 4903 praestantissimum
1223 4818 1419 4896 oblectetur,
1458 4817 1515 4881 sed
1556 4817 1641 4899 quod
1685 4817 1795 4881 omnia
1828 4817 2022 4899 posthabeat
2054 4816 2196 4881 iustitiae

197 4904 261 4970 Dei
292 4904 421 4969 donum.
466 4904 576 4983 Quum
606 4906 692 4970 euim
716 4906 891 4988 perfectam
914 4908 1056 4972 iustitiae
1078 4926 1173 4988 regu·
1223 4925 1310 4969 suae.
1360 4904 1431 4987 Ego
1466 4903 1656 4986 simpliciter
1688 4903 1897 4985 interpretor,
1931 4902 2109 4967 Dominum
2143 4922 2196 4965 or·

198 4990 264 5055 lam
287 4989 455 5066 haberent,
478 5010 537 5071 per
560 5012 613 5056 eos
632 4992 859 5058 tantummodo
878 4993 984 5057 stabat
1000 4993 1172 5077 quominus
1224 4989 1352 5054 nandae
1375 4989 1455 5072 legis
1479 5011 1574 5055 causa
1597 5010 1794 5072 propensum
1818 4990 1916 5055 fuisse
1935 4989 1974 5053 ad
1995 4987 2196 5053 benefacien-

199 5097 270 5140 eam
294 5088 518 5156 sequerentur.
1224 5076 1300 5140 dum
1332 5075 1448 5156 populo
1477 5097 1546 5159 suo,
1577 5086 1614 5140 ut
1642 5077 1678 5139 in
1704 5098 1741 5141 ec
1763 5076 1867 5160 gloria
1888 5076 1990 5157 ipsius
2013 5094 2051 5139 ac
2073 5074 2197 5139 iustitia

283 5160 334 5225 20.
367 5157 526 5243 (Videudo
564 5161 685 5247 multu.)
740 5161 846 5243 Quale
884 5164 928 5227 sit
968 5165 1028 5230 hoc
1067 5184 1172 5248 genus
1225 5160 1415 5246 refulgeret:
1439 5161 1495 5226 scd
1519 5162 1675 5246 populum
1698 5162 1869 5245 indignum
1889 5182 1922 5224 se
1938 5169 2028 5226 tanto
2045 5161 2196 5226 beneficio

198 5247 373 5325 caecitatis,
396 5247 435 5311 de
454 5268 517 5329 qua
535 5247 688 5328 loquutus
704 5261 762 5325 est,
785 5252 853 5332 ipse
871 5252 1012 5332 expauit,
1036 5270 1173 5332 eamque
1226 5246 1420 5313 reddidisse:
1454 5258 1550 5330 atque
1580 5251 1626 5313 ita
1653 5249 1784 5330 propria
1814 5247 1932 5310 duritia
1962 5247 2089 5312 morbos
2120 5268 2196 5311 suos
