4784 5970
192 355 255 422 ιιι
1068 354 1118 420 ιιι
1140 352 1305 445 ιιιιιιι
2136 352 2196 419 ras

191 552 270 621 tate,
304 544 439 627 aliisque
471 541 577 609 vitiis:
615 556 648 607 et
681 542 785 626 qualis
817 551 919 625 esset,
947 541 1063 606 infelix
1092 541 1161 605 eius
1213 541 1298 621 lecit,
1331 564 1427 626 quem
1460 542 1578 627 docuit,
1618 544 1671 610 cui
1703 552 1792 611 certa
1824 544 1988 629 premissa
2022 542 2129 625 dedit,
2156 566 2191 614 ac

199 632 307 697 exitus
324 629 568 696 demonstravit.
606 628 766 713 Intelligit
783 648 860 712 ergo
878 626 1035 710 propheta
1052 626 1161 691 Deum
1213 629 1386 709 praestitit,
1409 649 1469 695 uec
1492 649 1567 695 eum
1595 649 1740 712 unquam
1763 628 1815 696 vel
1844 630 1984 697 minima
2013 632 2053 697 in
2082 652 2122 696 re
2147 634 2190 699 le·

191 716 278 800 Cyro
306 717 481 801 propitium
511 736 591 797 esse,
621 724 658 778 ιιι
679 735 752 778 eum
777 724 914 780 externa
942 711 1162 778 benedictione
1212 711 1305 778 tellit.
1353 714 1475 780 Omnis
1507 715 1609 781 enim·
1628 735 1687 780 suo
1719 726 1864 799 tempere
1896 716 2060 801 praestita
2094 730 2189 802 atque

214 811 419 885 recoquatur,
442 821 506 866 non
528 811 567 865 ut
587 801 696 883 ipsum
715 799 854 882 adoptet,
878 808 976 882 atque
996 818 1035 864 es
1055 797 1163 880 gratis
1213 799 1347 880 impleta
1368 808 1455 865 sunt.
1498 798 1551 865 Ad
1574 800 1654 867 hacc
1675 801 1777 884 igitur
1797 801 1957 885 exempla,
2009 802 2121 869 ucties
2141 805 2188 870 in·

215 887 345 972 'gustus
373 909 438 970 qua
463 887 582 952 electos
610 885 700 951 solet.
746 883 931 967 Spectanda
957 884 1043 947 enim
1066 901 1162 948 causa
1213 884 1292 950 cidit
1310 885 1420 968 aliqua
1438 885 1604 963 dubitatio,
1627 887 1877 971 confugiendum
1895 897 1962 953 est:
2042 909 2083 955 us
2105 911 2187 955 seur·

190 984 242 1039 est
264 994 323 1040 cur
343 993 417 1039 eum
440 972 491 1037 his
513 971 699 1036 nominibus
717 984 825 1037 vocet:
849 990 967 1052 nempe
985 969 1068 1051 quod
1092 968 1163 1033 eius
1213 990 1272 1051 per
1301 971 1404 1036 adfuit
1433 971 1517 1036 suis:
1548 990 1613 1036 non
1642 982 1694 1036 est
1722 992 1811 1038 nuuc
1839 972 1983 1056 primum
2014 973 2186 1058 loquutus:

189 1059 373 1124 ministerio
409 1057 449 1122 ad
479 1056 678 1123 liberandam
707 1056 875 1121 ecclesiam
904 1064 1030 1135 utatur,
1067 1053 1161 1119 sicuti
1215 1075 1272 1120 nec
1294 1077 1372 1121 vero
1394 1056 1539 1123 obscuris
1561 1056 1751 1140 ambagibus
1781 1058 1936 1140 populum
1965 1079 2067 1125 suum
2098 1061 2186 1127 delu-

190 1144 256 1209 iam
278 1153 376 1208 antea
397 1141 518 1208 dictum
540 1151 598 1207 est.
1212 1139 1271 1204 sit:
1294 1142 1351 1206 sed
1374 1142 1471 1225 plane
1490 1152 1523 1205 et
1541 1153 1654 1226 aperte
1670 1142 1822 1225 loquutus
1841 1152 1898 1209 est
1932 1144 2097 1211 Testatur
2112 1167 2186 1232 ergo

282 1230 331 1293 16.
353 1228 508 1313 (Accedite
529 1229 571 1293 αιι
592 1247 648 1306 ute,
671 1227 779 1293 αιιάιιι
801 1226 877 1312 boc.)
919 1225 1045 1290 Iterum
1073 1244 1161 1290 com·
1214 1227 1373 1309 propheta
1395 1248 1429 1292 se
1447 1227 1530 1292 nihil
1549 1227 1675 1292 adferre
1695 1248 1809 1293 suum:
1831 1229 1887 1294 sed
1906 1231 2047 1296 missum
2066 1252 2088 1297 a
2107 1233 2185 1316 Dee,

190 1315 291 1398 pellat
309 1315 456 1394 Iudaeos,
473 1334 589 1395 eosque
607 1312 759 1378 accedere
776 1312 900 1386 iubens,
924 1313 1015 1393 quasi
1031 1309 1160 1375 obviam
1213 1313 1268 1393 qui
1301 1333 1336 1377 se
1364 1313 1492 1377 fidelem
1523 1312 1754 1405 comprobavit.
1806 1313 1951 1398 Spiritus
1984 1319 2184 1383 mentionem

190 1399 299 1484 prodit
320 1411 357 1465 ut
387 1421 443 1465 eos
472 1399 659 1463 humaniter
686 1398 835 1480 excipiat.
879 1397 1018 1462 Iuterim
1049 1407 1159 1460 tamen
1212 1397 1297 1474 facit,
1320 1418 1386 1462 uon
1408 1399 1501 1480 quasi
1530 1399 1695 1463 diversum
1724 1398 1845 1482 aliquid
1868 1422 1887 1465 ι
1911 1402 1981 1466 Dec
2010 1402 2183 1487 significet,

189 1486 319 1569 oblique
340 1486 532 1569 perstringit
553 1505 666 1549 eorum
696 1484 916 1559 desectionem,
946 1480 1032 1565 quod
1061 1501 1160 1546 sanae
1212 1502 1311 1564 quum
1335 1484 1478 1548 eiusdem
1502 1484 1636 1550 situum
1658 1485 1914 1567 ipsoesseutiae.
1949 1486 2038 1552 Nam
2060 1490 2099 1554 in
2123 1511 2184 1556 uua

190 1571 359 1638 doctrinae
381 1590 514 1653 capaces
536 1590 601 1635 nou
624 1580 741 1643 essent,
766 1568 828 1634 nisi
851 1589 886 1632 se
908 1568 1097 1650 colligerent
1119 1566 1159 1632 ab
1212 1566 1276 1632 Dei
1297 1569 1438 1633 essentia
1458 1572 1662 1653 agnoscimus
1689 1580 1754 1635 tres
1786 1571 1996 1654 hypostases:
2023 1574 2084 1641 sed
2115 1575 2183 1641 ideo

192 1678 314 1722 errore.
358 1656 432 1722 Hoc
461 1674 556 1738 porro
585 1677 649 1719 ucu
679 1654 751 1719 leve
782 1655 906 1719 crimen
936 1654 1012 1733 fuit,
1041 1674 1061 1717 a
1087 1651 1160 1717 Deo
1212 1654 1360 1736 spiritum
1383 1656 1538 1732 nominat,
1568 1655 1655 1737 quod
1684 1657 1726 1719 sit
1755 1658 1871 1722 unicus
1896 1659 2058 1741 magister
2078 1681 2119 1725 ac
2139 1661 2183 1724 di-

191 1753 259 1808 tam
281 1742 394 1825 procul
416 1751 557 1807 remotos
587 1762 665 1816 esse,
695 1740 748 1804 cui
769 1738 973 1804 familiariter
995 1738 1159 1805 coniuncti
1211 1752 1317 1804 rector
1339 1741 1482 1804 omniurn
1513 1740 1757 1824 prophetarum.
1801 1742 1925 1809 Paulus
1948 1744 1997 1808 ait
2019 1747 2183 1812 neminem

190 1849 261 1894 esse
284 1825 471 1892 debuerant.
505 1827 621 1909 Longe
640 1845 718 1889 vero
737 1824 871 1889 aberant
890 1845 954 1889 uon
973 1823 1034 1890 loci
1056 1824 1158 1888 inter·
1210 1845 1305 1906 posse
1319 1825 1429 1890 Iesum
1445 1825 1614 1891 Christum
1638 1826 1754 1906 dicere,
1777 1828 1838 1892 nisi
1860 1830 1892 1892 in
1911 1830 2033 1912 spiritu
2050 1830 2097 1917 (1.
2113 1833 2181 1898 Cor.

189 1913 287 1992 vallo,
310 1910 366 1978 sed
390 1913 491 1977 animi
513 1932 683 1977 consensu.
728 1910 793 1975 Hic
820 1930 897 1993 ergo
924 1930 1071 1976 accessus
1100 1919 1159 1986 est,
1213 1910 1264 1988 12,
1286 1910 1330 1993 3).
1375 1912 1484 1994 Atque
1512 1912 1718 1995 paulopost,
1748 1911 1878 1979 diversa
1907 1915 1971 1979 Dei
2001 1916 2092 1997 dona
2119 1939 2183 1983 esse

190 2012 229 2066 ut
258 1999 370 2081 positis
398 1998 567 2063 affectibus
600 1998 717 2061 nostris
749 1995 790 2059 ad
823 1998 929 2078 ipsum
963 1994 1158 2060 audiendum
1211 1997 1276 2060 ait:
1299 1997 1357 2062 sed
1379 2017 1482 2061 uuum
1504 2010 1536 2061 et
1556 1997 1696 2062 eundem
1719 2001 1866 2080 spiritum
1890 2020 1970 2076 esse,
1993 2004 2052 2085 qui
2075 2006 2180 2068 omnia

190 2084 296 2169 parati
318 2085 430 2149 simus.
475 2087 583 2165 Atque
611 2082 673 2147 hoe
698 2082 738 2146 ab
769 2081 839 2146 eius
868 2082 974 2164 gratia
1003 2080 1160 2163 proficisci
1212 2080 1314 2147 efficit
1336 2083 1370 2146 in
1393 2083 1552 2147 omuibus.
1596 2082 1661 2147 Hie
1682 2084 1781 2148 etiam
1807 2093 1918 2169 aperte
1946 2087 2110 2169 probatur
2137 2089 2181 2152 di·

189 2190 322 2237 uecesse
344 2179 402 2235 est.
436 2169 504 2233 Nec
527 2169 613 2232 euim
632 2169 677 2231 ιιι
694 2167 872 2248 comparati
891 2187 961 2232 esse
978 2186 1161 2248 possumus,
1212 2168 1331 2232 vinitas
1359 2167 1503 2251 spiritus,
1529 2188 1628 2250 quum
1656 2168 1696 2232 ab
1726 2190 1763 2234 ιο
1791 2170 1970 2252 prophetae
1999 2174 2180 2239 mittantur.

189 2258 254 2322 nisi
276 2276 335 2320 nos
357 2255 398 2319 ad
419 2275 453 2318 ee
475 2253 623 2318 adducat.
1212 2252 1297 2317 Nam
1320 2273 1373 2319 eos
1391 2253 1521 2318 mittere
1539 2253 1638 2318 solius
1657 2253 1721 2318 Dei
1738 2265 1805 2319 est:
1827 2255 2105 2338 quemadmodum
2119 2259 2181 2324 sola

276 2341 362 2425 (Non
391 2339 430 2405 ab
458 2338 571 2423 initio.)
613 2338 713 2402 Hunc
738 2336 846 2402 locum
873 2336 966 2401 varie
994 2347 1162 2419 exponunt
1213 2338 1369 2421 principis
1397 2340 1572 2404 autoritate
1601 2338 1701 2423 legati
1734 2341 1820 2405 mitti
1849 2342 1962 2407 solent.
2013 2342 2054 2408 Id
2084 2366 2180 2429 quum

191 2428 394 2509 interpretes.
449 2424 547 2489 Multi
585 2423 624 2487 ad
659 2422 829 2487 Christum
868 2421 1020 2501 trahunt,
1060 2442 1160 2504 quum
1213 2425 1346 2505 spiritus
1374 2424 1479 2502 faciat,
1508 2445 1608 2505 quum
1641 2425 1762 2508 dirigat
1793 2428 1888 2510 ipsos,
1921 2440 2022 2511 atque
2052 2431 2122 2494 vim
2152 2442 2181 2494 ιι

103 2523 106 2529 ’
191 2517 302 2577 tamen
323 2510 404 2575 nihil
423 2510 487 2576 tale
503 2510 643 2575 voluerit
663 2508 830 2591 propheta.
863 2506 1036 2573 Cavendae
1051 2520 1160 2573 autem
1213 2509 1388 2574 efficaciam
1407 2511 1447 2574 iis
1465 2509 1624 2594 praebeat,
1644 2510 1755 2592 procul
1774 2511 1870 2577 dubio
1885 2513 1977 2578 Deus
1992 2525 2053 2580 est
2088 2516 2180 2581 Gelli-

190 2608 269 2665 suut
287 2597 379 2662 nobis
395 2596 555 2661 violentae
573 2612 605 2659 et
620 2605 750 2659 coactae
765 2593 1060 2676 interpretationes.
1093 2593 1160 2657 Alii
1212 2594 1322 2677 gimus
1343 2596 1443 2660 etiam
1465 2617 1506 2660 ex
1529 2594 1590 2660 hcc
1613 2596 1691 2674 loco,
1721 2618 1775 2662 ecs
1797 2598 1852 2678 qui
1882 2598 1943 2663 hac
1969 2601 2109 2684 spiritus
2137 2602 2180 2665 di·

191 2683 231 2751 de
252 2683 411 2766 propheta
437 2682 506 2763 ipso
533 2682 807 2762 interpretantur:
839 2678 895 2744 sed
924 2678 1027 2743 nihilo
1057 2680 1161 2762 magis
1212 2682 1354 2745 rectione
1383 2692 1503 2758 carent,
1535 2685 1663 2745 tametsi
1691 2701 1726 2746 ιι
1756 2703 1775 2746 a
1804 2683 1875 2747 Dec
1903 2686 2020 2752 missos
2053 2688 2181 2765 iactent,

190 2770 354 2836 convenit.
399 2768 467 2832 Nec
490 2767 574 2831 enirn
596 2766 650 2830 hic
670 2786 777 2830 sermo
805 2763 929 2828 homini
957 2774 1159 2847 congrueret.
1213 2766 1416 2848 repellendos
1449 2787 1535 2832 csse:
1575 2767 1676 2832 veluti
1716 2769 1891 2850 papisticas
1923 2770 1999 2837 illas
2033 2771 2180 2854 luporum

191 2855 352 2921 Existimo
374 2854 476 2936 igitur
493 2852 601 2916 Deum
624 2852 810 2933 loquentem
833 2851 872 2916 ab
891 2849 978 2914 Isaia
1000 2849 1161 2916 introduci
1213 2851 1370 2929 cohortes,
1393 2873 1477 2935 quae
1498 2864 1664 2935 pastorum
1693 2862 1727 2916 et
1756 2853 1921 2920 doctorum
1953 2857 2088 2922 nomine
2116 2858 2181 2942 glo·

192 2953 230 3005 ut
252 2938 519 3022 iugratitudinem
542 2937 661 3018 populo
683 2935 863 3019 exprobret,
888 2936 973 3017 quod
995 2936 1035 3000 ab
1057 2937 1159 3013 initio,
1213 2939 1356 3020 riantur,
1390 2948 1424 3002 et
1456 2938 1641 3003 missionem
1674 2937 1878 3021 impudenter
1909 2942 2050 3020 iactant,
2084 2964 2181 3027 quum

191 3026 225 3090 id
248 3035 306 3099 ιιι,
330 3044 370 3086 ex
394 3044 456 3105 quc
479 3043 513 3086 se
535 3021 715 3104 patefacere
736 3023 842 3102 coepit
864 3021 1009 3103 patribus
1038 3043 1160 3098 eorum,
1214 3022 1401 3089 alienissimi
1439 3024 1507 3087 siut
1540 3044 1559 3087 a
1599 3024 1716 3105 spiritu
1749 3024 1814 3089 Dei
1845 3037 1878 3090 et
1917 3028 1987 3092 eius
2027 3027 2181 3095 doctrina.

193 3108 280 3175 haud
302 3108 437 3173 obscure
453 3117 509 3171 aut
527 3108 610 3171 clam
632 3107 785 3187 loquutus
805 3106 857 3170 sit.
891 3105 986 3170 Unde
1004 3109 1161 3190 sequitur,
1214 3108 1352 3172 Frustra
1373 3108 1459 3173 enim
1483 3111 1661 3174 iactantes
1683 3130 1702 3174 a
1725 3109 1796 3175 Deo
1817 3112 1932 3178 misses
1959 3123 2017 3177 aut
2046 3115 2181 3200 inaugu-

193 3193 350 3279 quidquid
380 3193 501 3257 inillis
529 3191 591 3256 luit
623 3191 836 3275 ignorantiae,
869 3190 1017 3255 debuisse
1049 3213 1161 3257 eorum
1213 3206 1310 3272 ratos,
1332 3214 1433 3275 quum
1457 3193 1549 3258 donis
1571 3195 1705 3275 spiritus
1733 3196 1882 3262 instructi
1902 3217 1968 3262 uon
1991 3199 2073 3278 sint,
2102 3221 2181 3283 quae

192 3279 337 3346 malitiae
351 3279 514 3363 imputari,
531 3279 607 3359 quia
622 3278 726 3341 lucem
742 3287 856 3359 sponte
871 3277 1034 3359 fugeruut.
1066 3276 1160 3357 Quod
1213 3280 1395 3344 necessaria
1417 3289 1496 3343 suut
1513 3279 1552 3343 ad
1572 3279 1636 3344 talc
1655 3302 1774 3346 munus
1791 3283 2047 3365 exsequendum.
2082 3287 2182 3351 Porro

192 3365 272 3432 dicit
288 3386 323 3430 se
341 3364 482 3429 adfuisse
501 3385 601 3445 quum
619 3384 671 3427 res
689 3363 773 3427 facta
789 3372 846 3436 est,
865 3362 1055 3426 tantundem
1074 3363 1162 3428 valet
1213 3365 1346 3446 spiritus
1369 3365 1513 3429 afflatum
1533 3364 1716 3442 obtendere,
1739 3387 1837 3449 quum
1853 3368 1919 3434 fide
1937 3388 2072 3453 prorsus
2091 3372 2181 3437 vacui

191 3473 229 3519 ae
251 3451 430 3535 perfectum
454 3449 555 3514 fuisse
576 3450 646 3514 eius
670 3448 793 3513 virtute
822 3453 855 3511 et
876 3467 975 3511 mauu
998 3448 1084 3528 quod
1106 3470 1161 3514 ore
1213 3446 1288 3523 siut,
1311 3469 1348 3514 ac
1371 3471 1411 3514 ne
1434 3451 1569 3514 minima
1590 3452 1718 3532 quidem
1743 3451 1906 3520 doctrinae
1927 3455 2073 3520 scintilla
2096 3478 2182 3540 prae-

190 3536 385 3622 prodiderst.
420 3536 539 3600 Merito
562 3535 670 3616 itaque
689 3533 906 3615 praedicatae
925 3531 1050 3599 dedisse
1067 3556 1161 3617 prae·
1213 3535 1283 3613 diti,
1313 3537 1410 3601 nimis
1441 3536 1592 3617 putidum
1623 3549 1690 3601 est:
1719 3537 1877 3603 sedebunt
1905 3539 2031 3605 scilicet
2058 3542 2183 3609 cornuti

190 3624 315 3690 sentiae
347 3642 424 3686 suae
453 3622 562 3704 signa,
597 3641 696 3702 quum
735 3621 845 3683 omnia
875 3619 1068 3700 praestando
1095 3642 1162 3685 uon
1213 3622 1370 3704 episcopi:
1399 3635 1476 3686 uota
1498 3622 1560 3686 erit
1583 3623 1714 3686 maioris
1736 3625 1838 3707 partis
1860 3625 2006 3690 inscitia:
2036 3627 2106 3692 imo
2129 3632 2183 3693 rix

191 3708 297 3773 solum
319 3708 473 3770 vaticinia
494 3706 717 3787 comprobavit
739 3706 808 3786 ipse
831 3715 962 3783 eventu,
990 3706 1046 3770 sed
1069 3726 1160 3770 mon·
1214 3727 1254 3771 ex
1277 3706 1431 3773 trecentis
1454 3707 1563 3773 decem
1582 3709 1786 3789 reperientur
1808 3710 1862 3792 qui
1884 3710 2010 3777 modice
2032 3725 2183 3797 gustare·

192 3794 310 3858 stravit
332 3813 389 3857 suo
412 3792 547 3856 arbitrio
574 3791 747 3872 gubernari
770 3809 852 3872 quae
882 3791 1016 3854 fortuita
1043 3801 1161 3874 putan·
1213 3793 1280 3856 riut
1309 3794 1495 3857 rudimenta
1523 3795 1661 3875 pietatis.
1710 3793 1798 3874 Quid
1831 3795 1964 3861 stultius
1993 3814 2055 3877 est,
2086 3821 2182 3884 quam

192 3891 255 3943 tur.
301 3877 341 3941 Iu
364 3896 493 3942 summa
519 3889 748 3940 commemorat
770 3887 916 3940 vetustas
940 3876 1002 3940 Dei
1024 3881 1161 3959 promis·
1213 3879 1332 3944 iactare
1354 3878 1449 3942 talem
1472 3898 1660 3944 consessum
1683 3880 1753 3962 regi
1775 3900 1795 3944 a
1816 3881 1955 3963 spiritu?

193 3965 301 4029 siones
333 3973 366 4027 ιι
398 3961 671 4045 complementum
703 3962 864 4041 ipsarum,
899 3971 936 4024 ut
969 3961 1078 4026 Deum
1111 3964 1161 4026 sui
1299 3964 1349 4027 17.
1372 3962 1441 4047 (Sic
1460 3964 1536 4028 diest
1558 3963 1696 4050 ΙιΙιοοο.)
1728 3964 1827 4032 Hunc
1849 3988 1979 4033 versum
2002 3990 2081 4036 cum
2104 3992 2182 4054 qua·

190 4048 333 4114 similem
356 4058 511 4130 perpetuo
534 4048 602 4112 fora
624 4047 781 4111 ostendat.
820 4045 885 4126 Qui
906 4046 1021 4111 dicunt
1042 4047 1160 4113 isaiam
1213 4053 1288 4114 tuor
1305 4050 1463 4133 proximis
1482 4070 1547 4113 una
1564 4050 1737 4134 coniunge,
1757 4051 1841 4133 quod
1859 4052 1970 4118 eodem
1989 4058 2183 4136 pertineant,

192 4134 383 4200 adfuturum
411 4134 537 4215 spiritu,
566 4153 666 4214 quum
690 4131 852 4196 Dominus
881 4132 1036 4214 populum
1066 4154 1160 4198 suum
1212 4144 1308 4216 atque
1340 4135 1380 4200 iis
1413 4133 1575 4200 Dominus
1609 4134 1835 4201 liberationem
1868 4139 1985 4219 populo
2017 4162 2079 4207 suo
2113 4164 2183 4226 pro·

190 4218 333 4297 reducet,
364 4229 515 4301 torquent
543 4217 722 4301 prophetae
752 4216 867 4291 verba,
897 4239 956 4282 uec
983 4218 1160 4300 quidquam
1213 4222 1341 4284 mittat:
1371 4219 1429 4284 sed
1450 4220 1497 4284 ita
1517 4232 1554 4284 ut
1576 4222 1667 4302 prius
1690 4222 1839 4286 ostendat
1860 4223 1969 4306 ipsum
1996 4226 2097 4311 culpa
2126 4248 2183 4295 sna

191 4306 336 4371 afferunt
358 4304 442 4386 quod
465 4304 534 4367 eius
557 4302 657 4368 menti
679 4303 862 4367 conveniat.
1212 4306 1245 4370 in
1275 4307 1467 4371 servitutem
1496 4305 1662 4370 redactum
1693 4328 1778 4373 esse:
1812 4330 1854 4373 ne
1881 4309 2004 4376 scilicet
2033 4313 2184 4398 obloque-

277 4389 335 4475 (Er
355 4409 437 4455 outre
458 4388 615 4454 Dorulaus
637 4387 752 4453 Isbova
774 4387 862 4451 misit
887 4407 945 4463 me,
974 4391 1001 4451 et
1028 4389 1161 4469 spiritus
1212 4397 1305 4455 retur
1326 4391 1474 4473 populus,
1504 4400 1601 4474 atque
1623 4392 1785 4472 obiiceret,
1813 4395 1916 4460 satius
1944 4396 2047 4464 fuisse
2075 4399 2182 4484 ipsum

190 4475 281 4561 eius.)
321 4476 417 4540 Nunc
440 4474 480 4538 de
502 4495 536 4538 se
557 4474 726 4557 subiungit
748 4473 860 4548 Isaiae,
883 4482 979 4555 atque
1001 4477 1160 4555 superiori
1211 4477 1246 4541 in
1269 4477 1375 4558 patria
1392 4477 1535 4553 retineri,
1557 4478 1584 4541 si
1603 4476 1764 4543 Dominus
1781 4480 1810 4543 ei
1828 4478 1940 4545 adesse
1959 4482 2067 4562 vellet,
2086 4506 2183 4569 quam

190 4562 358 4629 doctrinae
380 4559 600 4626 accommodat
621 4559 706 4625 hanc
728 4557 936 4641 senteutiam,
962 4579 1000 4623 ae
1022 4569 1161 4625 testatur
1212 4560 1387 4628 abductum
1410 4561 1530 4627 reduci.
1575 4562 1659 4627 Nam
1681 4565 1788 4628 minor
1809 4567 1915 4649 gratia
1946 4567 2088 4635 habetur
2117 4593 2182 4637 me-

189 4648 302 4714 Deum
323 4646 427 4722 illum,
450 4647 505 4727 qui
529 4646 568 4709 ab
590 4645 685 4709 initio
707 4645 860 4727 loquutus
883 4652 941 4721 est,
967 4664 1026 4725 per
1053 4646 1160 4727 ipsum
1213 4647 1293 4713 dicis
1315 4648 1370 4729 qui
1392 4659 1508 4712 curant
1529 4648 1678 4713 morbum
1709 4670 1803 4731 quem
1832 4671 2028 4733 praecavere
2058 4660 2182 4738 potuis·

190 4733 291 4818 loqui.
335 4731 451 4813 Itaque
480 4731 526 4796 sie
559 4729 739 4795 habendam
773 4750 845 4795 esse
877 4728 974 4794 tidem
1006 4728 1047 4793 iis
1078 4752 1160 4812 quae
1212 4744 1296 4797 sent.
1341 4731 1492 4797 Occurrit
1513 4734 1615 4816 igitur
1636 4737 1802 4817 propheta,
1828 4758 1865 4803 ac
1887 4737 1967 4804 dicit
1988 4738 2052 4807 hoc
2073 4742 2182 4826 populi

191 4840 279 4885 nunc
301 4818 394 4883 Dens
415 4818 597 4898 peripsum
616 4816 770 4899 loquitur,
792 4837 829 4880 ac
852 4814 879 4880 si
898 4814 1004 4897 palam
1023 4814 1160 4882 adesset.
1212 4818 1308 4900 culpa
1336 4815 1505 4897 accidisse,
1542 4821 1596 4901 qui
1629 4830 1756 4900 poterat
1785 4822 1845 4886 hoc
1873 4822 2037 4890 excidium
2068 4829 2182 4908 vitare,

191 4904 281 4969 Hinc
300 4903 389 4969 utilis
408 4902 554 4967 doctrina
571 4902 752 4985 colligenda
769 4911 833 4967 est:
856 4919 982 4982 nempe,
1004 4900 1161 4968 miracula
1212 4904 1240 4968 si
1267 4902 1308 4966 ad
1343 4903 1498 4968 mandata
1527 4904 1659 4969 Domini
1694 4907 1898 4975 attendisset.
1948 4908 2046 4978 Hauc
2080 4913 2183 4998 igitur

191 4991 302 5054 omnia
320 5009 404 5072 qnae
422 4987 525 5053 edidit
539 4986 701 5052 Dominus
718 4987 753 5051 in
771 4986 961 5050 memoriam
979 4988 1161 5052 revocanda
1211 4990 1329 5053 iustam
1363 4989 1528 5072 nequities
1566 4989 1676 5072 populi
1712 4992 1894 5058 mercedem
1926 5014 1997 5060 esse
2030 5001 2180 5065 ostendit.

191 5094 274 5153 esse,
296 5086 335 5138 ut
356 5074 529 5139 veritatem
552 5074 655 5155 ipsius
677 5074 711 5136 iu
733 5071 850 5137 animis
872 5072 993 5137 nostris
1014 5070 1160 5138 obfirme-
1212 5073 1281 5139 Nec
1303 5075 1389 5138 euim
1416 5074 1542 5155 pridem
1571 5085 1705 5139 steterat
1735 5097 1794 5159 per
1815 5079 1994 5144 Dominum
2017 5085 2100 5165 quin
2126 5105 2181 5168 po-

191 5178 276 5226 mus.
320 5159 387 5224 Nec
409 5159 497 5225 euim
519 5159 592 5223 leve
613 5167 840 5242 argumentum
864 5164 921 5236 est,
943 5156 1029 5239 quod
1047 5156 1159 5222 Demi·
1211 5159 1308 5242 pulus
1341 5159 1422 5225 bene
1455 5158 1605 5238 haberet,
1644 5159 1700 5226 sed
1734 5163 1803 5229 eius
1835 5166 1975 5248 gratiam
2002 5183 2181 5252 respuerat.

191 5265 256 5312 nus
277 5245 317 5311 ab
337 5245 431 5310 initio
453 5255 578 5311 certum
602 5243 716 5310 habuit
743 5242 908 5326 populum,
937 5243 989 5308 cui
1011 5262 1047 5307 se
1069 5255 1158 5326 pate·
1211 5245 1257 5310 Et
1286 5255 1395 5311 tamen
1417 5245 1598 5310 Dominum
1629 5247 1770 5313 bonitate
1799 5269 1858 5315 sua
1887 5251 1972 5318 hanc
2001 5258 2181 5338 nequitiam
