4784 5970
194 372 258 437 659
994 366 1380 437 Paffluucrloaas
2134 363 2198 429 660

194 561 282 626 factu
303 558 479 642 optimum:
514 556 683 638 Respieite,
711 556 834 640 inquit,
867 562 895 622 et
923 557 1085 624 irruentetic
1116 578 1163 622 re·
1216 556 1338 623 diceret
1369 577 1435 623 non
1468 565 1594 623 tantum
1628 564 1829 640 contemptos
1861 555 1961 620 luisse
1998 551 2196 637 prophetas,

194 648 310 727 parterm
337 643 398 710 hoc
421 653 485 724 est,
515 653 552 708 ut
572 643 747 709 inveniatis
768 642 912 724 requiem
936 648 1027 726 (nam
1049 643 1164 726 copula
1216 662 1316 726 quum
1338 663 1394 707 ore
1416 644 1573 726 populum
1595 641 1756 722 docerent,
1777 639 1834 706 sed
1856 641 1967 707 tubam
1990 640 2104 722 ipsam
2128 658 2194 702 non

193 730 247 794 hic
270 728 402 795 denotat
424 728 537 813 finem)
559 734 593 792 at
615 748 687 813 ergo
706 729 873 795 inveniatis
887 729 1024 810 requiem
1038 730 1164 794 atrimae
1215 728 1316 794 fuisse
1337 728 1378 794 ab
1405 730 1484 811 ipsis
1514 728 1677 807 auditam,
1708 747 1808 809 quum
1835 736 1944 791 tamen
1974 722 2195 790 denuntiaret

193 822 318 881 certae.
373 815 439 881 Hic
469 814 632 897 significat
663 814 838 897 propbeta,
873 819 1001 879 tantum
1034 815 1163 880 stetisse
1214 813 1433 896 propinquum
1467 813 1597 879 bellum.
1647 813 1736 879 Hinc
1764 810 1881 878 melius
1909 811 2108 895 coarguitur
2137 831 2193 892 po

193 922 252 984 per
275 900 422 978 Iudaeos,
455 920 519 982 quo
542 901 651 964 minus
673 900 860 965 fruerentur
880 898 977 964 rebus
999 899 1162 983 prosperis
1214 898 1283 981 puli
1305 908 1428 983 stupor,
1457 922 1516 967 uec
1539 910 1653 983 stupor
1674 903 1814 976 tantum,
1835 895 1892 962 sed
1912 895 1971 962 illa
1999 895 2194 980 pervicacia

194 998 227 1052 et
266 985 443 1068 tranquillo
477 994 583 1051 statu:
624 986 778 1066 quoniam
817 984 845 1049 si
883 986 1162 1067 obtemperassent
1213 1005 1311 1067 quam
1332 985 1418 1064 dixi,
1452 994 1485 1051 et
1505 1006 1602 1068 quam
1624 985 1778 1068 exprimit
1799 982 1966 1064 propheta,
1990 980 2083 1064 quod
2106 979 2193 1046 seili-

193 1072 327 1139 consilio
350 1072 423 1149 Dei,
445 1071 480 1135 in
502 1079 656 1154 promptu
679 1082 749 1136 erat
770 1069 835 1135 illis
858 1072 1001 1152 requies:
1024 1069 1161 1152 denique
1212 1079 1264 1134 cet
1296 1072 1541 1153 proposuissent
1572 1070 1658 1154 apud
1691 1090 1726 1136 se
1759 1087 1824 1134 non
1856 1067 1978 1133 audire.
2028 1066 2108 1132 Iam
2141 1087 2193 1132 se·

195 1158 357 1241 significat
377 1166 493 1239 sponte
516 1157 615 1221 tuisse
642 1157 793 1235 miseros,
825 1157 901 1238 quia
922 1155 1014 1220 Deus
1042 1176 1160 1239 propo·
1214 1156 1333 1237 quitur,

194 1253 305 1309 suerat
326 1243 390 1306 illis
413 1242 541 1307 felicem
563 1247 700 1306 statum:
735 1241 791 1307 sed
819 1248 1037 1324 contemptam
1059 1241 1160 1305 fuisse

193 1329 278 1394 banc
311 1328 450 1411 gratiam
484 1328 524 1392 ab
557 1327 651 1410 ipsis,
684 1327 782 1410 idque
808 1327 1030 1410 pervicaciter.
1073 1326 1159 1391 Nam
1300 1327 1350 1391 18.
1384 1325 1555 1410 Propterea
1583 1326 1687 1392 aadte
1713 1330 1830 1410 peotes,
1864 1329 2064 1409 qurwece
2086 1329 2191 1390 coetus

192 1413 254 1479 hoc
286 1423 405 1479 sonant
432 1415 548 1491 verba,
581 1413 637 1479 ubi
670 1412 794 1491 dicunt,
827 1411 902 1476 Noa
924 1411 1159 1477 ambulabimus.
1213 1414 1290 1494 qaid
1312 1414 1348 1477 ia
1367 1414 1450 1495 iptio
1469 1414 1611 1495 fabarum
1632 1412 1683 1477 sit.

192 1499 352 1563 Videmus
375 1498 428 1564 hic
451 1498 564 1582 detegi
580 1498 690 1580 populi
711 1496 959 1576 contumaciam,
982 1498 1057 1585 quia
1079 1497 1158 1562 alio·
1301 1499 1351 1564 19.
1373 1498 1464 1562 Aodi
1484 1503 1579 1577 terra,
1601 1517 1664 1563 ecce
1684 1517 1736 1580 epo
1755 1495 1874 1561 adduco
1889 1495 2008 1560 malam
2030 1495 2114 1581 (hoo
2129 1508 2193 1575 est,

193 1586 248 1667 qui
270 1593 422 1666 poterant
443 1585 592 1666 excipere
614 1605 648 1648 se
670 1584 769 1649 luisse
790 1583 955 1665 deceptos:
979 1593 1013 1647 et
1033 1583 1061 1648 si
1083 1582 1160 1647 fuis·
1213 1582 1352 1669 cladem)
1374 1603 1469 1665 saper
1491 1583 1643 1665 mum
1669 1582 1764 1661 tuae,
1795 1581 1931 1664 fractam
1963 1583 2193 1665 miceam

192 1678 264 1734 sent
287 1680 433 1751 tempore
456 1670 621 1746 admoniti,
644 1668 922 1751 obtemperaturos
943 1669 1045 1734 fuisse
1068 1667 1160 1734 bonis
1212 1669 1364 1749 ipsoram,
1386 1670 1441 1751 qai
1461 1670 1505 1734 ad
1524 1668 1617 1734 verba
1635 1688 1705 1733 mea
1725 1668 1933 1749 confremat
1953 1669 2077 1747 attenti,
2100 1675 2129 1733 et
2150 1669 2192 1733 le

192 1769 225 1819 et
247 1757 334 1820 sanis
356 1753 507 1820 consiliis.
550 1754 597 1819 Ut
625 1775 737 1820 ansam
767 1756 852 1819 bano
880 1752 1046 1837 praecidat
1071 1754 1159 1820 Iere·
1211 1774 1279 1837 pem
1300 1774 1400 1820 uuam
1421 1759 1601 1836 moveram
1629 1752 1860 1838 (adverbum,
1888 1763 1920 1816 et
1942 1752 2053 1838 legem
2078 1774 2191 1819 meam

192 1842 284 1920 miae,
314 1841 391 1905 dicit
413 1861 468 1904 eos
491 1840 668 1904 deliberata
688 1839 813 1903 malitia
834 1839 996 1922 respuisse
1018 1839 1159 1906 oblatam
1213 1849 1408 1922 spreverunt
1429 1841 1464 1904 in
1486 1840 1569 1922 ipsa:
1603 1838 1746 1905 sednon
1776 1847 1827 1903 est
1856 1837 2030 1921 ambiguus
2058 1859 2192 1916 senem,

192 1926 254 1991 sibi
277 1927 421 2008 requiem
445 1947 464 1990 a
486 1926 567 1990 Deo.
611 1925 790 2004 Dteeruat,
820 1924 894 1990 Noa
922 1924 1159 1991 ambulabam.
1213 1925 1300 2007 quod
1322 1926 1444 1992 scilicet
1466 1925 1518 1990 vol
1541 1925 1728 2001 abiecerint,
1758 1923 1810 1988 vel
1833 1925 2025 2005 spreverint,
2050 1925 2107 1990 vel
2129 1945 2192 2009 pro

191 2012 264 2077 Hoc
301 2012 499 2093 propositum
539 2010 634 2076 facile
674 2011 888 2089 demonstrat,
927 2012 1160 2077 contumaciter
1213 2009 1316 2075 nihilo
1339 2010 1509 2082 duxerint,
1542 2010 1679 2076 verbum
1703 2010 1763 2075 boo
1792 2009 1952 2092 siguificat
1982 2010 2126 2076 reiicere
2157 2023 2192 2075 et

191 2098 370 2180 perstitisse
393 2098 427 2160 in
450 2097 517 2161 suis
539 2096 689 2178 peccatis,
714 2097 761 2160 ita
782 2107 820 2159 ut
842 2117 907 2160 non
928 2095 1088 2177 placuerit
1109 2098 1159 2180 ip·
1212 2117 1382 2177 spernere,
1415 2097 1578 2180 significat
1609 2096 1707 2161 etiam
1741 2093 1921 2176 reprobare.
1971 2094 2048 2159 Iam
2084 2096 2192 2161 semel

191 2184 238 2248 sis
259 2183 405 2264 requies,
439 2202 521 2265 quae
553 2189 662 2246 tamen
692 2194 763 2246 erat
791 2182 852 2246 sub
882 2183 1027 2264 ipsorum
1049 2203 1158 2247 manu.
1211 2182 1273 2248 hou
1296 2204 1374 2248 usus
1396 2192 1446 2248 est
1467 2181 1634 2265 propbeta,
1657 2195 1690 2246 ct
1711 2181 1841 2263 saepius
1863 2180 1996 2259 utetur).

190 2268 299 2334 Locus
322 2268 375 2331 hic
396 2269 541 2332 continet
563 2267 678 2332 utilem
700 2266 890 2342 doctrinam,
919 2286 1035 2348 nempe
1060 2267 1158 2331 fidem

190 2373 318 2434 semper
341 2353 435 2416 nobis
456 2352 581 2416 adferre
603 2373 717 2434 paoem
738 2371 847 2416 coram
870 2350 958 2427 Deo,
992 2372 1097 2434 neque
1126 2352 1158 2416 id
1295 2351 1391 2417 Nunc
1412 2353 1573 2417 convertit
1593 2372 1774 2417 sermonem
1798 2349 1992 2433 adgentes,
2022 2370 2113 2432 quae
2138 2361 2188 2416 ta·

191 2438 296 2512 modo,
319 2447 478 2519 quatenus
500 2439 535 2500 in
557 2437 622 2501 Dei
645 2436 866 2503 misericordia
888 2437 1089 2518 acquiescere
1111 2439 1157 2503 iu·
1210 2458 1286 2502 men
1308 2437 1389 2502 nihil
1412 2457 1556 2519 unquam
1579 2436 1742 2502 audierint
1763 2435 1803 2501 de
1829 2457 1907 2500 vera
1933 2436 2070 2520 pietate.
2116 2434 2188 2502 Sed

190 2522 253 2599 bet,
276 2523 371 2587 sicuti
393 2522 518 2586 Paulus
540 2523 640 2587 etiam
663 2521 755 2590 docet
774 2522 863 2586 hunc
878 2542 948 2587 esse
963 2531 1157 2604 perpetuum
1209 2522 1289 2587 baec
1311 2524 1504 2607 apostrophe
1527 2532 1652 2606 spectat
1672 2523 1706 2586 in
1730 2542 1805 2586 eum
1827 2521 1944 2604 finem,
1978 2531 2017 2586 ut
2039 2521 2188 2588 Iudaeos

190 2609 260 2673 eius
282 2609 439 2673 fructum:
475 2607 531 2672 sed
553 2608 629 2690 quia
650 2608 746 2674 unica
768 2606 831 2671 Dei
858 2607 1007 2673 voluntas
1036 2607 1077 2673 ad
1100 2630 1156 2691 pa·
1209 2607 1328 2691 pudeat
1349 2630 1426 2673 suae
1448 2608 1612 2675 socordiae
1634 2622 1667 2673 et
1687 2605 1866 2683 surditatis,
1893 2609 1969 2689 quia
1990 2606 2068 2690 plus
2089 2629 2188 2691 repe·

189 2693 310 2758 candae
332 2703 457 2758 mentes
477 2702 606 2758 nostras
628 2694 759 2758 sufficit.
803 2690 961 2775 Quisquis
988 2713 1066 2776 ergo
1088 2713 1164 2761 am-.
1208 2694 1312 2758 riatur
1333 2694 1524 2760 attentionis
1546 2705 1579 2759 et
1600 2693 1835 2776 intelligentiae
1856 2693 1891 2755 iu
1920 2694 2070 2776 profanis
2099 2715 2185 2778 gen-

189 2779 342 2862 plectitur
380 2801 421 2842 ex
454 2780 562 2843 animo
601 2777 781 2844 doctrinam
821 2799 841 2842 a
873 2778 943 2843 Deo
983 2779 1156 2860 profectam
1209 2781 1305 2846 tibus.
1339 2780 1412 2844 Hoc
1434 2788 1522 2846 certe
1543 2779 1815 2862 fuitmagnopere
1832 2777 2030 2860 pudendum.
2065 2778 2185 2845 Iudaei

189 2865 387 2947 tranquillus
420 2875 479 2929 est.
534 2864 648 2945 Neque
681 2863 768 2929 enim
800 2863 925 2945 patitur
957 2863 1048 2929 Deus
1081 2886 1158 2931 suos
1208 2866 1337 2930 inerant
1369 2864 1572 2931 familiariter
1605 2866 1711 2931 edocti
1741 2866 1776 2928 in
1809 2863 1882 2946 lege
1919 2875 1951 2929 et
1988 2866 2184 2948 prophetis:

189 2952 358 3026 fluctuari,
392 2949 448 3013 ubi
477 2951 511 3012 in
539 2952 646 3030 ipsum
679 2947 890 3014 reuumbunt:
924 2947 981 3014 sed
1014 2950 1156 3016 ostendit
1209 2951 1299 3016 Deus
1321 2972 1416 3016 mane
1444 2966 1476 3017 et
1509 2952 1636 3034 vesperi
1669 2970 1735 3016 non
1767 2949 1913 3015 cessabat
1944 2949 2061 3015 eadm
2091 2951 2184 3033 apud

190 3044 312 3117 quanta
334 3035 377 3098 sit
398 3036 431 3098 in
454 3035 592 3099 veritate
614 3054 673 3099 sua
702 3035 848 3099 firmitas.
894 3033 1046 3114 Quodsi
1075 3036 1155 3101 illud
1207 3037 1293 3118 ipsos
1315 3048 1470 3119 repetere.
1505 3036 1601 3117 Quod
1623 3056 1701 3120 ergo
1723 3046 1845 3119 gentes,
1867 3035 1983 3118 quibus
2005 3056 2182 3119 nunquam

190 3119 249 3184 sub
273 3118 343 3201 lege
366 3127 399 3181 et
421 3118 588 3201 prophetis
610 3119 729 3197 valuit,
758 3117 1027 3201 quemadmodum
1057 3123 1155 3187 etiam
1207 3122 1389 3205 contigerat
1420 3122 1532 3187 audire
1565 3121 1772 3205 prophetam,
1805 3131 1839 3186 et
1871 3121 1987 3202 quibus
2020 3120 2078 3186 lex
2114 3144 2181 3188 non

190 3204 362 3269 citavimus
384 3225 425 3267 ex
447 3203 549 3267 Isaia:
583 3203 686 3267 multo
707 3204 811 3284 magis
833 3224 920 3268 nuno
941 3204 1002 3268 sub
1024 3204 1155 3272 Christo
1207 3207 1312 3272 luerat
1335 3206 1419 3281 data,
1440 3205 1607 3288 praeditae
1627 3218 1737 3273 essent
1757 3206 1881 3271 maiore
1902 3205 2128 3290 intelligentia
2149 3224 2183 3273 et

190 3290 333 3371 requiem
356 3288 583 3366 obtinebimus,
606 3289 633 3351 si
655 3287 862 3353 subiiciamus
880 3308 939 3352 nos
955 3288 1024 3353 eius
1040 3289 1155 3355 verbo:
1207 3290 1325 3355 iudicio
1348 3310 1447 3372 quam
1469 3290 1591 3369 ludaei,
1616 3292 1676 3359 boc
1698 3293 1762 3358 fuit
1784 3291 2018 3374 turpissimum,
2045 3303 2079 3358 et
2103 3315 2180 3376 pro·

190 3373 459 3458 quemadmodum
484 3375 581 3439 etiam
603 3373 674 3456 ipse
695 3371 869 3456 promittit,
898 3372 1015 3438 Venite
1041 3372 1082 3439 ad
1104 3396 1156 3440 me
1207 3374 1294 3457 digio
1322 3375 1435 3440 simile.
1480 3375 1594 3441 Voluit
1626 3378 1686 3444 hoo
1719 3376 1813 3443 modo
1845 3377 2004 3460 propheta
2035 3379 2180 3463 ignomi-

190 3483 305 3527 omnes
327 3463 383 3543 qui
405 3459 570 3536 laboratis,
593 3474 625 3523 et
647 3459 772 3525 onerati
801 3457 895 3538 estis,
929 3466 962 3522 et
992 3479 1052 3543 ego
1082 3461 1156 3524 refi-
1207 3460 1295 3524 niam
1319 3479 1430 3526 eorum
1453 3461 1612 3546 detegere,
1635 3483 1734 3544 quum
1757 3476 1871 3547 gentes
1892 3462 2083 3545 compellat:
2106 3465 2180 3530 Aa·

190 3548 273 3612 eiam
297 3567 370 3622 vos,
403 3557 435 3611 et
455 3545 630 3611 invenietis
652 3545 798 3627 requiem
825 3543 995 3609 animabus
1024 3546 1155 3623 vestris,
1206 3546 1268 3611 dite
1287 3551 1398 3628 pestes,
1421 3548 1535 3630 iuquit,
1557 3568 1699 3632 cognosce
1719 3547 1920 3632 congregatio.
1964 3561 2029 3629 ’νἰ,
2052 3559 2087 3616 et
2110 3564 2179 3628 mr

189 3633 305 3714 inquit.
350 3633 441 3715 Ergo
464 3631 518 3695 hic
540 3630 630 3695 locus
657 3631 746 3696 valet
773 3628 815 3695 ad
843 3629 1156 3696 commendationem
1206 3631 1260 3698 hic
1281 3644 1462 3714 ponuntur,
1495 3645 1529 3699 et
1551 3654 1736 3717 quanquam
1765 3635 1915 3699 inversae
1943 3643 2024 3699 sunt
2053 3636 2180 3717 literae,

189 3717 338 3782 coelestis
361 3716 543 3798 doctrinas,
570 3717 654 3797 quod
678 3717 801 3782 scilicet
822 3714 863 3778 ad
893 3715 1056 3796 pacandas
1078 3736 1156 3782 oon·
1206 3726 1255 3782 est
1277 3729 1387 3783 tamen
1409 3718 1519 3802 aliqua
1539 3721 1774 3802 paronomasia,
1796 3739 1879 3802 quae
1901 3721 2007 3802 gratia
2030 3742 2101 3788 non
2124 3747 2178 3791 ca·

190 3803 341 3868 scientias
364 3801 485 3875 valeat,
516 3809 554 3864 ut
575 3800 667 3866 nulla
687 3802 731 3866 sit
752 3800 948 3882 perplexitas
974 3801 1027 3865 vel
1049 3800 1155 3867 haesi·
1206 3812 1265 3867 ret.
1311 3801 1406 3884 Quod
1429 3805 1469 3869 ad
1496 3825 1626 3870 sensum
1658 3805 1813 3886 pertinet,
1845 3804 1988 3871 ostendit
2013 3811 2179 3891 propbeta

190 3888 281 3953 tatio.
326 3886 496 3967 Sequitur,
1205 3908 1240 3952 se
1261 3908 1328 3952 non
1350 3890 1493 3972 reperire
1515 3889 1688 3971 discipulos
1703 3892 1736 3955 in
1752 3890 1854 3958 electo
1868 3890 1997 3972 populo,
2018 3896 2176 3976 quoniam

1204 3973 1328 4038 similes
1337 3974 1528 4040 suntbrutis
1536 3975 1721 4057 pecudibus,
1732 3977 1783 4043 vel
1792 3976 1963 4058 lapidibus,
1972 3978 2025 4043 vel
2037 3983 2176 4060 truncis,

277 4055 327 4119 l'l.
350 4053 393 4119 Et
414 4055 558 4121 constitui
578 4074 672 4136 super
692 4074 744 4119 eos
764 4055 982 4136 speculatores,
1007 4062 1042 4121 at
1061 4062 1155 4124 attea·
1206 4057 1278 4124 ideo
1299 4061 1461 4124 convertit
1482 4081 1665 4127 sermonem
1688 4062 1729 4126 ad
1751 4074 1881 4146 gentes,
1914 4063 1991 4144 quia
2019 4063 2178 4149 desperat

190 4140 293 4207 deraret
314 4141 357 4205 ad
377 4161 486 4218 vocent,
506 4138 581 4224 (boc
603 4150 661 4218 est,
683 4138 881 4225 clangorem)
898 4140 1003 4208 tabae:
1023 4148 1051 4207 et
1072 4143 1156 4209 diee-
1207 4142 1246 4208 de
1277 4143 1386 4210 fructu
1420 4144 1537 4211 laboris
1568 4149 1618 4211 sui
1652 4147 1737 4228 apud
1770 4148 1918 4213 ludaeos.
1965 4148 2081 4217 Gentes
2104 4174 2177 4237 erpo

189 4229 273 4306 neat,
296 4226 369 4291 Non
390 4227 590 4291 aecem
1205 4229 1319 4305 audite
1341 4235 1369 4294 et
1389 4249 1528 4312 morosae
1549 4238 1649 4299 codas
1671 4232 1745 4315 (boo
1767 4234 1907 4299 refertur
1928 4232 1970 4299 ad
1991 4238 2176 4317 quemlibet

1205 4313 1374 4399 populum)
1402 4316 1478 4395 quid
1500 4318 1644 4397 suturam
1669 4319 1710 4382 sit
1736 4319 1824 4400 ipsis.
1877 4318 1944 4383 Alii
1972 4321 2174 4404 interpretes

277 4396 338 4460 Est
359 4397 532 4477 explicatio
554 4397 723 4479 proximae
745 4395 932 4476 sententiae,
957 4417 1022 4462 non
1044 4404 1155 4462 minen
1205 4400 1350 4464 referunt
1376 4401 1418 4463 ad
1446 4404 1583 4481 scelera,
1616 4413 1648 4468 et
1675 4413 1828 4487 vertunt,
1861 4402 1945 4485 Quis
1973 4407 2017 4471 sit
2038 4407 2172 4475 illorum

191 4482 346 4564 simplex:
380 4482 532 4563 quoniam
566 4481 726 4564 propheta
755 4480 968 4548 similitudine
996 4492 1155 4565 aggravat
1204 4494 1318 4560 status,
1342 4485 1405 4563 vel,
1427 4505 1524 4567 quam
1536 4490 1657 4555 atrocia
1678 4488 1799 4554 scelera
1816 4492 1902 4554 inter
1916 4491 2003 4573 ipsos
2018 4511 2173 4576 grassem

190 4568 426 4634 contumaciam
446 4567 567 4647 populi,
600 4569 743 4649 quinon
766 4575 894 4631 tantum
915 4565 1033 4631 surdus
1054 4567 1155 4633 fuerit
1205 4580 1257 4634 tur
1279 4590 1316 4634 ac
1337 4581 1484 4652 regnent.
1529 4572 1595 4638 Sed
1616 4576 1702 4640 malo
1724 4575 1845 4639 referre
1867 4574 1908 4640 ad
1929 4596 2064 4658 poenas,
2087 4590 2172 4646 tam·

190 4653 232 4718 ad
254 4651 456 4734 propheticae
478 4653 686 4729 monitiones,
715 4650 857 4717 sednon
879 4650 1046 4717 admiserit
1065 4652 1153 4718 clan-
1204 4654 1265 4718 etsi
1287 4675 1351 4719 non
1375 4658 1551 4723 contendo:
1575 4668 1624 4724 est
1646 4660 1733 4724 enim
1756 4659 1859 4725 altera
1880 4662 2040 4742 expositio
2055 4666 2172 4747 proba-

189 4758 300 4821 gorem
322 4735 427 4813 tubae,
450 4757 555 4818 neque
576 4739 674 4802 etiam
696 4734 864 4802 attendere
885 4735 1035 4802 voluerit.
1068 4737 1152 4802 Nam
1204 4737 1286 4803 bilis.
1332 4737 1397 4804 Sed
1427 4742 1558 4808 videtur
1585 4745 1744 4826 propheta
1772 4744 1825 4810 hic
1851 4759 1964 4831 gentes
1993 4768 2171 4831 accersere,

189 4823 322 4906 clangor
344 4820 440 4886 tubae
462 4821 556 4887 debet
578 4823 681 4905 magis
703 4831 874 4905 penetrare
896 4822 931 4885 in
960 4823 1084 4887 animos
1113 4823 1153 4888 ob
1204 4836 1241 4887 ut
1263 4833 1361 4889 testes
1383 4827 1449 4889 sint
1470 4830 1573 4894 iustae
1601 4830 1760 4894 vindictae
1781 4830 1860 4911 Dei,
1893 4835 1970 4913 quia
1998 4833 2171 4918 desperata

190 4908 270 4973 duas
292 4927 422 4986 causas,
455 4907 608 4988 quoniam
630 4907 767 4972 validior
788 4917 851 4987 est,
880 4928 978 4989 quam
1001 4907 1067 4970 ulla
1088 4928 1152 4972 vox
1203 4910 1246 4973 sit
1278 4908 1389 4990 populi
1422 4911 1580 4994 impietas.
1634 4914 1751 4979 Audire
1782 4937 1852 4999 erpo
1888 4937 1969 4999 quae
2007 4921 2046 4984 ira
2077 4924 2169 5004 ipsis,

191 4992 349 5058 hominis:
383 4990 499 5057 deinde
521 4992 597 5074 quia
624 5013 689 5056 non
717 4994 856 5058 solemus
886 4992 965 5056 tuba
993 4993 1152 5075 clangere,
1204 5014 1319 5075 nempe
1339 4994 1421 5073 fient.
1464 4999 1610 5064 Minatus
1639 5002 1752 5065 luisset
1781 5001 1925 5084 Iudaeis,
1956 5008 2170 5086 quemadmo-

190 5077 254 5142 nisi
276 5075 331 5141 ubi
353 5077 454 5142 instat
474 5077 654 5159 periculum
676 5076 813 5159 aliquod,
836 5086 869 5142 et
891 5090 985 5162 urget
1007 5097 1067 5141 nos
1085 5099 1152 5142 me·
1204 5079 1281 5142 dum
1303 5085 1379 5143 ante
1400 5082 1526 5159 iecerat,
1549 5096 1582 5148 et
1603 5088 1730 5167 saepius
1748 5086 1842 5151 laciet
1857 5089 2028 5171 deinceps:
2055 5115 2171 5160 verum

190 5170 244 5226 tus
271 5161 358 5227 belli.
405 5160 564 5229 Videmus
593 5182 669 5246 ergo
699 5183 758 5227 eur
794 5163 950 5244 propheta
983 5171 1151 5244 postquam
1204 5163 1264 5227 hoc
1287 5163 1355 5229 looo
1378 5168 1478 5232 voluit
1500 5171 1652 5251 probrose
1673 5169 1850 5248 ostendere,
1872 5194 1969 5256 quam
1992 5190 2107 5246 essent
2124 5182 2170 5245 in·

191 5245 356 5313 doctrinae
377 5249 532 5324 meminit,
556 5249 713 5333 adiungat
733 5248 824 5313 tabae
845 5248 1031 5330 euroeam:
1060 5250 1153 5329 quasi
1204 5247 1331 5331 dociles,
1354 5253 1506 5332 quoniam
1528 5266 1638 5337 sperat
1652 5277 1781 5339 operam
1798 5279 1891 5323 suam
1906 5263 2010 5345 magis
2027 5266 2173 5333 fluctuo-
