4784 5970
126 363 165 427 41
1002 363 1150 432 CAPUT
1172 363 1266 430 XLI.
2085 365 2128 431 42

128 552 275 616 referunt
302 551 341 614 ad
372 571 509 636 regnum
538 551 699 635 Aegypti,
733 549 819 616 unde
850 551 965 618 Iudaei
996 553 1101 618 educti
1153 555 1358 618 fluctuamus.
1410 551 1505 632 Quod
1545 552 1573 617 si
1607 560 1730 619 stemus
1763 552 1869 616 innixi
1901 550 1978 619 huic
2010 542 2135 618 funda-⁹

127 647 216 703 sunt.
272 636 402 702 Scimus
434 639 522 701 enim
560 647 681 720 quanta
721 638 820 702 suerit
859 637 949 703 illius
988 639 1102 723 populi
1153 651 1272 715 mento,
1297 638 1396 703 nullis
1420 647 1477 703 aut
1499 639 1663 704 aerumnis
1675 646 1733 702 aut
1747 637 1994 721 tempestatibus
2011 638 2126 705 obrue·

129 723 247 808 gloria,
279 733 312 786 et
334 736 492 805 quantum
516 744 551 788 se
572 723 725 804 opinione
748 723 929 803 doctrinae,
959 726 1101 807 antiqui·
1153 745 1237 790 mur.
1282 725 1351 789 Nec
1373 734 1480 789 tamen
1503 723 1659 807 intelligit
1680 724 1838 806 propbeta
1866 723 1979 788 fideles
2010 725 2056 788 ita
2077 726 2127 789 in·

127 810 222 885 tatis,
257 808 451 887 nobilitatis,
478 809 641 890 variisque
674 808 832 873 eiusmodi
866 809 995 875 dotibus
1029 811 1101 875 aliis
1154 810 1297 893 trepidos
1321 814 1408 873 stare
1432 821 1467 874 ut
1494 810 1602 874 omnis
1624 829 1758 891 prorsus
1788 809 1916 874 timoris
1938 808 2032 875 vacui
2060 812 2127 876 sint

127 892 330 977 praetulerit.
375 895 448 977 Ego
480 914 556 959 vero
585 895 681 958 aliter
710 896 925 976 interpretor:
951 916 1027 959 nam
1051 918 1100 961 re·
1152 905 1186 961 et
1208 897 1384 959 immunes:
1413 894 1469 960 sed
1498 894 1648 978 quamvis
1678 895 1844 979 agitentur
1871 895 1904 958 in
1935 895 2062 972 animo,
2093 905 2126 961 et

129 981 197 1044 fero
230 978 271 1044 ad
306 979 493 1044 alentionem
531 978 658 1063 populi,
695 982 750 1062 qni
782 1001 800 1045 e
829 981 934 1045 medio
961 981 1099 1047 aliarum
1153 982 1251 1045 variis
1283 979 1386 1045 modis
1415 981 1456 1046 ad
1486 980 1700 1045 diffidentiam
1730 980 1961 1058 sollicitentur,
1989 1002 2029 1046 ca
2050 1002 2126 1046 con·

128 1066 297 1130 nationum
321 1066 417 1148 longe
440 1066 712 1148 praestantiorum
731 1066 851 1130 electus
871 1079 929 1131 est.
963 1068 1100 1151 rigitur
1153 1067 1275 1132 stantia
1309 1065 1461 1133 reluctari
1495 1076 1531 1130 ut
1571 1067 1753 1148 superiores
1793 1065 1942 1132 evadant.
1997 1065 2126 1132 Natura

127 1151 250 1234 accipio
272 1171 330 1233 pro
354 1149 422 1230 Ab,
450 1150 500 1215 vel
525 1151 623 1215 Prae:
654 1158 691 1215 ut
720 1151 764 1215 sit
790 1154 986 1234 comparatio
1013 1157 1100 1217 inter
1153 1153 1240 1217 enim
1264 1151 1368 1216 timidi
1387 1164 1419 1216 et
1437 1150 1620 1216 diffidentia
1633 1151 1720 1234 pleni
1739 1172 1862 1230 sumus,
1884 1150 1941 1216 sed
1958 1153 2124 1235 corrigen-

127 1235 266 1301 Indaeos
299 1248 332 1301 et
364 1236 446 1301 alias
479 1238 635 1301 nationes.
686 1235 970 1316 Quemadmodum
1000 1239 1099 1303 etiam
1153 1237 1230 1302 dnm
1259 1237 1414 1302 eiusmodi
1439 1238 1558 1302 vitium
1587 1237 1649 1303 hac
1678 1237 1886 1320 cogitatione:
1910 1236 2002 1302 Deus
2031 1236 2124 1302 nobis

127 1322 238 1387 Moses
256 1320 369 1406 (Deut.
388 1322 416 1400 t,
435 1322 462 1386 t.
480 1320 513 1406 8)
533 1321 684 1399 ostendit,
708 1343 773 1387 non
796 1322 868 1387 ideo
891 1324 1010 1389 electos
1029 1345 1100 1389 csse
1153 1323 1259 1400 adest,
1289 1332 1322 1388 et
1350 1343 1461 1388 curam
1493 1331 1624 1387 nostrae
1654 1322 1769 1386 salutis
1799 1322 1906 1387 babet.
1952 1335 2061 1414 't’rtltlt
2080 1336 2124 1417 ἢκ

127 1407 215 1491 ipsos
246 1407 333 1491 qnod
363 1408 474 1491 plures
501 1414 558 1472 eut
584 1409 838 1489 praestantiores
866 1409 938 1473 aliis
972 1409 1100 1491 populis
1153 1409 1207 1473 alii
1231 1410 1265 1473 in
1289 1409 1464 1490 praeterito
1486 1414 1640 1473 vertunt:
1669 1427 1730 1492 ego
1752 1408 1787 1471 in
1811 1408 1935 1485 futuro,
1963 1407 2124 1473 adiuvabo

128 1503 252 1557 essent:
275 1497 349 1574 quia
370 1494 467 1576 longe
489 1494 656 1575 panciores
679 1505 788 1558 erant:
812 1493 867 1559 sed
892 1496 968 1576 quia
986 1496 1099 1560 Domi·
1153 1505 1194 1559 te.
1218 1507 1262 1584 qt<
1286 1496 1483 1577 interpretor
1496 1493 1627 1559 Adbuc:
1647 1503 1683 1558 nt
1700 1514 1796 1576 saepe
1814 1492 1893 1558 elias
1911 1493 2014 1576 accipi
2032 1493 2123 1558 solet.

130 1600 192 1643 nns
215 1578 330 1643 dilexit
352 1600 417 1659 eos,
439 1592 472 1643 et
495 1579 721 1644 iusiurandum
744 1600 875 1644 servare
893 1579 996 1645 voluit
1014 1581 1099 1663 qnod
1153 1579 1349 1663 Quanquam
1367 1600 1432 1644 non
1450 1578 1533 1644 male
1548 1579 1702 1645 convenit
1717 1580 1845 1644 Etiam:
1868 1579 2004 1661 ideoque
2022 1578 2124 1645 libera

127 1664 295 1728 iuraverat
331 1666 480 1747 patribus
515 1666 669 1747 ipsorum.
719 1664 822 1744 Item,
859 1665 933 1729 Non
969 1677 1101 1750 propter
1152 1668 1196 1730 sit
1223 1667 1310 1749 optio
1341 1664 1523 1730 lectoribus.
1569 1664 1606 1731 Si
1636 1667 1847 1748 praeteritum
1875 1665 1966 1728 verbi
1995 1674 2124 1746 tempus

128 1750 287 1813 iustitiam
318 1759 423 1830 tuam,
457 1762 514 1815 aut
543 1751 769 1815 mutitudinem
798 1751 904 1815 cordis
932 1752 979 1816 tui
1008 1754 1100 1816 venis
1153 1752 1287 1834 placeat,
1310 1750 1502 1816 tantundem
1524 1750 1646 1815 valebit
1668 1772 1705 1816 ao
1724 1749 1811 1830 Quin
1836 1751 1942 1827 etiam,
1964 1748 2017 1815 vel
2040 1749 2122 1815 lmo.

127 1834 292 1917 possidere
324 1847 442 1900 terram
472 1835 584 1919 (Dent.
608 1836 637 1915 9,
660 1836 703 1922 5).
756 1836 866 1916 Quum
896 1857 974 1921 ergo
1003 1837 1101 1921 longe
1152 1837 1455 1902 Iustitiaenomine
1484 1838 1646 1917 scriptura
1674 1855 1738 1900 nou
1768 1841 1898 1900 tantum
1927 1837 2124 1899 acuitatem

128 1920 298 1984 inferiores
335 1934 443 1986 essent
476 1921 548 1986 aliis
582 1923 725 2003 populis,
763 1921 974 1988 nibilominus
1005 1925 1099 1988 electi
1152 1921 1415 2006 comprehendit,
1456 1922 1511 1985 sed
1545 1920 1641 1986 fidem
1674 1942 1801 2003 quoque
1834 1941 1930 2003 qnam
1998 1923 2124 1987 ominus

126 2019 214 2070 sunt.
251 2005 346 2071 Unde
370 2007 561 2090 magnitudo
578 2009 698 2072 amoris
724 2004 785 2071 Dei
806 2009 1017 2089 perspicitur:
1041 2029 1101 2075 nec
1152 2013 1297 2091 praestat
1319 2008 1353 2071 in
1381 2008 1613 2073 conservandis
1641 2008 1717 2071 suis.
1762 2005 1817 2072 Sic
1846 2008 1931 2071 enim
1963 2006 2124 2090 specimen

128 2091 302 2173 quidquam
326 2112 397 2156 esse
419 2113 477 2156 cur
500 2102 547 2155 tot
570 2094 735 2176 tantisque
765 2092 930 2158 beneficiis
961 2096 1100 2176 acceptis
1152 2094 1220 2158 edit
1239 2093 1384 2158 iustitiae
1406 2115 1492 2167 snae,
1516 2113 1614 2175 quum
1634 2092 1790 2156 adversus
1808 2091 1981 2174 impiorum
2002 2090 2125 2157 machi·

129 2188 196 2240 tam
219 2176 363 2243 benefico
385 2179 470 2261 patri
492 2178 710 2260 inposterum
735 2177 895 2244 diffidant.
938 2179 1099 2264 Adiungit
1153 2179 1301 2243 nationes
1334 2191 1366 2242 et
1402 2180 1509 2242 varios
1539 2177 1681 2243 insultus
1714 2178 1853 2242 fideliter
1893 2198 1970 2242 snos
2003 2184 2124 2242 tuetur.

128 2271 297 2343 praetcrea
320 2263 417 2329 huius
439 2264 564 2347 gratiae
588 2266 807 2329 testimonium
842 2265 875 2328 in
906 2265 978 2349 lege
1001 2267 1099 2331 fnisse
1154 2265 1243 2348 Ergo
1267 2264 1423 2329 deuterum
1443 2264 1586 2329 iustitiae
1609 2262 1764 2346 appellat,
1794 2283 1857 2344 qua
1885 2285 1920 2328 se
1941 2262 2069 2327 fidelem
2093 2277 2126 2327 et

128 2347 240 2411 datum
258 2348 391 2430 populo:
413 2351 504 2432 qnasi
522 2349 652 2428 diceret,
674 2372 736 2415 non
753 2352 852 2415 fuisse
868 2350 1100 2432 absconditam,
1152 2350 1276 2415 iustum
1298 2372 1367 2417 esse
1390 2349 1513 2432 prodit:
1536 2348 1623 2414 unde
1644 2348 1825 2432 colligenda
1843 2358 1893 2413 est
1910 2349 2031 2413 eximia
2052 2368 2126 2412 cou-

127 2433 183 2496 sed
207 2436 313 2514 potius
335 2437 557 2518 consignatam
581 2437 717 2517 publicis
740 2435 866 2509 tabulis,
890 2458 988 2518 quum
1008 2437 1100 2502 Deus
1152 2436 1276 2500 solatio.
1322 2436 1405 2499 Nam
1440 2438 1467 2500 si
1501 2456 1612 2500 servos
1644 2455 1720 2499 suos
1754 2436 1837 2499 tneri
1880 2444 1912 2498 et
1952 2434 2125 2499 defendere

127 2519 199 2600 lege
233 2518 308 2583 data
341 2521 453 2586 l'oedus
486 2542 580 2586 snum
615 2523 747 2604 pepigit.
800 2522 867 2585 Nec
901 2524 985 2585 enim
1020 2544 1100 2604 quos
1125 2490 1129 2587 i
1153 2523 1267 2586 statuit
1295 2520 1472 2598 Dominus,
1504 2520 1583 2585 nihil
1615 2520 1708 2584 nobis
1737 2519 1918 2583 verendum
1949 2529 2012 2584 est:
2049 2520 2126 2602 quis

129 2602 221 2668 Dens
243 2605 305 2670 sibi
328 2608 359 2669 in
390 2607 548 2689 populum
571 2618 790 2688 assumpserat
821 2607 923 2670 voluit
950 2607 1014 2673 hnc
1043 2619 1101 2672 aut
1125 2600 1128 2667 l
1154 2607 1244 2671 Deus
1267 2608 1428 2688 seipsum
1451 2605 1613 2689 abnegare
1636 2625 1695 2670 nec
1717 2606 1873 2669 iustitiam
1892 2624 1986 2669 snam
2006 2626 2125 2669 exuere

127 2688 204 2753 illuc
226 2693 355 2772 vagari,
383 2690 439 2755 sed
469 2693 683 2774 promissione
705 2692 819 2757 salutis
850 2692 909 2756 sibi
941 2694 1098 2759 devinxit.
1153 2701 1267 2773 potest.

128 2773 224 2854 Quod
247 2783 410 2856 postremo
434 2776 596 2858 sequitur,
621 2778 693 2840 Non
717 2777 886 2859 repudiavi
911 2790 958 2859 te,
987 2799 1098 2862 supcr-
1240 2779 1287 2839 11.
1311 2776 1404 2860 (Eece
1424 2774 1605 2860 pudefient.)
1649 2776 1714 2840 Hic
1743 2775 1901 2859 propheta
1933 2776 2123 2839 nominatim

128 2880 321 2938 vacaneum,
351 2863 415 2926 imo
445 2862 672 2943 intempestive
696 2865 834 2943 positum
860 2862 1004 2940 videtur,
1036 2864 1098 2929 nisi
1152 2862 1314 2945 promittit
1337 2861 1466 2926 Iudaeis
1497 2862 1656 2925 auxilium
1686 2861 1843 2928 adversus
1875 2860 1994 2926 hostes.
2039 2860 2123 2924 Nam

129 2945 209 3010 haec
239 2946 389 3027 loquendi
427 2947 531 3011 forma
559 2946 719 3012 Hebraeis
758 2948 877 3013 usitata
907 2960 1009 3012 esset:
1046 2951 1098 3014 cui
1153 2949 1180 3011 si
1203 2947 1393 3029 simpliciter
1420 2949 1557 3011 salntem
1588 2947 1810 3030 promitteret,
1841 2947 1930 3010 nulla
1960 2948 2124 3013 mentione

128 3031 226 3095 etism
258 3032 344 3096 inest
375 3054 438 3096 non
470 3055 585 3116 parum
615 3032 777 3115 ponderis.
822 3034 989 3116 Exprimit
1011 3036 1097 3099 enim
1152 3033 1237 3098 facta
1259 3033 1299 3097 de
1323 3032 1487 3109 hostibus,
1515 3033 1625 3096 variae
1648 3033 1862 3116 cogitationes
1892 3054 1929 3097 ac
1952 3031 2124 3114 perplexae

127 3117 343 3181 constentiam
367 3118 552 3194 electionis,
582 3140 619 3184 ao
648 3121 674 3184 si
699 3119 836 3185 diceret:
867 3119 1043 3202 Postquam
1067 3134 1098 3184 te
1153 3120 1269 3183 animis
1302 3139 1413 3183 eorum
1451 3118 1606 3201 obrepere
1646 3128 1807 3200 poterant.
1861 3119 1954 3183 Deus
1992 3117 2124 3198 quidem

127 3202 225 3267 semel
244 3203 404 3286 adoptavi,
428 3225 492 3269 non
512 3205 638 3270 deserui
663 3217 704 3288 te,
728 3227 787 3269 nec
805 3205 946 3279 destitui,
970 3208 1099 3270 tametsi
1151 3205 1314 3287 promittit
1342 3226 1401 3268 nos
1434 3205 1503 3268 iore
1537 3203 1659 3267 salvos:
1692 3202 1749 3267 sed
1778 3205 1901 3268 interea
1933 3202 2125 3285 praevalent

127 3289 236 3351 variae
259 3288 341 3352 mibi
362 3292 546 3355 occasiones
569 3291 758 3373 repudiandi
788 3293 833 3354 tni
862 3290 989 3355 oblatae
1012 3306 1096 3356 sunt.
1153 3291 1331 3355 adversarii
1350 3291 1467 3369 nostri,
1485 3287 2124 3372 nosqueindignissimeetcrndelissime

127 3374 235 3437 'Penta
264 3376 352 3438 enim
384 3376 491 3440 inerat
512 3375 706 3440 Indaeorum
734 3376 947 3459 ingratitudo,
978 3390 1014 3440 ut
1044 3400 1098 3443 eos
1152 3385 1312 3440 tractant:
1334 3374 1388 3441 ubi
1412 3374 1492 3439 haec
1515 3375 1611 3452 salus,
1634 3395 1717 3457 quae
1740 3388 1806 3439 tam
1829 3374 1921 3458 large
1943 3386 1976 3438 et
1998 3372 2123 3456 prolixe

127 3460 244 3523 merito
265 3461 397 3525 relicere
420 3471 540 3543 posset,
562 3463 624 3527 nisi
643 3464 718 3544 qnia
736 3473 884 3527 constare
905 3462 966 3527 sibi
985 3463 1097 3529 voluit.
1152 3462 1310 3542 promissa
1332 3460 1404 3525 est?
1426 3460 1478 3524 Ad
1499 3459 1684 3544 generalem
1704 3481 1780 3543 ergo
1799 3461 2042 3541 promissionem
2066 3458 2123 3522 ad-

127 3543 223 3624 Quod
247 3554 354 3609 autem
378 3546 417 3610 de
440 3547 479 3611 iis
503 3544 623 3612 dicitur
651 3546 692 3611 ad
714 3567 773 3612 nos
796 3566 924 3630 qnoque
948 3549 1097 3629 pertinet.
1151 3545 1239 3610 ditur
1272 3548 1370 3610 etism
1405 3546 1484 3610 baec
1517 3547 1775 3610 circumstantia:
1816 3545 1947 3610 tametsi
1985 3545 2124 3608 floreant

125 3630 209 3693 Nam
240 3645 396 3713 perpetua
424 3641 474 3696 est
500 3631 558 3696 illa
581 3631 675 3695 Pauli
705 3633 882 3697 sententia:
914 3632 1011 3697 Dona
1032 3632 1097 3698 Dei
1151 3630 1269 3707 hostes,
1293 3645 1401 3696 tamen
1425 3632 1546 3715 pudore
1577 3641 1609 3694 et
1638 3630 1818 3713 ignominia
1847 3631 1979 3694 tandem
2007 3629 2123 3695 suffusi

126 3714 248 3797 absque
278 3718 479 3797 poenitentia
507 3738 578 3782 esse
601 3715 708 3803 (Rom.
734 3718 783 3793 11,
807 3716 871 3801 29).
917 3718 990 3782 Etsi
1021 3739 1097 3783 vero
1150 3717 1362 3782 retrocedant.
1398 3717 1471 3782 Hac
1494 3737 1571 3799 ergo
1593 3716 1776 3779 conditione
1799 3715 2003 3799 promittitur
2025 3715 2122 3796 salus,

126 3801 301 3864 maximam
335 3813 460 3883 partem
495 3813 628 3886 propter
660 3803 884 3869 infidelitatem
918 3802 1097 3885 abscindat,
1151 3811 1187 3866 ut
1220 3803 1344 3868 interea
1378 3801 1562 3867 sustinendi
1596 3801 1721 3878 hostes,
1760 3802 1916 3883 variaque
1943 3802 2122 3866 certamina

128 3885 288 3967 reliquum
314 3899 422 3951 tamen
446 3889 522 3954 facit
545 3888 673 3972 aliquod
696 3909 804 3953 semen
828 3889 1031 3971 adoptionis,
1061 3901 1098 3954 ut
1149 3909 1223 3952 cnm
1247 3888 1325 3970 ipsis
1348 3887 1517 3952 subeunda
1546 3888 1628 3963 sint,
1656 3907 1698 3951 ne
1728 3886 1998 3971 tranquillitatem
2029 3886 2121 3951 nobis

126 3970 159 4034 in
182 3970 321 4036 surculis
341 3973 671 4053 quibusdamvocatic
692 3983 886 4057 perseveret.
919 3975 987 4040 Neo
1009 3974 1096 4039 enim
1149 3982 1320 4038 externam
1351 3975 1595 4056 promittamus,
1624 3973 1776 4054 quoniam
1805 3972 1934 4038 assidue
1962 3970 2056 4037 nobis
2085 3973 2120 4034 in

127 4059 288 4136 pravitate
321 4056 490 4122 hominum
523 4060 637 4126 electio
670 4058 733 4124 Dei
774 4060 943 4124 immutari
982 4068 1096 4141 potest.
1149 4060 1235 4124 bello
1258 4060 1456 4124 versandum
1480 4072 1538 4124 est.

128 4141 242 4224 Itaque
269 4144 515 4210 meminerimus
545 4167 605 4212 nos
636 4145 696 4211 hac
724 4145 908 4210 conditione
937 4145 1097 4211 electosa
1236 4145 1286 4210 12.
1324 4142 1576 4230 (Quaererem.)
1619 4143 1658 4208 ld
1687 4155 1754 4223 est,
1790 4143 1826 4209 si
1862 4163 2007 4224 quaeras.
2051 4142 2121 4207 Nec

126 4226 197 4293 Deo
220 4248 299 4304 esse,
322 4240 358 4294 ut
381 4251 629 4311 permaneamus
651 4233 685 4294 in
708 4233 777 4295 eius
799 4230 938 4305 familia,
967 4233 1097 4296 tametsi
1149 4231 1236 4295 enim
1255 4241 1456 4313 quaeruntur
1474 4230 1594 4308 hostes,
1617 4231 1671 4294 ubi
1694 4229 1958 4313 pmfligatisunt.
1996 4227 2120 4308 Quam·

125 4333 292 4394 possemus
314 4315 430 4379 merito
452 4314 602 4381 abdicari.
1149 4317 1258 4381 obrem
1283 4316 1344 4380 hoc
1365 4316 1510 4380 futurum
1534 4336 1593 4398 per
1621 4314 1864 4380 subiunctivnm
1890 4313 2120 4379 resolvendum

212 4400 261 4464 10.
296 4398 359 4484 (Ne
387 4400 521 4486 timeas.)
564 4400 673 4481 Quum
708 4403 854 4483 superior
884 4401 1030 4466 doctrine
1059 4423 1096 4466 eo
1149 4412 1236 4484 puto,
1259 4401 1298 4467 si
1320 4422 1466 4484 quaeras,
1489 4421 1556 4464 non
1578 4400 1741 4465 invenies:
1771 4401 1924 4483 qnoniam
1953 4400 2047 4465 deleti
2070 4410 2119 4463 at·

126 4487 280 4566 spectarit
302 4493 340 4550 nt
362 4487 501 4569 populus
531 4488 565 4550 in
588 4487 660 4551 Dec
685 4487 902 4566 recumberet,
931 4486 1096 4552 concludit
1149 4508 1212 4570 que
1242 4489 1276 4551 in
1307 4487 1448 4552 nihilum
1477 4487 1601 4552 redacti
1630 4497 1733 4550 erunt.
1785 4486 1849 4551 Hic
1879 4486 2118 4551 observandum

125 4570 284 4651 propbeta
316 4592 357 4634 ex
389 4581 438 4635 tot
471 4571 635 4637 benefieiis
674 4572 791 4655 quibus
824 4593 967 4639 amorem
1000 4593 1094 4640 suum
1148 4585 1196 4638 est
1220 4572 1340 4656 duplex
1362 4572 1468 4637 notari
1487 4573 1627 4636 hostium
1651 4592 1771 4654 genus:
1795 4592 1907 4647 unum,
1931 4591 2041 4635 eornm
2064 4570 2119 4652 qui

124 4655 280 4738 patefecit
296 4655 467 4735 Dominus,
490 4657 610 4739 populo
628 4658 906 4724 extimescendum
925 4680 991 4723 non
1014 4679 1093 4724 esse.
1148 4668 1262 4740 aperta
1283 4661 1314 4722 vi
1334 4680 1392 4723 nos
1407 4657 1615 4723 adoriuntur:
1640 4657 1788 4734 alterum,
1812 4677 1924 4722 eornm
1940 4657 1993 4737 qni
2010 4656 2119 4720 verbis

124 4741 170 4805 Et
188 4740 330 4806 notanda
348 4742 522 4827 diligenter
540 4744 623 4808 ratio
635 4765 731 4827 quam
744 4743 930 4829 subiungit:
947 4745 1097 4826 quoniam
1148 4745 1317 4810 nobiscum
1346 4751 1465 4827 egunt,
1500 4743 1532 4807 id
1562 4751 1626 4821 est,
1659 4742 1843 4819 calumniis,
1873 4741 2053 4807 maledictis
2086 4748 2119 4806 et

124 4847 176 4910 ego
197 4831 293 4890 meum
315 4846 394 4891 eam
432 4829 506 4893 Hoc
521 4831 607 4894 enim
623 4828 763 4894 solidum
780 4838 830 4893 est
844 4828 1095 4894 fundamentum
1147 4830 1353 4895 contumeliis
1366 4851 1426 4894 nos
1437 4828 1668 4910 proscindunt:
1692 4848 1730 4893 ac
1739 4828 1843 4892 veluti
1856 4828 1976 4892 iustam
1988 4847 2119 4892 oausam

126 4911 271 4977 fiduciae.
316 4911 412 4994 Quod
442 4915 467 4978 si
492 4915 609 4980 animis
633 4917 753 4979 nostris
776 4915 914 4980 infixum
938 4917 1016 4994 erit,
1039 4915 1091 4979 fir·
1148 4925 1332 4992 tuerentur,
1371 4915 1477 4980 varias
1516 4915 1591 4978 lites
1629 4914 1723 4979 nobis
1761 4914 1952 4991 intendunt,
1996 4933 2118 4996 nosque

125 4998 188 5061 mis
206 5007 302 5080 atque
318 4999 449 5064 invictis
461 5001 617 5066 adversus
628 5003 733 5066 omnis
752 5001 880 5084 generis
898 5001 1095 5065 tentationes
1147 4999 1265 5066 indicio
1283 5006 1476 5084 provocant:
1497 5021 1535 5067 ac
1552 5021 1648 5084 saepe
1659 5020 1770 5065 eorum
1782 5001 1953 5066 criminum
1965 5016 2119 5065 accusant

125 5083 301 5148 consistere
335 5084 454 5150 licebit.
510 5084 602 5152 Sicut
639 5086 695 5151 ubi
729 5088 952 5152 existimamus
987 5087 1094 5150 Deum
1148 5107 1285 5167 qnorum
1319 5086 1381 5168 ipsi
1417 5094 1545 5151 autores
1585 5087 1727 5151 fuerunt.
1779 5085 1901 5150 Verum
1942 5084 2004 5151 hae
2042 5098 2119 5152 sunt

125 5167 246 5245 abesse,
269 5169 524 5236 entdubitamus
546 5191 587 5236 an
610 5173 703 5237 nobis
725 5174 838 5237 adesse
857 5172 944 5250 velit,
967 5180 1095 5254 pertur-
1149 5170 1290 5238 Satanae
1321 5180 1423 5249 artes,
1455 5173 1507 5237 cni
1540 5193 1640 5254 quum
1670 5171 1837 5234 ministros
1867 5191 1901 5234 se
1931 5173 2116 5257 praebcant,

126 5256 241 5320 bamur
263 5264 361 5332 metu,
385 5267 417 5321 et
439 5258 525 5322 inter
544 5259 663 5323 multas
681 5260 877 5343 agitationes
896 5258 1095 5323 diffidentiae
1148 5258 1235 5322 haud
1259 5277 1337 5323 sane
1359 5259 1479 5322 mirum
1501 5267 1550 5322 est
1571 5260 1656 5339 ipsos
1678 5256 1845 5321 dominum
1868 5267 1901 5321 et
1923 5260 2116 5343 magistrum
