4784 5970
197 354 261 421 209
1041 351 1191 417 CAPUT
1214 347 1344 414 XLIX.
2121 353 2189 421 210

197 541 281 607 ullos
309 541 381 605 fore
408 561 448 605 ex
477 540 628 623 gentibus
662 541 717 623 qui
745 542 929 609 societatem
964 540 1049 605 hanc
1077 537 1163 607 ultro
1215 537 1270 620 qui
1292 545 1325 602 et
1346 535 1490 602 moribus
1512 542 1545 600 et
1564 533 1678 619 lingua
1701 533 1904 617 differebant,
1926 536 2011 607 filios
2032 540 2186 607 ecclesiae

197 624 410 710 appeterent?
442 623 571 691 Deinde
604 626 740 691 minime
768 626 922 695 credibile
951 636 1038 706 eret,
1070 643 1164 706 poseo
1215 619 1405 699 adduceret,
1438 621 1496 704 qui
1524 619 1588 686 fide
1616 622 1703 685 inter
1729 641 1778 701 se,
1810 631 1846 686 ut
1868 623 1987 689 fratres
2015 623 2051 689 in
2073 626 2187 693 matris

197 711 366 777 hominum
387 711 518 796 ingenia
540 721 674 795 repente
694 712 742 779 sic
758 713 887 790 mutari,
909 722 946 778 ut
963 731 998 776 ee
1015 709 1164 793 religioni
1215 708 1338 786 sinum,
1368 707 1590 773 convenirent.
1634 705 1703 787 Qui
1731 727 1849 773 manus
1878 717 1911 773 et
1939 709 2054 775 vexilli
2081 711 2189 795 figura

197 817 295 879 quam
327 795 503 862 abominati
536 796 667 862 fueraut
699 798 896 865 addicerent
952 794 1047 862 Adde
1077 794 1164 878 quod
1215 792 1490 877 praedicationem
1534 791 1696 877 evangelii
1739 792 1965 859 tantummodo
2007 795 2188 879 significari

196 882 387 964 interposita
416 883 555 947 maceria
582 893 712 948 exteros
736 905 848 950 omnes
870 890 904 950 et
923 881 1165 948 incircumcisos
1214 887 1346 962 putant,
1378 887 1412 943 et
1446 889 1599 961 separant
1632 878 1787 943 virtutem
1823 879 1975 961 spiritus,
2011 881 2186 948 falluntur:

197 967 237 1032 ab
259 967 409 1051 ingressu
432 966 569 1032 arcebat.
614 969 741 1033 Verum
770 990 870 1036 nnam
897 968 1038 1034 maxime
1066 967 1165 1032 ratio·
1216 984 1290 1028 nam
1312 973 1488 1046 utrumque
1516 963 1673 1047 coniungi
1700 961 1805 1029 debet.
1849 963 1918 1030 Neo
1940 965 2029 1030 enim
2051 968 2189 1050 spiritus

199 1074 274 1117 nem
307 1052 461 1136 exprimit
494 1062 606 1118 tantae
638 1052 876 1121 admirationis:
913 1074 1045 1136 nempe,
1077 1051 1163 1135 quod
1214 1049 1359 1116 efficacia
1387 1069 1407 1113 a
1436 1049 1676 1131 praedicatione
1707 1049 1871 1133 evangelii
1903 1051 2088 1133 separanda
2121 1064 2188 1119 est:

196 1137 286 1220 prius
308 1138 416 1204 nullos
439 1150 567 1220 pareret
587 1138 716 1219 liberos,
740 1150 836 1224 atque
857 1140 990 1208 omnino
1008 1138 1164 1203 destituta
1215 1134 1488 1217 quemadmodum
1521 1134 1687 1217 praeclare
1719 1134 1861 1200 ostendit
1890 1135 2013 1202 Paulus
2045 1136 2089 1222 (2.
2112 1137 2188 1204 Gor.

196 1232 292 1289 esset.
346 1223 503 1290 (lassabat
534 1225 621 1288 enim
654 1225 818 1309 doctrina,
855 1248 939 1310 quae
971 1244 1083 1289 semen
1114 1231 1164 1288 est
1215 1221 1246 1300 3,
1264 1218 1307 1305 6).
1341 1221 1395 1286 Ad
1413 1219 1499 1286 hanc
1521 1221 1621 1305 igitur
1638 1219 1702 1287 Dei
1724 1240 1867 1296 manum,
1889 1221 1931 1286 ad
1950 1221 2010 1287 hoc
2028 1222 2187 1289 vexillum

196 1309 373 1392 spiritualis
405 1309 510 1392 vitae,
550 1330 613 1392 quo
646 1309 739 1377 liberi
766 1313 929 1380 :ecclesiae
965 1311 1163 1395 gignuntur:
1215 1306 1309 1372 nobis
1329 1304 1581 1389 confugiendum
1598 1314 1662 1372 est:
1684 1326 1784 1388 quum
1806 1327 1994 1389 oppressam
2012 1309 2188 1391 impiorum

196 1393 306 1459 cultus
323 1396 419 1459 etiam
438 1395 552 1478 legalis
570 1397 776 1463 intermissus
794 1407 876 1464 erat:
901 1397 1039 1479 denique
1057 1394 1165 1460 ablata
1188 1422 1191 1527 1
1216 1392 1391 1475 tyrannide
1413 1392 1581 1458 ecclesiam
1604 1392 1777 1457 cernimus.
1809 1392 1954 1458 hamoni
1972 1394 2059 1459 enim
2077 1394 2190 1460 omnia

196 1490 291 1544 eraut
323 1499 531 1563 quaecunque
556 1481 752 1547 incolumem
781 1492 903 1550 statum
932 1481 1018 1547 tueri
1047 1478 1162 1545 solent.
1215 1477 1393 1542 moliantur
1422 1490 1460 1542 ut
1484 1497 1555 1542 eam
1585 1476 1731 1557 funditus
1763 1487 1927 1553 evertant,
1960 1480 2109 1561 superior
2137 1485 2189 1546 eet

196 1563 252 1630 Sic
274 1573 384 1629 autem
406 1577 540 1630 vocatur
562 1564 707 1645 ecclesia,
730 1590 796 1634 non
819 1569 905 1653 quod
927 1566 1164 1634 destituatura
1216 1563 1279 1628 Dei
1316 1583 1450 1642 manus,
1490 1563 1584 1646 eique
1622 1564 1744 1630 frustra
1783 1562 1932 1629 homines
1970 1565 2188 1631 reluctantur.

198 1650 277 1729 Deo,
298 1649 355 1714 sed
373 1649 459 1731 quod
476 1671 542 1716 uon
560 1672 689 1736 semper
706 1663 861 1737 appetent
882 1655 953 1720 eius
972 1651 1163 1735 praesentia.
1216 1648 1363 1714 Tandem
1392 1668 1504 1713 eorum
1527 1649 1741 1731 pervicaciam
1763 1647 1908 1714 domabit
1930 1654 1963 1713 et
1984 1650 2187 1734 comprimet,

194 1735 306 1799 Huius
327 1735 507 1800 sterilitatis
529 1737 705 1820 imaginem
728 1741 790 1822 ipsi
808 1741 960 1819 vidimus,
982 1758 1082 1820 quum
1096 1735 1163 1801 Do·
1216 1744 1253 1798 ιιι
1274 1734 1409 1799 ecelesia
1436 1744 1558 1799 statum
1585 1734 1728 1816 aliquem
1751 1733 1804 1799 vel
1826 1734 1866 1799 iis
1888 1735 2002 1800 invitis
2032 1735 2188 1805 obtineat.

197 1821 304 1886 minus
332 1820 603 1903 ingratitudinem
637 1822 808 1890 hominum
841 1826 999 1891 ulciscens
1029 1821 1164 1888 sustulit
1215 1818 1312 1900 Quod
1336 1820 1419 1884 filios
1440 1819 1594 1885 ecclcsiae
1615 1821 1703 1884 inter
1725 1819 1819 1885 ulnas
1836 1821 1921 1885 etin
1939 1820 2086 1888 humeris
2107 1821 2188 1888 alla-

196 1906 377 1972 doctrinam
410 1927 518 1984 suem,
552 1927 670 1990 eosque
698 1909 734 1973 in
764 1910 907 1977 tenebris
937 1929 1046 1976 errare
1074 1908 1162 1972 sivit.
1216 1915 1285 1969 tum
1315 1905 1355 1968 iri
1384 1905 1560 1987 promittit,
1594 1904 1815 1987 metaphorica
1847 1913 1897 1971 est
1927 1905 2087 1989 loquutio‚
2121 1923 2189 1990 qua

195 1991 289 2055 Tunc
311 2012 387 2056 vere
406 1992 486 2058 orba
507 2000 541 2057 et
562 1993 683 2058 sterilis
706 1995 769 2060 dici
792 2004 929 2078 poterat,
957 2015 1057 2077 quum
1081 1991 1163 2057 nulli
1215 1990 1378 2075 significat
1400 1990 1484 2055 nihil
1506 1990 1575 2055 fore
1597 1992 1719 2074 negotii
1742 1989 1824 2070 Deo,
1851 1989 1908 2057 ubi
1928 1991 2098 2058 ecclesiam
2120 1993 2189 2060 col·

195 2078 264 2141 eius
287 2076 381 2141 liberi
402 2086 607 2162 apparerent.
636 2079 731 2144 Unde
749 2081 966 2164 colligendum
984 2090 1043 2159 est,
1066 2098 1163 2160 quam
1188 2088 1191 2170 f
1215 2077 1317 2159 ligere
1338 2097 1380 2141 ex
1402 2074 1602 2158 dispersione
1626 2076 1727 2141 volet:
1757 2076 1833 2158 quia
1854 2084 1969 2160 gentes
1994 2098 2107 2144 omnes
2129 2078 2189 2144 ad·

196 2162 288 2226 stulti
323 2163 389 2227 sint
426 2165 571 2247 papistae
606 2167 661 2246 qui
698 2165 745 2231 sic
777 2167 946 2233 ecclesiam
982 2185 1112 2247 semper
1144 2184 1164 2228 a
1215 2162 1348 2229 intrices
1369 2172 1474 2227 eruut.
1518 2162 1592 2226 Etsi
1614 2172 1724 2227 autem
1753 2162 1814 2227 hoc
1835 2162 1941 2244 primo
1970 2161 2042 2229 loco
2064 2162 2105 2229 ad
2129 2186 2186 2229 ex-

196 2248 329 2313 Ohristo
357 2249 428 2330 regi
450 2249 578 2329 volunt,
610 2259 648 2313 ιιι
669 2271 837 2334 nunquam
866 2253 943 2317 orba
965 2243 1023 2316 aut
1044 2248 1163 2315 sterilis
1215 2247 1303 2312 eules
1325 2256 1358 2311 et
1379 2246 1543 2329 dispersos
1564 2247 1703 2313 Iudaeos
1732 2247 1887 2312 refertur:
1918 2247 2053 2313 minime
2076 2258 2188 2315 umen

195 2353 265 2398 esee
298 2335 417 2415 possit:
454 2354 553 2416 quum
587 2334 752 2402 Dominus
786 2338 862 2402 licet
897 2336 1064 2405 ecclesiam
1097 2355 1163 2400 non
1216 2332 1350 2397 dubium
1372 2333 1485 2397 estad
1507 2353 1621 2398 omues
1643 2333 1707 2399 Dei
1735 2332 1854 2399 eleetos
1882 2333 2030 2413 extendi,
2064 2336 2121 2418 qui
2152 2334 2190 2400 iu

196 2418 360 2496 destituat,
388 2419 483 2502 signa
505 2431 615 2485 tamen
637 2425 839 2502 praesentiae
860 2444 938 2488 snae
960 2428 1091 2505 propter
1112 2421 1163 2484 iu·
1216 2430 1336 2484 sortem
1359 2416 1503 2483 eiusdem
1525 2419 1650 2500 gratiae
1671 2419 1765 2485 asciti
1787 2429 1875 2484 sunt.

194 2503 429 2588 gratitudinem
452 2505 621 2571 hominum
645 2527 877 2589 saepenumero
898 2507 1066 2573 subducat.
1301 2503 1353 2568 23.
1384 2501 1442 2588 (Et
1463 2508 1554 2568 ινα-ιιι
1574 2505 1684 2586 repes.)
1729 2503 1840 2584 Quum
1861 2503 2016 2586 loquutus
2038 2515 2124 2571 esset
2146 2506 2187 2570 de

281 2587 377 2673 (Quis
400 2610 470 2673 erpo
493 2591 571 2655 ictos
592 2591 772 2679 educociff)
809 2592 954 2658 Difficile
975 2602 1025 2657 est
1046 2592 1085 2656 iis
1107 2590 1163 2674 qui
1215 2588 1369 2671 obsequio
1402 2590 1566 2670 gentium,
1600 2588 1744 2654 ostendit
1776 2589 1837 2653 hoc
1870 2609 1936 2653 non
1970 2589 2011 2654 ad
2045 2591 2187 2673 plebeios

195 2676 228 2737 in
252 2675 402 2738 exsilium
433 2675 594 2758 migrant,
628 2696 665 2741 ac
692 2677 829 2743 subinde
859 2678 963 2743 locum
994 2686 1027 2741 et
1053 2675 1163 2741 eedem
1216 2683 1356 2752 tantum,
1379 2673 1435 2737 sed
1457 2673 1496 2737 ad
1520 2694 1613 2756 reges
1635 2694 1762 2756 quoque
1785 2674 1957 2756 pertinere.
1997 2676 2107 2759 Reges
2129 2695 2188 2740 au·

196 2768 341 2838 mutant,
369 2758 506 2824 educare
534 2760 670 2826 liberos:
701 2772 734 2826 et
761 2783 861 2844 quum
889 2763 943 2826 lex
973 2775 1005 2825 et
1032 2761 1163 2843 pietatis
1217 2769 1282 2824 tem
1312 2767 1479 2840 comparat
1506 2759 1712 2825 conductitiis
1745 2758 1943 2839 homiuibus,
1977 2760 2034 2841 qui
2064 2761 2188 2827 alienos

197 2845 343 2908 doctrine
360 2865 426 2908 non
445 2856 613 2910 resonaret
630 2847 771 2928 amplius
786 2848 820 2911 in
836 2847 966 2930 templo,
985 2845 1164 2928 spiritualis
1216 2843 1337 2909 liberos
1366 2844 1474 2908 alunt:
1509 2849 1542 2908 et
1570 2846 1702 2928 reginas
1732 2844 1912 2910 nutricibus
1944 2864 2028 2927 quae
2056 2866 2187 2929 operam

195 2928 348 2993 alimonia
370 2929 605 3012 quodammodo
627 2931 797 2999 colmere:
839 2930 903 2998 Sed
926 2932 1086 2996 Dominus
1108 2932 1163 3013 qui
1216 2949 1308 2994 suam
1336 2929 1453 2995 locant.
1497 2928 1565 2994 Dur
1587 2929 1654 2994 ita?
1689 2930 1842 3011 quoniam
1873 2952 1966 3014 reges
1995 2951 2032 2998 ac
2053 2933 2188 3016 reginae

197 3017 347 3079 humanis
374 3014 582 3081 adminiculis
610 3037 677 3080 non
706 3026 795 3100 eget,
826 3016 1084 3083 extraordinaria
1111 3037 1162 3081 ra·
1216 3015 1325 3080 omnia
1346 3015 1527 3081 necessaria
1545 3016 1586 3080 ad
1604 3014 1752 3081 alendam
1775 3015 1929 3082 ecclesiae
1951 3017 2093 3083 sobolem
2114 3019 2189 3084 sub

195 3102 292 3179 tionc,
325 3106 422 3184 atque
450 3100 631 3167 incredibili
664 3103 798 3184 spiritus
828 3104 879 3168 sui
909 3104 1029 3167 virtute
1058 3101 1165 3187 gignit
1216 3099 1460 3165 ministrabunt.
1491 3100 1577 3165 Nam
1599 3122 1702 3184 quum
1725 3110 1820 3167 antea
1838 3101 2006 3168 Christum
2028 3124 2047 3168 e
2068 3102 2189 3169 finibus

195 3186 312 3249 liberos
335 3207 419 3262 suos,
450 3199 545 3269 atque
569 3186 684 3252 educat
707 3186 761 3252 nbi
784 3189 830 3253 ita
852 3189 957 3254 visum
980 3197 1043 3253 est:
1073 3201 1106 3252 et
1127 3187 1162 3251 in
1216 3186 1286 3251 suis
1318 3186 1485 3261 elicerent,
1518 3205 1593 3251 eum
1627 3186 1778 3270 deinceps
1810 3196 1988 3272 agnoscent
2019 3208 2188 3255 summum

195 3270 256 3334 hoc
294 3273 446 3336 vaticinio
485 3272 677 3355 complendo
716 3274 867 3339 nutritios
906 3282 1035 3356 praeter
1073 3294 1163 3356 spem
1217 3292 1338 3355 regem,
1361 3292 1553 3353 omnemque
1574 3272 1637 3355 ipsi
1660 3274 1825 3351 honorem,
1849 3274 2039 3357 obsequium
2062 3285 2095 3340 et
2116 3275 2188 3340 cul·

195 3359 339 3420 omnium
373 3357 528 3422 excitavit
558 3357 667 3435 Deus,
701 3368 738 3422 ut
769 3382 835 3423 non
869 3361 927 3424 abs
960 3380 995 3424 re
1027 3358 1164 3423 miretur
1217 3366 1285 3421 tum
1309 3355 1516 3422 exhibebunt.
1561 3358 1634 3424 Hoc
1656 3359 1772 3423 accidit
1801 3380 1899 3440 quum
1924 3360 2013 3424 Deus
2036 3380 2107 3426 sese
2129 3379 2189 3441 per

194 3441 329 3506 ccclesia
361 3442 520 3525 quomodo
554 3442 764 3508 adoleverint.
821 3444 932 3526 Quum
966 3445 1052 3509 hanc
1088 3463 1162 3526 prc-
1217 3442 1423 3526 evangelium
1451 3440 1521 3506 orbi
1550 3452 1712 3509 terrerum
1742 3445 1902 3528 patefecit.
1952 3445 2067 3528 Magni
2098 3447 2187 3510 enim

194 3526 339 3607 phebiam
367 3528 515 3611 legimus,
545 3549 718 3593 monemur
739 3550 805 3594 non
827 3539 976 3612 oportere
999 3550 1056 3594 nos
1078 3530 1164 3595 ultra
1217 3548 1311 3610 reges
1337 3549 1375 3593 ac
1396 3527 1557 3610 principes
1586 3549 1652 3592 nou
1681 3528 1785 3594 solum
1810 3529 1934 3594 Christi
1964 3531 2079 3679 iugum
2109 3529 2187 3595 sub-

196 3611 325 3676 mcdum
350 3614 489 3691 turbari,
520 3615 547 3677 si
570 3615 698 3696 quando
721 3615 887 3680 ecclesiam
911 3614 1006 3679 orbae
1036 3616 1164 3680 mulieri
1217 3614 1341 3694 ierunt,
1372 3613 1429 3677 sed
1459 3614 1555 3677 etiam
1590 3615 1759 3679 facultates
1792 3635 1869 3680 suas
1902 3624 2113 3680 contuerunt
2145 3614 2186 3680 ad

196 3697 335 3761 similem
358 3699 542 3764 videamus:
574 3721 632 3764 nec
651 3699 884 3786 diffidendum,
913 3700 991 3783 quin
1014 3701 1164 3783 protinus
1217 3698 1405 3782 erigendam
1428 3706 1460 3762 et
1482 3695 1653 3762 fovendam
1675 3699 1799 3765 Christi
1820 3699 2005 3766 ecclesiam:
2028 3701 2073 3765 ita
2093 3711 2132 3766 nt
2151 3721 2187 3766 se

197 3782 250 3845 vel
282 3803 347 3846 uno
382 3794 544 3848 momento
581 3785 662 3869 erigi
699 3794 794 3867 etque
831 3786 1007 3851 instaurari
1043 3787 1164 3869 possit:
1217 3795 1374 3866 patronos
1395 3803 1432 3847 ac
1455 3789 1580 3847 tutores
1608 3785 1678 3847 eius
1701 3795 1912 3866 praestarent.
1957 3785 2055 3852 Unde
2076 3786 2187 3853 obser·

198 3869 327 3932 tametsi
360 3868 449 3933 nulla
486 3870 555 3934 eius
591 3871 823 3937 instaurandae
860 3872 942 3937 ratio
979 3872 1072 3936 nobis
1108 3892 1164 3953 ap·
1218 3869 1361 3934 vandum
1390 3878 1453 3946 est,
1483 3869 1647 3951 singulare
1676 3870 1829 3952 quiddam
1859 3871 1911 3937 hic
1941 3891 1960 3934 a
1987 3871 2188 3955 principibus

197 3964 319 4034 pareat.
1217 3955 1339 4036 requiri
1355 3963 1485 4036 praeter
1501 3954 1668 4037 vulgarem
1683 3954 1759 4020 fidei
1773 3956 2017 4037 professionem:
2036 3959 2189 4041 quoniam

282 4039 334 4102 22.
357 4038 425 4124 (Sic
445 4039 521 4104 dicit
536 4039 721 4190 Domiaucss
756 4041 936 4108 Confirmat
953 4040 1058 4107 Isaiae
1080 4041 1164 4124 quod
1217 4041 1374 4104 autoritas
1404 4050 1437 4103 et
1459 4040 1604 4120 potentia
1633 4039 1673 4105 iis
1699 4061 1718 4104 a
1741 4040 1884 4106 Domino
1916 4042 2041 4108 tributa
2070 4055 2120 4110 eet
2150 4055 2188 4108 ut-

198 4145 302 4206 nuper
335 4125 480 4190 dixerat:
521 4146 652 4208 nempe,
722 4129 867 4192 ominum
900 4128 1093 4192 effecturum
1127 4138 1165 4191 ut
1217 4125 1386 4190 ecclesiam
1408 4135 1572 4204 tueantur,
1594 4135 1627 4189 et
1649 4126 1784 4208 gloriam
1808 4127 1872 4191 Dei
1895 4136 2078 4210 procurent.
2113 4129 2187 4195 Hoc

196 4210 342 4289 ecclesia,
373 4211 522 4294 quamvis
545 4211 725 4277 diutissime
748 4213 868 4278 sterilis
889 4223 921 4276 et
941 4212 1020 4277 orba
1042 4214 1164 4291 fuisset,
1217 4210 1346 4293 quidem
1370 4211 1511 4292 pertinet
1531 4210 1572 4274 ed
1591 4211 1774 4277 universos:
1797 4211 1975 4298 codrogos,
1996 4234 2060 4297 quo
2082 4215 2189 4280 maior

198 4295 389 4362 immensam
420 4297 555 4362 haberet
579 4296 732 4373 sobolem,
762 4308 794 4363 et
815 4298 1065 4363 foecunditatem
1095 4299 1165 4379 ipsa
1217 4316 1329 4359 eorum
1356 4306 1404 4360 eet
1431 4296 1589 4378 potentia,
1620 4316 1657 4361 eo
1685 4299 1788 4381 magis
1815 4319 1886 4364 sese
1916 4300 2121 4384 impendere,
2154 4311 2189 4364 et

198 4402 290 4444 snam
319 4382 472 4447 admirari
502 4392 689 4467 cogeretur:
723 4383 820 4465 idque
848 4394 885 4448 ut
913 4403 1042 4448 omnem
1071 4382 1163 4447 dubi·
1217 4381 1394 4446 studiosius
1416 4381 1448 4445 id
1471 4401 1585 4446 curare
1608 4382 1735 4446 debent.
1779 4383 1887 4465 Atque
1914 4384 1994 4450 haec
2022 4386 2107 4451 ratio
2137 4395 2187 4451 est

198 4466 355 4530 tationem
379 4467 480 4542 tollat,
502 4489 583 4551 qnae
601 4469 719 4533 animis
737 4489 847 4533 eorum
870 4468 1024 4552 obrepere
1046 4470 1165 4551 potuis·
1217 4487 1275 4532 cur
1289 4465 1400 4532 David
1422 4487 1478 4532 eos
1501 4469 1692 4532 nominatim
1715 4470 1895 4553 compellet,
1919 4479 2015 4553 atque
2036 4470 2188 4536 adhorte-

198 4560 256 4615 set.
301 4551 496 4617 Pronuntiat
525 4564 634 4619 sutem
660 4575 725 4619 nou
748 4563 874 4618 tantum
898 4575 938 4619 ex
960 4554 1099 4632 Iudaeis,
1129 4564 1165 4620 ut
1217 4562 1271 4617 tur
1293 4562 1329 4617 ut
1350 4553 1480 4634 sapiant
1501 4552 1705 4636 Dominoque
1736 4556 1882 4620 serviant
1905 4563 1939 4621 et
1959 4556 2063 4621 filium
2093 4577 2187 4623 oscu-

197 4644 310 4715 antea,
343 4637 518 4703 sedetiam
548 4661 590 4704 ex
617 4640 771 4723 gentibus
799 4639 916 4704 liberos
949 4640 1102 4705 ecclesiae
1129 4662 1165 4705 se
1216 4639 1325 4703 lentur
1354 4637 1628 4724 (Psalm.2,10).
1672 4638 1762 4705 Hine
1792 4652 1927 4724 apparet
1952 4662 2049 4725 quam
2070 4642 2187 4707 insana

198 4723 360 4788 daturum.
404 4722 511 4804 Atque
540 4725 667 4790 interea
692 4725 776 4790 hanc
797 4729 1040 4810 generationem
1069 4726 1164 4808 spiri·
1217 4726 1283 4789 sint
1311 4743 1420 4788 eorum
1452 4722 1566 4788 deliria
1594 4724 1650 4807 qui
1673 4744 1766 4808 reges
1793 4727 1989 4793 christianos
2020 4747 2091 4793 esse
2120 4747 2186 4792 non

198 4806 575 4873 tualemforeinsinuat
604 4811 824 4894 pergratiam
853 4810 1043 4894 adoptionis.
1088 4811 1164 4876 Huc
1216 4830 1310 4893 posse
1332 4809 1506 4885 affirmant,
1529 4809 1592 4873 nisi
1607 4831 1642 4875 se
1657 4830 1695 4875 eo
1710 4832 1845 4878 munere
1865 4812 2057 4879 abdicarint.
2094 4812 2187 4879 Haec

197 4895 284 4957 enim
312 4893 455 4976 pertinet
486 4895 664 4961 similitudo
691 4896 820 4977 vexilli,
853 4904 890 4960 ut
919 4897 962 4979 pii
993 4906 1165 4980 sperarent
1217 4895 1304 4960 enim
1337 4893 1397 4959 sub
1427 4894 1559 4961 Christo
1592 4895 1725 4977 impleta
1758 4907 1852 4979 sunt,
1887 4918 1988 4981 quum
2021 4897 2187 4983 evangelii

196 4999 316 5044 novam
338 4980 509 5063 geniturae
530 4981 684 5062 speciem,
712 4990 744 5046 et
766 4980 806 5048 ab
828 5002 866 5046 ea
888 4983 1051 5048 diversam
1079 5002 1164 5065 quae
1217 4980 1457 5064 praedicatione
1475 5001 1567 5064 reges
1582 4982 1623 5046 ad
1638 4981 1745 5046 Deum
1762 4984 1912 5049 conversi
1930 4983 2185 5050 illustrissimum

196 5067 230 5128 in
256 5074 392 5131 naturae
421 5065 535 5130 ordine
564 5067 767 5150 perspicitur.
812 5067 969 5150 Oportuit
997 5089 1074 5152 ergo
1096 5068 1163 5134 Do-
1216 5066 1306 5132 huuc
1328 5065 1498 5149 diguitatis
1518 5066 1657 5150 gradum
1678 5066 1787 5151 adepti
1809 5079 1895 5146 sunt,
1918 5088 1982 5151 qno
2004 5069 2112 5135 omnis
2133 5090 2188 5169 ge·

196 5151 320 5217 minum
343 5151 490 5217 attollere
511 5150 653 5237 signum,
675 5165 707 5218 et
726 5173 878 5219 arcanam
896 5154 1053 5219 virtutem
1071 5173 1163 5219 suam
1218 5151 1305 5218 neris
1324 5151 1467 5216 dominia
1483 5160 1517 5216 et
1535 5153 1737 5236 principatus
1755 5165 1962 5237 superantur,
1981 5161 2018 5220 ιιι
2032 5155 2188 5222 eccleerae

197 5256 255 5318 per
275 5238 483 5321 evangelium
506 5257 664 5317 exserere,
691 5245 728 5304 ut
749 5260 791 5305 ex
813 5248 879 5305 tam
902 5239 1003 5305 variis
1026 5238 1163 5324 populis,
1217 5236 1346 5304 nutritii
1363 5256 1401 5301 ac
1418 5245 1544 5304 tutores
1563 5248 1681 5307 essent.
1713 5240 1869 5322 Papistae
1890 5261 1958 5305 non
1975 5240 2071 5307 aliter
2092 5261 2188 5327 reges

304 5337 413 5394 cateias
429 5355 521 5408 opera.
553 5340 609 5395 ror.
628 5338 789 5397 xxxam.
1948 5342 1982 5396 14
