4784 5970
187 362 252 428 283
1066 355 1116 422 IN
1138 354 1306 424 lsalau
2122 350 2187 418 284

188 561 225 615 ut
247 549 302 633 qui
325 555 458 631 turgent
479 547 631 629 superbia
654 555 712 610 aut
735 545 815 610 falsa
837 544 1046 628 persuasione
1063 543 1157 610 iusti·
1211 544 1322 609 seueri
1352 549 1499 627 possunt.
1545 545 1728 610 Pascuntur
1757 542 1844 609 enim
1867 545 1980 622 vento,
2009 543 2050 607 nt
2078 540 2187 624 inquit

188 636 253 701 tiae
276 654 362 711 suae,
386 633 437 697 vel
460 632 567 697 carnis
589 630 750 697 illecebris
773 653 838 696 non
856 652 948 696 secus
967 649 1005 696 ae
1024 640 1158 695 veterno
1211 629 1336 695 Hoseas
1359 629 1424 714 (12,
1448 629 1491 716 2).
1525 631 1686 695 Poterunt
1703 628 1834 713 quidem
1856 627 1920 694 sibi
1942 626 2048 692 rideri
2069 628 2185 704 saturi,

188 732 266 787 suut
288 719 444 802 occupati,
467 718 605 801 gratiam
622 717 685 782 Dei
707 728 900 783 aversentur
919 716 970 780 vel
993 726 1157 798 respuant.
1211 735 1312 797 quum
1334 737 1421 780 vana
1441 717 1561 782 fidncia
1579 713 1769 800 turgebant,
1790 713 1850 781 sed
1867 711 2142 797 quemadmodum
2163 712 2186 777 ii

188 806 269 872 Sitis
292 826 386 889 ergo,
420 805 542 882 idest,
574 803 691 867 ardens
714 804 748 866 in
773 803 864 869 nobis
888 801 1085 867 desiderium
1107 822 1158 865 re·
1211 802 1265 884 qui
1288 811 1385 866 vento
1405 801 1524 866 tumidi
1543 822 1607 866 non
1627 802 1773 867 sentiunt
1790 799 1932 865 inediam
1956 818 2071 865 suam:
2094 799 2187 880 atqui

187 892 346 974 quiritur,
379 898 416 954 ut
438 898 603 954 tantorum
628 889 857 954 beneficiorum
886 888 1060 970 participes
1088 908 1159 953 esee
1211 896 1393 971 praestaret
1414 908 1470 952 eos
1498 889 1608 970 urgeri
1636 887 1721 952 fame
1751 896 1783 952 et
1814 887 1878 963 siti,
1907 905 1992 968 quae
2019 883 2063 949 ad
2091 885 2185 949 invo-

187 977 362 1060 possimus.
1211 973 1352 1038 candum
1375 974 1459 1038 serie
1478 974 1655 1037 Dominum
1677 972 1836 1038 incitaret.
1877 969 1981 1037 Sicuti
1999 971 2035 1035 iu
2053 969 2187 1036 Psalmo

274 1060 414 1146 (Absque
428 1060 589 1146 pecunia.)
641 1059 716 1123 Non
746 1059 901 1143 intelligit
931 1078 1003 1124 esse
1033 1056 1159 1140 aliquos
1211 1057 1298 1144 (143,
1317 1058 1350 1144 6)
1369 1058 1503 1124 dicitur:
1525 1059 1648 1123 Anima
1669 1079 1740 1123 mea
1758 1059 1843 1123 sicut
1859 1065 1948 1122 terra
1964 1055 2058 1121 arida
2074 1076 2186 1122 coram

188 1149 243 1232 qui
266 1148 402 1232 pecunia
424 1145 599 1222 abundent,
630 1144 687 1209 sed
710 1147 755 1209 ita
778 1143 1026 1211 resolvendum:
1060 1143 1159 1207 Tam·
1212 1158 1255 1209 te.
1299 1145 1368 1209 Neo
1390 1165 1467 1210 vero
1488 1144 1576 1210 solus
1598 1145 1691 1227 panis
1713 1156 1771 1208 aut
1796 1143 1865 1209 sola
1885 1163 1970 1226 aqua
1990 1142 2033 1207 ad
2054 1142 2186 1207 satiata

189 1234 250 1301 etsi
274 1233 367 1317 egeni
389 1232 471 1311 sint,
504 1243 537 1295 et
559 1252 688 1295 summa
717 1231 863 1296 laborent
890 1230 1016 1312 inopia,
1049 1242 1158 1293 tamen
1212 1241 1278 1294 tem
1301 1231 1475 1309 sufficeret,
1504 1251 1564 1295 nec
1593 1230 1696 1294 altero
1729 1250 1842 1294 eorum
1863 1229 1932 1294 vita
1957 1228 2187 1293 sustineretur.

189 1320 315 1384 aditum
337 1319 384 1383 eis
414 1329 527 1402 patere
557 1317 597 1381 ad
621 1315 806 1395 Christum,
839 1338 897 1398 per
929 1336 1022 1398 quem
1057 1315 1160 1395 gretie
1213 1316 1391 1398 Propterea
1418 1316 1518 1381 variis
1548 1315 1732 1379 nominibus
1764 1336 1842 1381 usus
1869 1325 1919 1380 est
1947 1314 2124 1397 propbeta,
2152 1328 2188 1378 ut

188 1405 269 1470 haec
291 1405 447 1469 beneficia
470 1413 685 1485 praestentur.
731 1400 797 1468 Sed
819 1402 933 1484 qualis,
962 1399 1050 1466 dicet
1071 1401 1160 1482 quie·
1212 1400 1364 1466 ostendat
1392 1402 1501 1466 omnia
1533 1421 1617 1483 quae
1647 1399 1687 1464 ad
1717 1401 1818 1465 vitam
1846 1401 2029 1465 necessaria
2059 1410 2139 1465 sunt
2168 1420 2187 1464 a

188 1491 286 1575 piam,
310 1490 431 1572 emptio
454 1488 574 1571 absque
597 1489 701 1570 pretio
721 1490 831 1552 futura
849 1485 922 1552 est?
955 1486 1159 1569 Respondeo,
1213 1486 1356 1552 Domino
1389 1486 1517 1552 abunde
1549 1486 1766 1568 suppeditari:
1803 1508 1844 1550 ne
1876 1484 2008 1551 aliunde
2040 1484 2188 1551 subsidia

188 1576 347 1659 impropie
375 1574 572 1656 emptionem
607 1574 713 1639 vocari
746 1573 906 1637 rationem
939 1592 1004 1654 qua
1037 1571 1160 1653 aliquid
1214 1573 1307 1639 nobis
1329 1572 1515 1655 quaerenda
1534 1593 1606 1637 esse
1626 1572 1861 1636 existimemus.
1901 1570 2088 1651 (laetarum,
2112 1572 2188 1654 quia

189 1681 426 1744 comparamus.
468 1660 512 1724 Et
535 1672 609 1726 unul
634 1659 685 1724 hic
704 1679 762 1741 pro
781 1678 969 1741 comparare
988 1658 1158 1740 accipitur:
1213 1679 1273 1723 suo
1296 1660 1432 1741 quisque
1454 1658 1589 1723 consilio
1612 1657 1756 1722 trahitur
1785 1657 1819 1721 iu
1850 1677 2004 1741 errorem,
2035 1666 2070 1723 et
2097 1677 2188 1739 prae·

189 1751 331 1830 pretium
355 1755 464 1810 autem
488 1767 545 1826 pro
568 1744 678 1809 labore
713 1753 770 1808 aut
798 1742 980 1819 industria,
1012 1756 1068 1807 aut
1097 1741 1162 1806 alia
1214 1745 1310 1808 terito
1334 1745 1403 1808 Deo
1426 1755 1626 1808 evanescunt
1657 1762 1770 1809 omnes
1799 1744 1834 1806 in
1863 1744 2027 1827 perversis
2060 1742 2188 1820 studiis,

189 1833 245 1897 via
267 1854 332 1915 qua
353 1831 502 1895 homines
526 1829 649 1913 aliquid
672 1829 909 1913 adipiscuntur.
953 1828 1022 1893 Nos
1052 1839 1161 1892 autem
1213 1829 1267 1894 hic
1301 1830 1481 1894 remedium
1514 1829 1644 1894 subiicit
1677 1827 1848 1911 propheta:
1884 1849 2016 1910 nempe,
2057 1839 2096 1892 ut
2129 1830 2188 1892 toti

189 1919 302 2001 inopes
326 1939 362 1981 ac
385 1917 516 1998 penitus
546 1936 663 1981 vacuos
693 1937 764 1982 esse
794 1914 952 1979 ostendit:
986 1935 1045 1980 nec
1068 1913 1160 1996 quid·
1214 1916 1414 1999 pendeamus
1447 1914 1487 1979 ab
1522 1935 1577 1978 ore
1611 1914 1684 1979 Dei.
1736 1913 1894 1997 Quisquis
1927 1915 2014 1979 enim
2049 1934 2084 1979 se
2118 1914 2188 1979 eius

192 2026 289 2087 quam
313 2003 432 2067 habere
462 2022 525 2084 quo
556 2002 716 2086 possimus
739 2002 846 2066 Deum
877 2000 1070 2084 promereri:
1104 1998 1161 2064 sed
1216 2001 1314 2065 verbo
1336 2001 1494 2076 subiiciet,
1518 1999 1698 2065 verendum
1721 2020 1786 2064 uon
1810 2001 1873 2065 erit
1895 2021 1935 2065 ne
1957 2001 1991 2064 in
2014 2000 2115 2065 rebus
2138 2000 2187 2063 ni·

189 2089 330 2172 benigne
353 2088 505 2166 invitari,
539 2098 576 2153 ut
598 2088 700 2171 gratis
723 2086 833 2151 omnia
855 2086 1014 2170 largiatur
1040 2084 1162 2167 absque
1216 2087 1275 2151 hili
1297 2107 1430 2170 operam
1448 2106 1540 2152 suam
1559 2094 1736 2150 consumat.
1778 2086 1981 2169 Perspicitur
2002 2095 2114 2151 autem
2136 2084 2189 2150 hic

192 2176 260 2240 ulla
282 2174 555 2255 compensatione.
1215 2173 1297 2237 mira
1321 2172 1445 2237 bonitas
1468 2172 1530 2236 Dei
1552 2172 1690 2254 gratiam
1713 2192 1815 2250 suam,
1839 2171 1970 2236 tametsi
1993 2173 2135 2255 ingratis
2156 2179 2189 2235 et

276 2261 306 2326 2.
330 2260 451 2342 (Quare
471 2259 669 2344 rependitis.)
703 2257 922 2339 Conqueritur
938 2256 977 2321 de
992 2255 1163 2321 hominum
1215 2257 1360 2341 indignis
1382 2256 1576 2335 hominibus,
1607 2257 1784 2323 offerentis.
1829 2256 1896 2323 Sed
1926 2257 2080 2341 adiungit
2110 2276 2187 2323 con·

190 2346 426 2429 ingratitudine
459 2359 491 2408 et
521 2344 695 2425 dementia,
727 2343 812 2425 quod
842 2342 908 2406 Dei
937 2342 1024 2406 ultro
1053 2343 1164 2405 omnia
1217 2344 1383 2407 ditionem:
1409 2365 1468 2409 neo
1490 2344 1578 2407 enim
1601 2344 1697 2407 aliter
1715 2343 1755 2406 ad
1775 2343 1875 2408 vitam
1898 2345 2067 2427 ingressus
2087 2352 2189 2425 patet,

190 2433 359 2498 offerentis
389 2431 632 2495 beneficentiam
656 2441 812 2512 respuant
834 2428 886 2492 vel
909 2425 1092 2493 fastidiant:
1115 2438 1162 2489 at·
1216 2431 1365 2512 quamsi
1394 2430 1502 2512 ipsum
1530 2428 1709 2493 audiamus.
1753 2431 1863 2511 Atque
1893 2438 1930 2493 ut
1959 2429 2055 2494 exitii
2084 2429 2188 2494 nostri

191 2540 253 2600 que
276 2517 408 2581 iuterim
431 2537 501 2580 sese
524 2515 663 2579 multum
691 2526 862 2597 torqueant
884 2513 920 2577 in
942 2513 1044 2578 variis
1066 2513 1165 2595 nugis
1217 2537 1314 2581 causa
1337 2530 1385 2578 est
1408 2514 1494 2597 quod
1526 2514 1788 2580 obsurdescimus
1814 2513 2015 2579 adverbum
2040 2515 2115 2594 Dei,
2144 2515 2190 2578 ita

191 2625 274 2687 quae
306 2602 433 2667 nullum
468 2602 548 2684 ipsis
581 2602 725 2665 fructum
759 2601 876 2664 afferre
910 2603 1055 2682 possunt.
1109 2599 1164 2664 Sic
1218 2602 1324 2665 aditus
1347 2600 1388 2664 ad
1411 2601 1512 2664 vitam
1536 2612 1633 2683 patet,
1667 2602 1694 2664 si
1724 2620 1819 2666 aures
1841 2602 1869 2665 ei
1899 2598 2188 2665 accommodemus.

191 2690 277 2756 enim
308 2687 455 2753 fascinati
487 2697 564 2751 sunt
590 2708 610 2750 a
639 2685 766 2750 diabolo
796 2686 959 2763 homines,
989 2696 1027 2749 ut
1055 2704 1164 2748 errare
1217 2686 1365 2752 Eandem
1385 2695 1493 2751 autem
1513 2686 1722 2751 monitionem
1745 2687 1871 2768 repetit,
1895 2706 1958 2768 quo
1976 2687 2081 2769 magis
2104 2706 2190 2751 com·

190 2798 249 2859 per
282 2774 420 2850 deserta,
454 2781 487 2837 et
519 2773 641 2838 frustra
674 2791 709 2837 se
742 2774 829 2854 ipsos
861 2771 1006 2837 cruciare
1038 2770 1163 2847 malint,
1218 2780 1360 2850 moveat,
1401 2779 1499 2855 atque
1539 2772 1625 2836 idem
1658 2773 1795 2837 verbum
1828 2773 2025 2855 ingeminat,
2068 2772 2190 2836 Audite

192 2882 288 2943 quam
319 2861 353 2923 in
382 2858 490 2923 oblatu
524 2859 586 2922 Dei
616 2857 724 2941 gratia
752 2857 928 2940 quiescere.
973 2856 1062 2921 Satis
1086 2876 1164 2920 vero
1218 2856 1389 2923 audiendo.
1442 2859 1486 2922 Ει
1519 2878 1581 2940 quo
1612 2879 1670 2922 nos
1699 2858 1848 2922 blandius
1879 2857 2014 2934 alliciat,
2051 2866 2190 2922 testatur

191 2946 291 3011 huius
308 2945 428 3009 saeculi
447 2944 647 3024 experientia
665 2942 756 3007 docet
777 2944 967 3025 prophetam
987 2963 1049 3006 non
1069 2939 1165 3006 modo
1219 2966 1283 3009 non
1306 2945 1370 3009 nisi
1392 2965 1449 3026 per
1472 2965 1531 3007 noe
1554 2955 1641 3009 stare
1664 2945 1834 3026 quominus
1857 2943 1898 3008 ad
1926 2944 2113 3008 satietatem
2137 2964 2190 3007 us·

192 3030 415 3113 expostulasse
437 3051 510 3092 cum
534 3039 631 3110 gente
654 3050 721 3109 sua,
745 3028 853 3092 sedin
872 3047 984 3091 omnes
1006 3025 1164 3104 homines,
1219 3052 1280 3113 que
1303 3031 1393 3093 omni
1416 3031 1575 3094 bonorum
1598 3031 1691 3111 copia
1714 3051 1770 3095 nos
1793 3029 1941 3094 oblectet.

193 3118 412 3196 cuiuscunque
436 3114 556 3177 saeculi
579 3114 711 3190 fuerint,
732 3113 897 3177 invectum
919 3132 1001 3177 esse.
1041 3110 1166 3176 Omnes
1303 3116 1333 3178 3.
1359 3114 1526 3198 (Irrclirtute
1547 3116 1680 3200 aurem.)
1713 3114 1843 3180 Clarius
1865 3137 1908 3179 ex
1931 3115 1992 3179 hac
2014 3113 2190 3179 verborum

193 3202 281 3267 enim
308 3200 430 3283 posteri
453 3198 545 3262 Adae
574 3197 635 3262 hac
664 3198 827 3262 dementia
856 3197 981 3278 abrepti
1011 3207 1099 3279 sunt,
1129 3206 1166 3261 ut
1218 3202 1371 3284 congerie
1404 3212 1491 3281 patet
1525 3201 1610 3282 quod
1645 3223 1748 3284 nuper
1781 3202 1890 3286 attigi,
1924 3200 2032 3265 Deum
2067 3200 2191 3267 seilicet

193 3288 229 3351 in
252 3283 436 3368 quaerenda
463 3283 593 3348 coelesti
617 3284 684 3347 vita
706 3283 838 3347 omnino
861 3297 979 3362 errent,
1009 3288 1042 3347 et
1064 3303 1166 3347 vanas
1220 3286 1302 3350 nihil
1325 3287 1485 3360 omittere,
1515 3307 1578 3368 quo
1600 3298 1746 3352 nostram
1777 3288 2017 3352 cunctationem
2049 3287 2192 3370 corrigat

192 3373 362 3456 opiniones
384 3391 460 3435 suas
491 3370 600 3450 potius
630 3391 726 3452 quam
750 3368 815 3432 Dei
838 3389 948 3434 vocem
978 3378 1165 3450 sequantur.
1218 3381 1251 3435 et
1273 3372 1401 3436 excitet.
1447 3371 1643 3455 Quanquam
1666 3374 1779 3438 subest
1806 3372 2001 3456 obiurgatio,
2031 3374 2114 3454 quia
2142 3373 2192 3436 ni·

192 3460 267 3524 Nou
292 3457 440 3540 queritur
464 3455 622 3537 propheta
645 3454 684 3519 de
715 3474 827 3519 eorum
857 3454 999 3537 ignavia,
1029 3454 1084 3535 qui
1115 3455 1166 3518 sui
1219 3458 1280 3521 mis
1310 3456 1460 3522 socordes
1489 3479 1558 3522 esse
1590 3469 1718 3540 oportet
1746 3459 1801 3540 qui
1826 3465 1895 3522 tam
1922 3457 2063 3541 benigne
2085 3458 2192 3523 vocati

191 3545 337 3628 ipsorum
361 3553 392 3607 et
414 3542 478 3605 Dei
508 3561 641 3624 prorsus
663 3541 754 3606 obliti
778 3539 817 3605 de
846 3540 1008 3622 spirituali
1039 3540 1167 3604 animae
1218 3565 1284 3608 non
1318 3544 1428 3608 statim
1461 3544 1697 3626 obtemperant.
1748 3545 1892 3628 Insignis
1920 3543 2019 3621 locus,
2054 3565 2098 3609 ex
2128 3562 2191 3626 quc

191 3632 260 3694 vita
283 3648 349 3693 non
372 3629 527 3710 cogitant,
551 3626 732 3693 cuiusmodi
753 3637 833 3691 sunt
854 3625 1025 3708 permulti:
1048 3623 1106 3690 sed
1128 3625 1167 3689 de
1219 3641 1353 3711 apparet
1376 3640 1479 3694 totam
1504 3630 1690 3694 felicitatem
1714 3639 1858 3694 nostram
1882 3630 1917 3693 in
1939 3649 1978 3694 eo
2000 3628 2098 3694 sitam
2122 3648 2192 3695 esse

193 3717 232 3779 iis
255 3717 309 3795 qui
334 3715 434 3777 vitam
459 3713 589 3793 quidem
609 3721 775 3796 appetunt,
799 3733 858 3777 neo
877 3723 986 3776 tamen
1009 3711 1078 3776 eius
1100 3709 1167 3775 adi·
1219 3716 1246 3780 si
1270 3715 1369 3780 verbo
1391 3715 1455 3779 Dei
1478 3736 1660 3799 pareamus.
1705 3715 1815 3795 Quum
1847 3716 1894 3781 sie
1923 3715 2067 3797 loquitur
2088 3715 2192 3792 Deus,

194 3798 368 3882 piscendae
391 3799 547 3861 rationem
578 3806 634 3860 aut
656 3799 743 3862 viam
767 3806 889 3877 tenent,
919 3807 950 3860 et
972 3798 1088 3861 incerti
1111 3817 1168 3878 per
1219 3801 1307 3865 huno
1330 3801 1431 3865 finem
1455 3804 1654 3883 propositum
1684 3801 1781 3867 habet
1803 3809 1841 3866 ut
1863 3823 1921 3866 nos
1943 3802 1984 3865 ad
2007 3802 2112 3866 vitam
2136 3800 2194 3865 ad·

194 3883 324 3949 deserta
345 3896 377 3947 et
399 3883 489 3946 invia
512 3883 581 3946 loca
599 3896 772 3964 vagantur.
816 3883 881 3948 Hic
908 3904 985 3966 ergo
1009 3881 1168 3947 damuau-
1220 3885 1326 3952 ducat.
1370 3885 1477 3966 Culpa
1506 3889 1607 3970 igitur
1629 3907 1729 3970 penes
1750 3908 1809 3952 nos
1831 3887 2037 3952 solummodo
2068 3887 2192 3965 haeret,

194 3981 249 4032 tur
271 3989 385 4032 omnes
408 3968 550 4032 rationes
580 3989 659 4048 quas
689 3970 875 4049 excogitant
903 3968 1052 4032 homines
1076 3978 1169 4031 extra
1221 3973 1297 4054 quia
1319 3971 1461 4036 salutare
1484 3986 1516 4034 et
1540 3973 1703 4036 vivificum
1733 3972 1795 4037 hoc
1817 3972 1953 4037 verbum
1982 3972 2192 4056 negligimus.

194 4054 331 4119 verbum
354 4053 488 4117 Domini
511 4074 569 4133 pro
592 4052 695 4116 salute
718 4052 909 4117 obtinenda:
940 4063 1036 4135 atque
1058 4073 1168 4134 sump-
1221 4057 1395 4121 Caeterum
1429 4057 1456 4118 si
1496 4056 1720 4122 tantummodo
1760 4059 1960 4142 praeciperet
1991 4058 2084 4124 Deus
2119 4058 2197 4143 quid

140 4192 148 4199 .
196 4151 250 4204 tus
271 4138 404 4202 inutiles
427 4147 594 4202 vocantur.
639 4136 724 4200 Nam
742 4139 895 4218 pecuniae
916 4140 1057 4215 nomine,
1079 4135 1170 4220 quid·
1220 4141 1384 4224 agendum
1415 4142 1474 4216 eit,
1502 4139 1697 4207 obtinendae
1726 4145 1813 4208 vitae
1843 4146 2003 4209 rationem
2032 4146 2196 4228 praescri·

196 4224 347 4308 quidest
375 4223 501 4287 homini
529 4223 716 4299 industriae,
746 4221 845 4286 studii
874 4236 931 4287 aut
959 4223 1088 4302 laboris,
1114 4223 1168 4288 de·
1222 4226 1313 4289 beret
1334 4228 1404 4308 ipse
1425 4226 1566 4307 quidem,
1589 4227 1646 4292 sed
1669 4230 1790 4311 absque
1813 4229 1964 4295 utilitate.
2008 4230 2083 4296 Lex
2107 4232 2197 4297 enim

197 4313 316 4395 signat.
361 4308 436 4372 Non
460 4307 543 4389 quod
567 4308 666 4372 unius
689 4308 770 4372 assis
793 4307 943 4372 aestimet
964 4309 1056 4373 Deus
1078 4308 1168 4390 quid·
1221 4333 1262 4377 ex
1286 4332 1341 4375 cre
1364 4310 1427 4375 Dei
1451 4313 1594 4393 profecta
1616 4315 1769 4379 ministra
1786 4328 1836 4379 est
1857 4316 1990 4380 mortis:
2012 4317 2070 4381 sed
2093 4339 2198 4400 quum

196 4396 273 4480 quid
307 4397 430 4460 frustra
464 4393 670 4458 obtrudimus
703 4392 744 4456 ad
777 4413 850 4456 eum
885 4391 1071 4457 colendum:
1112 4392 1170 4458 sed
1221 4416 1281 4461 nos
1303 4395 1343 4459 ad
1367 4416 1402 4459 se
1432 4397 1561 4477 invitat,
1595 4420 1693 4481 quum
1727 4400 1861 4482 adoptat
1893 4401 1929 4465 in
1960 4400 2057 4480 filios,
2091 4423 2197 4486 quum

196 4484 271 4566 quia
294 4481 419 4546 labores
447 4478 546 4542 stulto
576 4488 742 4560 susceptos
772 4498 886 4542 sensus
916 4479 1022 4541 carnis
1050 4479 1169 4561 pretio·
1222 4483 1442 4546 remissionem
1459 4493 1661 4565 peccatorum
1673 4497 1706 4551 et
1716 4486 2007 4552 sanctificationem
2019 4490 2198 4570 promittit,

196 4589 249 4633 sos
273 4566 370 4631 ducit.
861 4647 867 4659 .
984 4647 990 4658 .
1221 4566 1301 4631 hino
1331 4569 1368 4630 fit
1397 4577 1433 4630 ut
1463 4569 1518 4649 qui
1547 4570 1685 4634 audiunt
1707 4573 1811 4636 vitam
1840 4573 1881 4638 ab
1911 4573 1983 4654 ipso
2014 4573 2196 4641 obtineant

283 4652 371 4738 (Nou
404 4652 439 4715 ic
463 4649 588 4734 panes.)
641 4648 801 4712 Videmus
835 4647 888 4711 hic
916 4667 1009 4728 panis
1040 4648 1171 4712 nomine
1223 4650 1469 4717 Oonsideranda
1486 4664 1535 4717 est
1556 4656 1655 4737 igitur
1673 4655 1976 4740 doctrinaespecies
1991 4679 2076 4741 quae
2092 4666 2196 4726 vitam

197 4741 283 4805 idem
307 4736 484 4821 significari
503 4734 588 4816 quod
612 4734 704 4816 prius
725 4754 784 4815 per
802 4753 913 4816 aquas.
953 4731 1037 4794 Item
1056 4731 1172 4797 loboris
1222 4736 1373 4814 continet,
1403 4748 1438 4800 ιιι
1464 4739 1600 4803 salutem
1624 4741 1699 4804 inde
1727 4753 1871 4808 nostram
1901 4752 2061 4827 petamus.
2107 4746 2199 4812 Hinc

197 4827 329 4892 nomine
352 4821 436 4905 quod
461 4821 551 4903 prius
581 4819 754 4902 pecuniam
777 4818 869 4883 dixit.
915 4815 1016 4914 Quasi
1039 4815 1169 4894 diceret,
1195 4848 1199 4957 1
1223 4820 1405 4904 colligimus
1436 4823 1556 4886 nullam
1586 4846 1657 4888 esse
1689 4846 1778 4906 spem
1813 4830 1937 4909 salutis,
1970 4830 2033 4894 nisi
2056 4830 2132 4897 Deo
2164 4840 2200 4897 et

198 4913 268 4976 sine
290 4912 437 4994 profectu
460 4916 606 4989 satagere
628 4904 794 4968 homines:
817 4905 892 4985 quia
914 4903 969 4966 ubi
993 4915 1171 4982 sequuntur
1196 4964 1198 4985 ἰ
1223 4907 1292 4969 eius
1326 4907 1425 4971 verbo
1459 4907 1685 4990 obsequamur.
1737 4912 1846 4995 Atque
1881 4915 1958 4980 hiuc
1990 4917 2199 4983 convincitur

198 5019 257 5062 sua
285 5003 478 5069 commenta,
509 4989 719 5074 quantumvis
746 4999 878 5054 strenue
906 5008 941 5052 se
970 4987 1110 5069 fatigent
1135 5008 1172 5053 ac
1222 5011 1319 5054 omne
1340 4991 1519 5057 humanum
1539 5015 1652 5076 genus,
1671 5005 1709 5058 ut
1727 4999 1850 5063 nullam
1868 5003 1970 5083 possit
1988 5002 2199 5084 ignorantiae

198 5093 374 5158 macerent,
397 5078 489 5146 nulla
511 5075 673 5161 speranda
694 5075 737 5138 sit
759 5095 891 5138 merces.
932 5071 1010 5136 Ideo
1033 5075 1171 5137 saturari
1224 5078 1464 5141 excusationem
1490 5078 1675 5143 obtendere.
1719 5081 1803 5147 Nam
1833 5088 1889 5166 qui
1919 5087 2033 5151 audire
2057 5110 2125 5155 non
2149 5090 2199 5154 di·

198 5188 294 5251 posse
317 5174 414 5251 negat
436 5165 492 5248 qui
520 5161 759 5230 inconsiderate
788 5170 949 5242 satagunt.
995 5155 1062 5235 Qui
1085 5158 1171 5221 enim
1224 5170 1362 5242 gnatur,
1403 5162 1485 5226 nihil
1520 5164 1606 5226 firmi
1640 5163 1681 5227 ad
1713 5188 1829 5233 causae
1862 5193 1941 5237 suae
1976 5176 2198 5255 patrocinium

199 5252 314 5319 relicto
333 5252 406 5317 Deo
424 5272 525 5317 novas
543 5248 658 5315 salutis
677 5246 820 5312 rationes
840 5248 979 5320 tentant,
1002 5260 1172 5320 nunquam
1196 5248 1200 5300 i
1225 5245 1341 5309 afferre
1364 5260 1477 5328 potest.
1522 5248 1595 5310 Hae
1619 5271 1702 5326 vero,
1730 5264 1766 5316 ut
1789 5255 1866 5333 dixi,
1899 5259 2114 5342 repetitiones
2141 5283 2200 5345 pa·
