4784 5970
120 366 184 432 445
960 344 1261 434 oururnxvr.
2047 372 2116 437 uc

120 555 204 639 pitee
238 553 444 620 haerebimus
477 556 555 638 quin
588 555 739 639 protinus
777 564 944 620 succurrat
977 553 1091 620 mundi
1116 557 1120 609 t
1144 555 1232 620 enim
1258 553 1492 620 consolationes
1521 576 1602 639 quas
1632 556 1755 640 accepit·
1788 557 1938 639 ecclesia,
1972 581 2110 644 quarum

121 640 367 707 renovationem
390 661 462 706 esso
481 642 515 706 in
538 641 608 707 eius
636 661 753 719 mann,
784 641 836 706 cui
866 640 996 707 difficile
1025 661 1090 705 non
1143 641 1241 706 etiam
1272 640 1391 705 liberos
1423 661 1498 707 suos
1531 642 1704 727 participes
1736 645 1822 711 facit.
1876 646 1922 710 Εῖ
1953 653 2041 711 corte
2072 668 2111 712 ea

121 736 206 792 esset
228 746 337 792 creare
359 736 524 792 momento
546 745 612 792 uno
634 734 767 792 centum
784 725 933 791 mundos.
978 725 1092 810 Nuper
1143 726 1254 809 gaudii
1277 727 1414 791 materia
1436 726 1528 793 nulla
1549 728 1654 794 maior
1675 738 1731 794 aut
1759 729 1912 812 amplior,
1941 732 2032 798 nulla
2060 733 2109 796 in-

120 811 336 877 admiratione
357 813 550 895 interposita
567 811 723 879 extollere
738 810 997 894 magnitudinem
1014 831 1090 895 ope·
1143 811 1269 896 signior
1306 811 1416 877 afferri
1449 823 1565 897 potest.
1621 814 1724 898 quue
1761 817 1904 898 apertius
1937 818 2038 901 liquet
2069 839 2110 882 ex

120 899 166 962 ris
190 898 308 963 voluit:
331 917 418 963 nunc
439 919 518 964 vero
540 921 582 965 ne
603 898 681 981 quid
702 899 772 980 pIas
793 906 920 962 mentes
935 897 1091 980 impediat
1142 896 1292 979 proximo
1314 896 1477 977 membro,
1506 900 1563 965 ubi
1586 898 1717 965 additur
1739 899 1908 968 delectatio
1937 903 1971 967 in
2002 903 2110 986 splen·

121 984 174 1049 vol
196 993 341 1048 meretur
363 985 403 1048 ad
431 984 647 1067 reputandam
675 1005 769 1050 suam
797 985 951 1048 virtutem
978 983 1090 1048 horta·
1143 983 1219 1048 doro
1242 982 1374 1066 gloriae.
2141 1052 2143 1057 ,

121 1078 190 1135 tur:
226 1090 263 1135 ac
292 1089 356 1151 quo
386 1070 504 1136 melius
531 1069 727 1154 persuadeat
755 1068 837 1133 nihil
860 1079 928 1133 tam
951 1070 1091 1135 arduum
1229 1069 1278 1134 12.
1320 1068 1496 1154 Quoniam.)
1529 1071 1744 1154 Prosequitur
1759 1073 1983 1156 metaphoram
2001 1094 2109 1139 enam:

120 1176 191 1221 esse
212 1173 321 1220 coram
344 1155 529 1221 hominibus
551 1153 637 1238 quod
658 1176 723 1221 non
746 1154 809 1220 eibi
832 1154 1020 1237 expeditum
1048 1157 1091 1220 eit
1144 1176 1181 1220 ac
1202 1155 1286 1220 filice
1344 1155 1374 1219 ai
1395 1166 1562 1237 comparat
1584 1159 1694 1239 pueris
1716 1158 1896 1225 infantibus
1926 1161 1981 1242 qui
2003 1161 2037 1224 in
2061 1160 2110 1224 ul·

120 1252 153 1306 et
175 1238 309 1305 arbitrio
336 1262 395 1306 suo
424 1243 605 1322 subinnuat,
638 1242 789 1324 proponit
816 1241 851 1304 iu
881 1240 1024 1306 medinm
1053 1261 1092 1307 ea
1144 1240 1194 1305 nis
1217 1249 1399 1324 gestantur,
1428 1241 1484 1322 qui
1506 1242 1658 1308 foventur
1685 1244 1720 1308 in
1750 1245 1823 1309 sinu
1852 1252 2008 1325 matrum,
2036 1267 2109 1312 cum

120 1348 203 1409 quae
226 1326 288 1408 ipsi
310 1324 453 1409 quotidie
475 1329 655 1392 cernimus:
677 1348 755 1391 nam
774 1326 810 1390 in
826 1333 924 1409 partu
939 1325 1090 1392 muliebri
1143 1326 1262 1409 quibus
1295 1327 1393 1391 etiam
1425 1326 1556 1393 luditur.
1611 1331 1721 1411 Atque
1754 1336 1792 1394 ut
1824 1330 1929 1414 magis
1959 1332 2111 1406 affectum

120 1410 343 1477 admirabilem
361 1411 430 1476 eiue
447 1413 626 1495 potentiam
644 1414 812 1477 intuemur
829 1432 867 1477 ac
885 1414 1089 1494 suspicimus.
1143 1433 1238 1478 enum
1261 1433 1339 1496 erga
1360 1432 1421 1476 nos
1443 1412 1607 1497 exprimet
1629 1413 1809 1492 Dominus,
1839 1412 1938 1480 matri
1966 1437 2000 1482 ee
2028 1437 2111 1482 com·

120 1498 240 1562 Annon
281 1519 358 1563 vero
397 1517 432 1563 se
470 1498 632 1564 Dominus
671 1498 776 1562 multo
815 1497 1090 1563 admirabiliorem
1143 1508 1236 1581 parat
1269 1500 1361 1563 euius
1395 1519 1485 1562 amor
1519 1499 1661 1581 reliquos
1697 1521 1810 1566 omnes
1853 1501 1955 1568 vineit
1991 1522 2111 1586 magno

120 1582 287 1666 praebebit
308 1584 343 1648 in
367 1582 516 1666 augenda
534 1593 567 1648 et
581 1583 824 1665 multiplicanda
840 1583 984 1660 molesia,
1007 1605 1091 1666 qnae
1142 1583 1333 1666 intervallo,
1367 1595 1404 1648 ut
1437 1582 1515 1649 alibi
1547 1586 1656 1650 visum
1690 1595 1749 1650 θεῖ.
1793 1584 1875 1651 Vult
1908 1607 1985 1671 argo
2018 1589 2111 1654 nobis

120 1669 331 1753 praecipuum
354 1682 405 1735 ast
427 1669 549 1752 gloriae
571 1672 642 1736 eius
665 1668 854 1734 theatrum?
889 1668 994 1735 Nimis
1012 1691 1090 1753 ergo
1143 1670 1305 1734 Dominus
1327 1690 1397 1735 θεεθ
1419 1669 1489 1734 locu
1512 1672 1641 1748 matris,
1673 1686 1710 1737 ut
1739 1691 1798 1755 pro
1827 1673 2001 1750 molestiis,
2029 1673 2111 1738 ludi·

120 1755 263 1840 maligne
286 1755 496 1839 restringitur
518 1756 589 1821 eius
612 1757 730 1833 virtus,
759 1755 787 1820 ei
809 1753 919 1820 minus
947 1756 1091 1821 creditur
1141 1752 1237 1833 briis,
1266 1754 1406 1820 miseriis
1436 1767 1468 1820 et
1495 1758 1670 1840 angoribus
1700 1778 1782 1839 quos
1811 1760 2030 1824 sustinuimus
2052 1780 2111 1824 nos

122 1841 244 1924 valere,
265 1839 321 1906 ubi
343 1841 531 1907 immediate
552 1852 586 1906 et
608 1842 701 1924 quasi
724 1841 832 1923 palam
855 1850 968 1906 exerta
989 1863 1089 1906 manu
1142 1840 1278 1905 delicate
1302 1846 1420 1906 tractet
1442 1862 1479 1906 ac
1502 1843 1604 1906 veluti
1624 1843 1659 1906 in
1683 1843 1758 1908 sinn
1780 1843 1896 1909 foveat.
1936 1844 2032 1911 Porio
2054 1866 2111 1909 no-

120 1947 178 2009 per
200 1947 234 1991 se
256 1947 353 2010 agere
375 1928 470 2004 volet,
493 1947 591 2010 quam
614 1928 669 1993 ubi
687 1935 841 2010 operatur
856 1947 914 2009 par
929 1928 1090 1993 naturalia
1141 1927 1238 2005 mine,
1260 1926 1446 1991 felicitatem
1471 1926 1629 2010 designat.
1663 1929 1704 1993 In
1726 1951 1804 1995 voce
1824 1930 1943 2013 gloriae
1963 1931 2111 2013 repetitio

122 2012 239 2077 media.
1141 2020 1199 2090 est,
1220 2033 1285 2094 qua
1306 2012 1470 2094 significat
1492 2034 1588 2076 omne
1610 2035 1714 2097 genus
1744 2015 1938 2097 opulentiae,
1969 2027 2006 2080 ut
2028 2016 2112 2081 nihil

208 2098 258 2163 10.
281 2096 497 2184 (Laetamc‘nl.)
541 2098 711 2164 Promittit
732 2098 853 2162 laetum
876 2099 945 2163 iore
967 2106 1088 2165 statum
1141 2097 1183 2162 ad
1205 2098 1387 2163 absolutam
1410 2107 1443 2162 et
1463 2099 1625 2182 integram
1648 2120 1760 2182 pacem
1776 2101 1869 2165 desit.
1903 2103 2111 2185 Numquam

120 2184 174 2265 qui
198 2193 341 2250 moestus
368 2198 464 2250 antea
494 2194 527 2249 et
556 2184 703 2269 lugubris
732 2188 818 2249 erat:
853 2206 928 2250 nam
958 2184 1089 2267 respicit
1142 2191 1217 2247 ante
1236 2183 1272 2247 in
1295 2181 1415 2248 delitiis
1445 2194 1581 2266 agerent
1611 2194 1739 2269 gentes,
1772 2187 1973 2270 refertaeque
2002 2202 2112 2252 essent

121 2268 225 2335 Isaiae
247 2290 312 2335 non
334 2291 428 2335 suam
459 2280 614 2350 aetatem,
643 2270 700 2336 sod
730 2269 837 2335 exsilii
866 2281 995 2353 tempus
1025 2290 1089 2352 quo
1141 2268 1312 2351 multiplici
1336 2268 1494 2333 bonorum
1516 2271 1624 2352 copia,
1655 2271 1787 2336 divitiae
1815 2293 1928 2338 omnes
1957 2281 1990 2338 et
2018 2272 2110 2355 quid·

121 2355 248 2420 assidue
278 2354 450 2438 gemebant
478 2358 538 2440 pii,
573 2376 610 2422 ac
639 2376 786 2421 moerore
816 2357 952 2421 confecti
987 2376 1089 2439 prope
1141 2355 1219 2437 qnid
1241 2353 1282 2418 ad
1305 2355 1433 2419 beatam
1456 2354 1556 2419 vitam
1580 2362 1705 2439 spectat
1727 2358 1855 2439 piorum
1879 2359 1946 2423 fore
1961 2359 2111 2436 affirmat,

123 2440 346 2523 desperabant.
391 2443 469 2507 Pios
490 2443 593 2527 igitur
615 2463 727 2507 omnes
758 2440 799 2505 ad
828 2440 983 2527 gandium
1013 2441 1089 2506 hor·
1142 2440 1237 2506 sicuti
1266 2441 1300 2504 in
1330 2460 1419 2505 mare
1451 2440 1630 2506 decurrunt
1664 2443 1768 2508 fluvii.
1821 2444 1887 2508 Per
1919 2445 2109 2508 continuum

120 2533 210 2592 tatur
232 2536 328 2610 atque
348 2528 473 2607 incitat,
493 2529 547 2611 qui
570 2528 729 2610 singulari
750 2527 868 2593 affectu
890 2547 968 2611 erga
989 2527 1089 2592 eccle·
1141 2547 1220 2591 vero
1244 2524 1410 2590 defluxum
1433 2537 1566 2592 notatur
1587 2530 1804 2610 perpetuitas:
1828 2550 1903 2593 nam
1926 2530 2001 2611 quia
2020 2530 2111 2594 Deus

121 2614 203 2677 eiam
237 2613 417 2693 ducuntur,
456 2634 516 2679 neo
548 2615 725 2696 quidquam
759 2613 883 2678 habent
914 2613 1089 2697 optabilius
1141 2611 1213 2677 fons
1235 2622 1284 2677 est
1312 2611 1545 2689 inexhaustus,
1581 2613 1720 2678 multum
1753 2615 1824 2678 eius
1857 2635 1921 2696 pax
1954 2614 2062 2678 differt
2091 2636 2111 2678 a

122 2699 190 2762 eius
223 2698 336 2762 salute.
391 2698 465 2778 Quo
498 2699 652 2764 admonet
683 2719 749 2763 non
783 2698 862 2764 alius
898 2698 982 2762 tanti
1014 2698 1089 2763 boni
1141 2718 1221 2781 pace
1242 2695 1372 2776 mundi,
1399 2718 1482 2779 quae
1511 2698 1621 2763 statim
1651 2699 1764 2764 defluit
1785 2710 1818 2762 et
1839 2701 1929 2763 onius
1951 2701 2111 2763 exarescit

121 2796 287 2849 consortes
309 2785 378 2847 lore
400 2785 464 2848 nisi
485 2806 565 2867 quos
587 2786 659 2866 pius
682 2783 833 2850 ecclesiae
856 2804 948 2850 amor
970 2791 1003 2847 et
1023 2793 1089 2849 etu-
1142 2780 1274 2847 fundus.
1318 2782 1455 2862 Quoties
1477 2804 1555 2866 argo
1578 2785 1703 2849 tristem
1735 2806 1772 2850 ac
1799 2783 1981 2849 luctuosum
2012 2785 2110 2849 eccle-

122 2870 210 2933 dium
234 2870 274 2932 ad
297 2869 513 2952 expetendam
535 2872 606 2935 aius
629 2869 851 2935 liberationem
866 2869 1035 2934 sollicitat:
1056 2878 1091 2934 et
1143 2869 1210 2934 siae
1230 2875 1352 2932 statum
1368 2868 1527 2947 videmus,
1545 2870 1789 2935 meminerimus
1805 2869 1865 2935 has
1881 2870 2111 2952 promissiones

121 2955 253 3038 quidem
275 2956 329 3022 ubi
352 2955 605 3038 contemptibilis
627 2967 677 3020 est
697 2975 806 3022 coram
830 2954 966 3032 mundo,
995 2955 1091 3020 aienti
1143 2953 1184 3018 ad
1207 2974 1267 3019 uos
1289 2972 1418 3037 quoque
1437 2974 1504 3018 non
1526 2955 1634 3020 minue
1657 2976 1753 3038 qnam
1777 2958 1818 3021 ad
1839 2955 1994 3038 populum
2016 2955 2110 3021 illum

121 3039 442 3126 Psa1.102(v.1o)
469 3042 603 3107 dicitur:
638 3040 801 3121 Quoniam
831 3039 973 3125 diligunt
1000 3060 1090 3104 man·
1143 3040 1317 3122 pertinere.
1370 3039 1479 3120 Quum
1514 3041 1580 3104 sint
1612 3041 1754 3106 Domino
1787 3042 1878 3106 fluvii
1911 3042 1999 3123 pacis
2031 3062 2110 3124 quos

122 3127 206 3191 sueti
228 3127 276 3191 tui
299 3126 423 3210 lapides
441 3127 522 3205 eius,
545 3139 579 3192 et
593 3126 737 3210 pulveris
752 3127 823 3191 eine
838 3126 1090 3192 miserebuntur.
1143 3126 1294 3190 emittere
1315 3125 1386 3191 vult
1408 3126 1442 3189 in
1465 3125 1633 3191 eeclesiam
1656 3147 1765 3205 suam,
1798 3148 1840 3192 ne
1861 3127 1895 3190 in
1918 3125 2033 3191 mediis
2062 3138 2110 3191 at·

122 3212 263 3295 Ideoque
285 3212 375 3278 addit
395 3213 453 3295 qui
474 3213 601 3296 lugula:
634 3233 708 3277 nam
739 3213 816 3294 quia
840 3212 876 3276 in
898 3211 1013 3279 exsilio
1036 3210 1089 3276 de·
1144 3232 1206 3294 que
1227 3211 1327 3277 etiam
1349 3211 1516 3277 acerrimis
1541 3208 1636 3276 bellis
1664 3212 1807 3277 animum
1838 3212 2110 3295 despondeamus:

123 3300 235 3364 formis
256 3306 289 3362 at
318 3298 481 3364 horrenda
509 3298 676 3382 dissipatio
705 3305 791 3375 erat,
824 3317 885 3362 neo
914 3298 1091 3382 quidquam
1144 3298 1200 3362 sed
1222 3299 1257 3360 in
1279 3296 1418 3361 miseriis
1440 3307 1473 3362 et
1490 3297 1649 3380 angustiis
1669 3298 1788 3364 nostrie
1805 3299 1969 3382 erigamus
1985 3299 2110 3364 animos

123 3383 239 3448 salutis
272 3385 411 3468 amplius
438 3384 647 3468 sperabatur,
680 3384 800 3450 excitat
833 3385 903 3467 pios
936 3405 973 3450 ac
1006 3384 1090 3448 laeto
1143 3404 1180 3449 ae
1203 3381 1370 3448 laetemur.
1412 3381 1508 3462 Quod
1531 3391 1638 3447 autem
1663 3405 1722 3447 nos
1745 3385 1835 3466 quasi
1861 3383 2013 3465 infantes,
2043 3406 2110 3448 non

123 3470 232 3535 auimo
253 3491 325 3536 θεεθ
346 3469 451 3553 iubet,
482 3469 533 3536 vel
555 3469 670 3535 saltem
692 3492 728 3535 se
749 3470 917 3553 accingere
946 3468 987 3533 ad
1012 3489 1091 3552 gau·
1143 3481 1298 3550 tanquam
1321 3466 1448 3532 adultos
1470 3468 1630 3547 homines,
1653 3468 1800 3551 delectat,
1823 3489 1999 3552 agnoscere
2015 3467 2109 3532 debe·

123 3554 222 3620 dium.
255 3556 367 3638 Atque
389 3557 471 3621 haec
491 3555 675 3622 exhortatio
698 3556 943 3639 promissionem
965 3575 1091 3637 quoque
1143 3574 1217 3618 mus
1240 3553 1457 3618 conditionem
1481 3556 1642 3631 nostram,
1675 3567 1709 3615 ut
1730 3553 2006 3619 consolationibus
2028 3555 2111 3620 eius·

122 3649 156 3706 et
177 3641 252 3725 plus
274 3641 428 3724 quiddam
458 3645 612 3708 continet.
656 3641 725 3705 Nec
747 3642 834 3705 enim
863 3648 992 3704 tantum
1022 3640 1090 3703 effi·
1143 3639 1231 3703 modi
1254 3639 1397 3702 contenti
1421 3640 1532 3703 simus.
1565 3638 1610 3701 Et
1632 3648 1718 3704 certe
1741 3640 1915 3723 singularis
1936 3639 2110 3723 indulgen·

123 3729 229 3792 caciae
261 3726 429 3793 habuisset
460 3728 599 3811 simplex
633 3726 820 3808 promissio:
858 3723 915 3788 sed
948 3725 1012 3790 ieta
1050 3723 1091 3789 ad
1144 3726 1207 3789 tiae
1238 3724 1369 3806 signum
1402 3735 1453 3787 eet
1493 3721 1579 3804 quod
1616 3724 1662 3789 ita
1700 3724 1924 3790 infirmitatem
1963 3737 2111 3791 nostram

124 3833 226 3878 unum
249 3821 380 3895 tempus
403 3813 565 3877 duntaxat
586 3811 739 3894 restringi
762 3831 828 3876 non
851 3808 981 3875 debent:
1015 3829 1092 3875 nam
1144 3808 1272 3874 tolerat.

123 3896 265 3963 tenenda
287 3910 336 3962 est
359 3897 521 3981 generalis
550 3896 679 3981 regula,
710 3896 749 3962 de
778 3916 841 3980 qua
868 3896 933 3960 iam
963 3896 1092 3976 saepius
1231 3894 1271 3959 13
1295 3894 1397 3958 0:14.
1420 3891 1534 3977 (sucu
1556 3894 1684 3994 uirum.)
1716 3896 1837 3961 Mirum
1853 3905 1904 3961 est
1918 3895 2110 3979 prophetam

123 3984 277 4048 diximus.
309 3982 435 4065 Nempe
456 3984 537 4048 istae
558 3982 787 4066 promissiones
809 4002 829 4046 a
850 3981 962 4065 populi
984 3979 1092 4045 reditu
1145 3989 1313 4063 tantopere
1346 3983 1381 4043 in
1412 3979 1498 4045 hanc
1531 3992 1774 4046 renovationem
1806 3982 1975 4058 insistere,
2010 4003 2112 4065 quum

124 4089 226 4153 usque
259 4068 300 4133 ad
330 4088 468 4153 regnum
494 4068 619 4134 Ohrieti
652 4077 685 4133 et
715 4068 990 4150 complementum
1023 4066 1093 4131 eius
1145 4067 1237 4148 prius
1259 4066 1338 4131 satie
1362 4065 1402 4129 de
1423 4086 1462 4130 ea
1489 4065 1609 4131 dixisse
1632 4066 1806 4131 rideretur.
1851 4067 1917 4132 Sed
1947 4067 2023 4149 quia
2052 4089 2112 4135 nec

124 4153 346 4221 extendendas
368 4174 449 4219 esse.
1145 4151 1403 4235 magnitudinem
1428 4153 1545 4216 amoris
1575 4162 1609 4217 et
1635 4153 1794 4226 ardorem,
1824 4172 1888 4234 qno
1910 4151 2002 4218 Deus
2033 4175 2111 4237 erga

210 4242 259 4306 11.
285 4238 344 4326 (Ut
364 4238 512 4324 augutu.)
545 4239 610 4305 Hic
632 4260 747 4304 versus
764 4238 924 4321 superiori
939 4237 1092 4319 coniungi
1144 4258 1203 4302 noe
1225 4237 1373 4312 affinitur,
1397 4237 1589 4318 exprimere,
1613 4258 1672 4302 nec
1689 4236 1751 4302 sibi
1770 4237 1907 4303 dicendo
1925 4239 2111 4304 satisfacere

125 4325 235 4391 debet:
264 4348 341 4391 nam
364 4327 522 4409 propheta
544 4326 678 4408 exponit
699 4325 802 4408 qualis
824 4323 934 4408 gaudii
957 4325 1093 4388 materia
1145 4333 1259 4405 potest,
1288 4322 1360 4387 ideo
1392 4324 1507 4403 repetit
1533 4326 1661 4406 saepius
1691 4334 1789 4404 atque
1819 4323 1969 4388 inculcat.
2014 4323 2110 4403 Quod

124 4415 235 4476 lutura
256 4414 316 4477 sit:
347 4412 425 4494 quia
453 4411 576 4479 scilicet
602 4409 717 4475 infelix
747 4431 784 4478 ao
812 4411 912 4475 miser
940 4409 1093 4475 ecelesiae
1146 4408 1223 4473 dicit
1245 4407 1401 4491 gaudium
1424 4408 1488 4474 illis
1518 4409 1586 4474 tore
1615 4429 1715 4491 super
1744 4408 1931 4486 Ierusalem,
1962 4408 2109 4475 bilariam

125 4501 231 4563 status
260 4498 294 4562 iu
324 4498 455 4563 beatum
485 4506 518 4561 et
546 4495 674 4562 felicem
704 4496 893 4562 mutabitur.
944 4492 1093 4579 Sugendi
1145 4515 1307 4576 exponere
1329 4493 1415 4559 licat.
1460 4495 1570 4560 Potest
1592 4495 1680 4560 enlm
1700 4494 1762 4559 dini
1785 4495 1854 4577 pios
1877 4494 1971 4558 laetis
1992 4496 2111 4561 animis

125 4596 234 4647 autem
257 4581 358 4646 verbo
379 4583 419 4647 ad
443 4592 573 4649 teneros
593 4582 736 4647 infantes
765 4582 901 4646 alludit:
933 4602 971 4646 ac
993 4582 1020 4646 ei
1043 4579 1093 4643 tli-
1144 4579 1214 4644 lore
1243 4601 1342 4662 quum
1375 4579 1559 4645 restitutam
1589 4580 1758 4645 aeclesiam
1781 4578 1952 4644 videbunt:
1976 4581 2029 4644 val
2059 4603 2110 4648 eo·

125 4678 229 4735 caret:
262 4668 434 4733 Fruamini
458 4679 561 4734 matre
583 4677 691 4734 vestra
717 4686 791 4732 cum
820 4667 914 4732 bonis
942 4665 1093 4731 omnibus
1144 4665 1284 4742 olseium,
1323 4680 1535 4748 posteaquam
1569 4666 1720 4731 restituta
1753 4667 1826 4745 erit,
1858 4664 2007 4748 partibus
2041 4668 2111 4734 suis

126 4765 223 4838 atque
248 4776 267 4818 u
290 4755 438 4819 mammis
467 4758 536 4819 eius
566 4753 743 4838 pendeatis.
786 4753 850 4818 Hic
876 4773 953 4819 vero
982 4751 1093 4835 pueris
1144 4752 1330 4817 functurum
1353 4771 1425 4816 essa
1448 4758 1485 4815 ut
1506 4750 1588 4815 filios
1613 4743 1696 4817 suoa‘
1710 4751 1880 4815 exhilaret.
1924 4750 1987 4816 (lui
2009 4753 2110 4818 inter·

126 4839 247 4905 similes
269 4839 347 4905 facit
369 4840 439 4921 pios
461 4858 587 4918 omnes,
619 4840 843 4922 cuiuscunque
873 4839 940 4904 sint
968 4838 1093 4919 aetatis,
1145 4838 1321 4918 pratalioni
1343 4857 1403 4919 ego
1425 4835 1531 4918 potius
1553 4835 1727 4902 adhaereo:
1758 4856 1944 4920 quanquam
1973 4848 2111 4921 utraque

126 4937 163 4990 ut
184 4925 395 4990 meminerint
416 4926 617 4990 infirmitatis
638 4946 717 4991 suae
748 4946 786 4990 ac
808 4923 943 4989 Domini
971 4923 1093 4988 virtute
1144 4923 1320 4987 convenire
1343 4922 1451 5005 possit.
1485 4921 1581 4986 Prior
1596 4921 1724 5003 quidem
1741 4923 1966 5003 interpretatio
1981 4924 2111 4990 uberior

126 5011 371 5078 confirmentur.
415 5009 634 5091 Quamobrem
657 5011 831 5095 diligenter
853 5008 933 5075 haec
955 5006 1094 5093 sugendi
1145 5007 1288 5072 videtur:
1316 5008 1373 5072 sed
1395 5005 1472 5089 quid
1494 5006 1633 5072 voluerit
1655 5007 1823 5091 propheta,
1853 5027 1918 5072 non
1941 5009 2017 5089 quid
2041 5030 2110 5073 ma·

127 5108 161 5162 θῖ
182 5095 349 5182 mulgendi
371 5096 560 5179 metaphora
581 5095 723 5162 notanda
744 5105 803 5161 est.
845 5094 1094 5162 Ooruoluliouum
1144 5093 1196 5177 gis
1219 5093 1368 5168 arrideat,
1398 5091 1609 5173 spectandum
1639 5103 1698 5157 est.
1750 5093 1856 5156 Deum
1885 5093 2013 5175 quidem
2042 5097 2110 5178 pri·

127 5197 241 5249 vocem
264 5182 319 5248 alii
341 5183 464 5261 active,
493 5181 549 5247 alii
571 5182 699 5265 passive
721 5182 899 5265 accipiunt:
932 5200 992 5263 ego
1014 5200 1093 5244 vero
1144 5200 1236 5245 mum
1257 5179 1334 5244 facit
1354 5177 1497 5242 laetitiae
1519 5188 1677 5253 autorem,
1704 5188 1737 5241 et
1758 5179 1891 5243 merito:
1922 5179 2111 5264 adiungitur

128 5268 398 5353 significationem
420 5269 584 5351 passivam
613 5267 765 5352 amplecti
794 5267 890 5334 malo.
933 5264 1094 5349 Intelligit
1145 5278 1255 5331 tamen
1271 5263 1411 5329 seeundo
1426 5262 1498 5328 loco
1508 5262 1687 5330 Ierusalem
1704 5264 1795 5345 quasi
1811 5264 1969 5330 ministra.
1997 5265 2110 5334 (laete-
