4786 5976
197 361 260 428 ose
926 363 975 428 ru
997 363 1247 431 leuamen.
1287 362 1387 431 our.
1411 364 1469 430 vr.
2128 365 2192 432 654
2303 315 2309 323 ’

197 553 316 636 gentis.
361 550 457 617 Unde
480 551 564 617 hoo?
595 572 713 637 nempe
743 551 817 636 quie
839 553 949 619 oculos
975 551 1167 629 clauserant,
1220 561 1333 618 cerent
1354 553 1496 618 inaniter
1516 574 1551 620 se
1574 553 1692 619 terreri
1723 553 1813 637 quasi
1841 574 1967 635 pueros.
2011 552 2062 618 Ne
2091 553 2195 639 igitur

198 646 232 703 et
248 635 484 703 obturaverant
501 657 598 704 aures
615 659 700 715 suas,
723 652 807 706 etse
822 637 1017 703 addixerant
1035 660 1169 723 prorsus
1221 660 1280 703 suo
1301 659 1391 703 more
1414 638 1527 703 ludaei
1554 639 1599 703 ita
1628 637 1777 716 illudant,
1806 639 1948 704 affirmat
1975 639 2132 705 Ieremias
2160 660 2195 705 ee

197 721 335 801 diabolo,
370 735 405 788 ut
437 724 618 807 impelleret
651 745 706 790 eos
738 725 774 788 in
807 724 984 807 quemlibet
1017 725 1167 789 furorem.
1220 729 1341 808 torpere
1362 725 1578 807 indignatione
1600 723 1671 804 Dei,
1705 747 1765 791 nec
1798 745 1892 808 posse
1925 724 2065 808 amplius
2097 726 2193 804 terre,

197 808 349 892 Denique
375 810 410 873 in
433 810 499 874 fine
521 830 635 876 versus
663 808 808 875 ostendit
840 811 1035 892 principium
1069 811 1169 874 totius
1221 811 1299 892 quin
1321 810 1472 892 proiiciat
1494 812 1528 874 in
1551 811 1656 893 capita
1678 812 1786 896 gentis
1812 831 1890 875 suae
1920 809 2005 893 qnod
2028 808 2192 876 Dominus

197 894 276 960 mali
299 915 379 972 esse,
408 896 490 977 qnod
511 895 727 962 illinendum
748 894 812 961 Dei
833 915 894 960 non
910 894 1075 979 placuerit,
1108 896 1170 962 hoc
1221 896 1414 978 deposuerat
1435 896 1521 978 apud
1545 898 1663 979 ipsum.
1707 895 1775 962 Sed
1805 897 1880 979 quia
1910 896 1987 961 alibi
2010 895 2195 961 videbimus

197 991 256 1061 est,
279 981 365 1062 quod
384 1002 448 1045 non
467 979 644 1046 adiecerint
666 981 810 1046 studium
831 1001 928 1045 suum
947 980 987 1045 ad
1005 982 1169 1065 pietatem,
1222 980 1345 1046 similes
1375 980 1527 1063 loquendi
1558 985 1686 1060 formas,
1716 996 1749 1048 et
1780 982 1882 1067 magis
1911 1002 2091 1066 expressae,
2121 981 2195 1046 ideo

197 1065 283 1150 quod
303 1087 367 1132 non
383 1067 534 1131 oblectati
550 1068 681 1146 tuerint,
701 1087 801 1149 quum
818 1067 967 1133 venirent
981 1067 1169 1150 prophetae,
1221 1066 1327 1131 levius
1349 1079 1526 1149 praetereo.
1570 1068 1689 1135 Postea
1719 1067 1806 1149 dicit,
1851 1066 2035 1149 Efflindom.
2079 1067 2194 1150 Neque

197 1163 232 1219 et
259 1152 323 1218 illis
357 1159 576 1236 proponerent
606 1153 667 1218 Dei
701 1154 850 1237 gratiam.
895 1152 1057 1233 Quoniam
1091 1174 1169 1236 ergo
1221 1152 1309 1216 enim
1332 1153 1466 1217 dubium
1489 1165 1539 1219 eet
1561 1155 1639 1236 quin
1662 1153 1717 1221 hic
1739 1153 1908 1220 continuet
1923 1152 2058 1219 eandem
2075 1153 2193 1219 doetri-

197 1238 283 1322 apud
316 1237 403 1320 ipsos
436 1237 577 1322 insipida
610 1238 718 1304 iuerat
751 1238 911 1316 doctrina,
946 1237 994 1303 ita
1027 1243 1063 1303 ut
1097 1259 1168 1303 eam
1222 1259 1307 1303 nam.
1362 1237 1453 1303 Dicit
1484 1241 1599 1323 igitur,
1632 1241 1788 1322 qnoniam
1822 1261 1888 1304 non
1921 1239 2022 1322 possit
2054 1239 2194 1323 amplius

196 1324 378 1402 retinerent,
408 1345 508 1406 quum
539 1324 671 1390 deberet
688 1343 905 1408 summopere
932 1345 1003 1388 eeee
1030 1324 1169 1390 delecta·
1222 1323 1424 1406 supprimere
1453 1326 1632 1391 vindictam
1666 1325 1741 1409 Dei,
1774 1325 1867 1391 euius
1898 1337 1970 1390 eret
2002 1345 2126 1406 praeco,
2160 1347 2195 1390 se

198 1408 282 1487 bilis,
312 1409 390 1474 hinc
412 1410 534 1474 lactum
558 1420 615 1489 est,
639 1415 675 1474 ut
697 1409 818 1491 stupidi
842 1421 953 1474 essent
975 1431 1115 1493 prorsus,
1137 1419 1170 1475 et
1222 1430 1310 1475 nunc
1341 1412 1447 1490 ipsam
1479 1411 1649 1501 effundere
1684 1431 1780 1492 ευμεν
1807 1410 1968 1493 porrulos,
2010 1411 2123 1492 inquit,
2161 1411 2195 1474 in

196 1505 347 1561 carerent
368 1496 456 1560 omni
479 1494 598 1561 iudicio
621 1506 654 1559 et
676 1497 818 1560 ratione:
850 1494 927 1561 hinc
954 1497 1053 1561 etiam
1076 1517 1168 1579 prae·
1221 1496 1371 1578 compitis
1414 1495 1490 1560 Non
1513 1496 1648 1561 dubium
1675 1507 1733 1574 est,
1764 1499 1842 1578 quin
1865 1496 2027 1581 signifieat
2048 1495 2100 1560 hie
2123 1517 2194 1561 ver·

196 1581 324 1664 putium
349 1581 476 1645 aurium
502 1580 541 1645 de
560 1602 622 1663 quo
645 1602 749 1662 nuper
768 1581 919 1646 vidimus.
957 1580 1126 1664 Sequitur,
1222 1582 1281 1658 bie,
1304 1580 1389 1646 nihil
1411 1603 1484 1648 esse
1505 1583 1538 1646 in
1561 1581 1681 1665 populo
1711 1587 1890 1649 eincmum:
1921 1583 1997 1664 quia
2018 1582 2110 1665 pueri
2133 1581 2194 1664 ipsi

1222 1668 1287 1732 iam
1310 1665 1371 1732 sub
1393 1669 1506 1733 eodem
1529 1681 1640 1733 essent
1662 1678 1765 1733 reatu.
1799 1667 1864 1733 Ubi
1883 1669 1985 1752 igitur
2002 1667 2048 1733 sio
2066 1687 2194 1749 grassa·

284 1755 334 1817 11.
363 1749 450 1835 Ενμο
473 1752 684 1836 indignatione
706 1750 773 1836 (vel
795 1750 857 1837 ira)
883 1751 1016 1817 Iehoeac
1036 1750 1170 1834 repletae
1222 1765 1277 1817 tur
1300 1753 1462 1836 impietae,
1492 1762 1592 1818 utne
1615 1765 1728 1819 tenera
1750 1753 1878 1837 quidem
1901 1763 1991 1818 aetas
2018 1773 2194 1835 puerorum

194 1856 265 1903 ευνυ
283 1837 413 1924 (copula
431 1836 484 1903 hic
503 1838 634 1920 ponitur
653 1839 722 1902 vioe
739 1838 883 1902 illativae
901 1837 1088 1920 particulae,
1107 1839 1169 1905 nisi
1223 1840 1265 1903 sit
1287 1837 1328 1903 ab
1350 1860 1388 1902 ea
1419 1839 1585 1916 immunis,
1616 1840 1746 1924 signum
1777 1849 1827 1904 eet
1855 1838 2089 1921 desperationis
2119 1840 2196 1903 ulti-

197 1923 403 1989 advereative
422 1923 582 1988 resolvere
600 1922 708 2002 libeat,
727 1923 827 2005 atqui,
850 1924 901 1988 vel
919 1945 979 2008 ego
999 1922 1171 2009 antem)et
1222 1946 1301 1989 mae.
1347 1924 1418 1989 Hoc
1441 1924 1595 2009 intelligit
1616 1925 1775 2008 prophete
1798 1945 1900 2007 quum
1930 1924 2009 1990 dicit
2035 1944 2069 1988 εε
2098 1925 2194 2006 effan-

195 2008 333 2074 lalroraot‘
347 2009 534 2092 continendo,
549 2008 592 2073 ad
605 2009 823 2090 effundendam
837 2028 934 2090 ευμεν
947 2009 1120 2093 μυνυυῑυνυ
1135 2011 1170 2075 in
1221 2011 1293 2076 dere
1313 2011 1397 2074 iram
1416 2011 1566 2076 αᾶυενευε
1581 2011 1743 2092 porrulos,
1776 2010 1894 2075 Postea
1916 2009 2017 2093 addit,
2039 2007 2084 2074 Et
2099 2030 2195 2091 ευμεν

194 2096 336 2176 compitis
356 2093 431 2179 (hoc
446 2104 506 2173 eet,
521 2095 553 2157 in
571 2094 709 2176 publico,
732 2094 809 2159 foris
847 2099 984 2178 εἱυνμεν
1003 2095 1169 2162 canalium
1221 2101 1351 2173 coctam,
1384 2109 1440 2163 ‘tto
1471 2096 1636 2180 eignificat
1671 2097 1957 2181 congregationem
1992 2105 2024 2159 et
2057 2107 2196 2173 coetum,

194 2182 341 2246 iuvenum
369 2178 496 2264 (ntum
525 2190 603 2243 eunt
631 2181 762 2262 proprie
792 2181 886 2246 eecti
917 2202 993 2245 nam
1023 2194 1103 2248 unz<
1120 2192 1170 2246 eet
1221 2181 1383 2265 significat
1405 2181 1504 2246 etiem
1526 2181 1709 2247 eonsilium.
1753 2180 1821 2247 Sed
1850 2182 2003 2265 quoniam
2032 2181 2195 2264 propheta

193 2266 333 2350 eligere:
356 2265 413 2330 sed
436 2268 481 2329 ita
504 2274 664 2331 vocantur
686 2268 831 2342 invenes,
855 2268 908 2349 qui
932 2269 1067 2331 suntin
1090 2269 1169 2333 flore
1221 2267 1373 2350 loquutus
1397 2277 1448 2331 eet
1470 2267 1510 2331 de
1528 2267 1653 2349 plateis,
1676 2268 1808 2332 videtur
1827 2287 1897 2332 esee
1915 2266 2087 2331 antithesis
2109 2269 2195 2331 inter

195 2351 324 2438 aetatis)
346 2351 509 2416 similite:
537 2353 685 2433 quoniam
713 2353 808 2416 etiam
828 2352 879 2417 vir
899 2373 969 2417 cnm
996 2373 1095 2418 υυονε
1121 2374 1169 2418 cc·
1220 2352 1362 2435 compita
1384 2360 1417 2416 et
1439 2353 1528 2417 inter
1556 2353 1708 2418 consilia:
1740 2355 1830 2436 quasi
1859 2352 1990 2430 diceret,
2018 2353 2111 2434 pueri
2141 2350 2192 2417 lu-

190 2438 327 2518 pientar,
349 2456 443 2502 εευευ
464 2457 533 2501 ευνυ
550 2436 643 2519 pleno
662 2437 793 2502 dierum.
1221 2437 1305 2502 dunt
1331 2439 1366 2501 in
1393 2438 1520 2521 plateis,
1551 2447 1664 2504 carent
1691 2439 1780 2503 omni
1814 2439 1962 2504 consilio:
1997 2437 2053 2502 sed
2085 2447 2192 2503 tamen

1221 2524 1469 2608 egoinvolvam
1492 2545 1547 2587 eos
1570 2533 1602 2588 et
1625 2523 1766 2603 senibus,
1790 2537 1823 2588 et
1845 2524 1933 2602 viris,
1956 2524 2032 2606 quia
2061 2521 2192 2588 obnoxii

282 2608 346 2673 Hic
369 2606 466 2672 altius
483 2609 632 2691 exsurgit
649 2607 815 2690 propheta,
835 2610 986 2690 quoniam
1005 2629 1069 2673 non
1090 2610 1169 2674 entis
1221 2618 1299 2674 suut
1332 2610 1393 2690 ipei
1428 2631 1557 2692 quoque
1596 2610 1659 2673 Dei
1698 2609 1827 2675 iudicio.
1882 2609 2001 2673 Postea
2033 2607 2191 2693 adiungit,

195 2696 257 2760 fuit
279 2693 469 2776 simpliciter
491 2712 671 2775 proponere
694 2693 874 2759 doctrinam
904 2695 989 2776 apud
1020 2694 1168 2761 hominee
1223 2693 1397 2760 Consilium
1417 2696 1578 2759 invenem:
1599 2696 1675 2777 quia
1697 2696 1769 2778 plus
1784 2706 1834 2759 eet
1855 2694 2046 2778 prudentiae
2068 2704 2102 2758 et
2123 2714 2192 2760 mo-

196 2781 410 2865 praefractos:
438 2778 495 2844 sed
517 2778 660 2860 oportuit
682 2779 778 2842 etiam
803 2780 909 2843 acrius
938 2781 1026 2864 ipsos
1053 2780 1167 2845 stimu·
1221 2778 1398 2844 derationis
1421 2781 1453 2843 in
1483 2781 1655 2846 iuvenibus
1683 2780 1738 2863 qni
1769 2781 1832 2844 iam
1862 2779 2083 2845 adoleverunt.
2126 2779 2191 2843 Ne·

195 2867 274 2946 lare,
296 2874 329 2930 et
350 2864 517 2930 interdum
539 2864 638 2929 etiam
668 2864 847 2941 confodere,
879 2866 954 2948 quia
981 2887 1047 2930 non
1077 2875 1166 2949 pote·
1220 2885 1284 2948 que
1307 2866 1393 2930 enim
1417 2878 1529 2932 ntum
1551 2874 1670 2932 vocant
1690 2865 1834 2932 Hebraei
1852 2864 2074 2931 adolescentes
2096 2867 2192 2948 quin·

195 2960 272 3018 rant
294 2952 390 3016 aliter
412 2951 513 3015 affici:
544 2959 638 3014 tanta
659 2961 730 3014 erat
750 2950 881 3014 illorum
913 2951 1056 3016 durities.
1100 2952 1166 3016 Re·
1219 2952 1325 3016 decim
1353 2970 1534 3016 annorum:
1563 2951 1620 3016 sed
1649 2952 1736 3017 viros
1765 2953 1821 3035 qui
1851 2951 1913 3014 iem
1941 2960 2017 3015 eunt
2044 2950 2192 3034 integrae

196 3038 279 3103 tinet
299 3037 400 3122 igitur
429 3035 590 3119 propheta
618 3034 707 3101 illam
738 3035 907 3114 rationem,
934 3036 974 3100 de
1003 3058 1066 3119 qna
1096 3038 1166 3102 heri
1219 3038 1337 3101 aetatis
1366 3048 1398 3101 et
1421 3042 1585 3102 maturae:
1613 3050 1646 3103 et
1675 3058 1792 3103 nomen
1817 3036 1889 3120 hoc,
1918 3035 2192 3119 quemadmodum

197 3124 320 3190 dictum
342 3123 413 3187 tuit.
460 3123 503 3186 Et
532 3120 604 3185 ideo
634 3121 772 3186 affirmat
800 3141 834 3185 se
862 3123 992 3203 plenam
1023 3143 1087 3187 esse
1118 3124 1166 3187 in·
1219 3119 1298 3201 dixi,
1320 3120 1490 3187 deducitur
1512 3145 1531 3187 a
1554 3121 1691 3189 delectu.
1731 3121 1799 3204 Qui
1821 3143 1900 3207 ergo
1922 3123 2054 3187 suntin
2078 3123 2192 3188 aetatis

194 3210 373 3294 dignatione
392 3206 466 3273 Dei.
506 3206 624 3271 Posset
647 3207 707 3272 hoc
726 3207 826 3288 accipi
844 3209 975 3291 passive
997 3214 1030 3273 et
1051 3209 1167 3285 active,
1218 3209 1297 3272 flore
1326 3207 1376 3272 illi
1403 3218 1565 3273 vocantur
1598 3221 1729 3292 ntum,
1762 3209 1914 3292 quoniam
1944 3207 2083 3291 praediti
2116 3211 2193 3274 sunt

196 3315 314 3378 nempe
336 3292 421 3377 quod
444 3292 601 3376 prophete
623 3303 735 3358 sancto
757 3293 825 3358 celo
843 3294 1066 3373 excandescat,
1090 3315 1168 3377 quo·
1219 3293 1366 3373 coneilio,
1392 3314 1499 3377 neque
1521 3297 1555 3358 in
1577 3295 1725 3377 compitis
1745 3296 1792 3360 ita
1814 3293 1991 3371 exsultant,
2020 3303 2059 3357 nt
2087 3293 2191 3375 pueri.

196 3381 284 3446 niam
306 3379 448 3444 sustinet
470 3398 600 3444 causam
623 3377 702 3442 Dei:
726 3379 777 3443 vel
801 3379 885 3462 quod
907 3379 1098 3445 exhorreret
1120 3381 1168 3445 iu·
1219 3378 1386 3462 Propheta
1408 3380 1461 3444 hic
1483 3380 1570 3456 dicit,
1599 3380 1668 3444 Iam
1690 3381 1741 3445 ira
1763 3381 1827 3444 Dei
1849 3388 1916 3443 tam
1946 3393 2044 3460 super
2072 3399 2192 3461 parvos

196 3466 326 3546 dicium,
349 3465 389 3530 de
409 3485 472 3547 quo
495 3479 601 3529 tamen
624 3463 759 3528 minime
781 3464 912 3530 solliciti
931 3474 1027 3530 erant
1044 3465 1166 3531 Iudaei.
1219 3486 1254 3530 ee
1288 3462 1432 3529 effundet
1465 3485 1562 3547 quam
1596 3486 1694 3547 super
1727 3465 1861 3547 electos,
1892 3464 1947 3545 qui
1979 3462 2192 3528 adoleverunt

196 3550 263 3618 Sed
286 3571 351 3616 non
375 3550 510 3615 dubium
533 3558 582 3615 eet
604 3549 684 3633 quin
706 3551 760 3616 hic
789 3549 940 3632 loquatur
963 3572 1003 3615 ex
1033 3552 1168 3634 spiritus
1219 3570 1321 3632 neque
1352 3549 1392 3613 ad
1422 3549 1670 3634 annosviginti
1700 3558 1733 3614 et
1762 3549 1904 3634 triginta.
1954 3547 2045 3628 Quia,
2073 3548 2190 3630 inquit,

196 3639 299 3704 saneti
322 3637 492 3703 instinctu:
516 3635 608 3719 quasi
632 3635 754 3702 diceret
775 3657 810 3701 ee
832 3655 896 3699 non
916 3636 1059 3717 proferre
1081 3636 1167 3718 quod
1218 3636 1269 3700 cir
1296 3654 1366 3699 cnm
1394 3635 1524 3700 mnliere
1550 3635 1849 3718 conprehendantur,
1882 3653 1976 3698 senex
2003 3653 2074 3700 cnm
2094 3635 2191 3716 μῑευο

196 3724 368 3789 inanimo
398 3743 456 3787 suo
486 3723 643 3803 concepit,
672 3720 730 3786 sed
759 3721 844 3804 quod
874 3721 1031 3786 dictatum
1058 3722 1169 3785 fulta
1219 3721 1339 3786 acidis.
1384 3720 1508 3786 Putant
1530 3720 1639 3786 vocari
1662 3721 1795 3804 plenum
1819 3720 1946 3798 aetatis,
1977 3720 2109 3798 dierum,
2133 3720 2189 3803 qui

196 3810 314 3895 spiritu
344 3808 417 3873 Dei.
467 3807 624 3871 Refertur
656 3807 691 3870 in
720 3827 849 3871 summa
877 3806 957 3872 haec
985 3807 1168 3890 indignatio
1219 3808 1284 3871 iam
1308 3807 1350 3870 eit
1380 3807 1573 3888 decrepitus.
1619 3804 1686 3872 Sed
1719 3829 1777 3891 per
1809 3820 1852 3902 ppt
1886 3804 2036 3889 intelligo
2068 3826 2190 3885 senem,

197 3896 238 3962 ad
267 3894 463 3960 doctrinam:
498 3892 589 3975 qnaei
619 3892 748 3971 diceret,
785 3890 821 3958 Si
852 3892 1078 3958 vehementius
1106 3913 1167 3975 ago
1220 3892 1276 3974 qui
1297 3893 1363 3956 iam
1384 3894 1587 3975 propinquus
1609 3895 1660 3959 est
1687 3894 1801 3957 morti:
1827 3913 1885 3975 per
1913 3891 2046 3974 plenum
2076 3893 2191 3956 aetatis

198 3981 373 4058 vohiscum,
395 4000 436 4043 ne
459 3979 580 4061 putetis
601 3977 768 4042 hominem
790 3977 958 4042 iracundia
980 3990 1166 4061 corruptum
1219 3977 1369 4062 intelligo
1392 3998 1504 4043 omnes
1519 3979 1575 4060 qni
1590 3977 1656 4043 iam
1672 3990 1751 4043 sunt
1766 3978 1897 4042 maturi:
1921 3975 2193 4059 quemadmodum

197 4067 342 4133 oblivisci
363 4063 558 4130 modestiae:
587 4083 661 4127 nam
690 4064 826 4147 spiritus
849 4063 912 4127 Dei
940 4065 1026 4146 rapit
1055 4085 1107 4128 me
1135 4073 1168 4129 et
1219 4063 1260 4128 ab
1283 4085 1369 4128 anno
1391 4064 1435 4128 50
1458 4085 1559 4146 usque
1583 4063 1623 4129 ad
1646 4064 1689 4131 80
1710 4072 1845 4148 possunt
1869 4064 1977 4129 vocari
2006 4063 2096 4145 pleni
2126 4063 2193 4129 die·

198 4152 346 4236 impellit.
393 4148 562 4232 Quidquid
585 4159 636 4213 eet
664 4150 766 4234 igitur
794 4149 1027 4233 indignationis
1048 4150 1083 4214 in
1106 4149 1167 4213 lin·
1219 4170 1302 4214 rum.
1342 4147 1513 4232 Significat
1528 4150 1562 4214 in
1578 4170 1715 4229 summa,
1738 4150 1901 4215 neminem
1924 4149 1991 4213 lore
2012 4151 2192 4214 immunem

198 4260 261 4320 gna
284 4259 365 4317 mea,
393 4235 548 4319 quidquid
578 4244 627 4301 eet
650 4234 883 4313 vehementiae,
912 4247 945 4300 et
974 4236 1167 4319 asperitatis,
1221 4257 1241 4301 a
1270 4235 1415 4300 vindicta
1449 4236 1521 4318 Dei,
1556 4237 1709 4318 quoniam
1741 4245 1889 4320 grassata
1917 4236 2015 4300 fuerit
2042 4235 2193 4316 impietas

198 4337 230 4390 et
252 4325 424 4399 minarum,
446 4321 507 4386 hoc
529 4327 580 4385 est
601 4342 620 4383 n
643 4321 760 4403 spiritu
784 4322 856 4399 Dei,
885 4343 950 4386 non
974 4343 1015 4386 ex
1038 4322 1167 4404 proprio
1220 4322 1307 4386 inter
1336 4342 1450 4386 omnes
1479 4326 1593 4398 status,
1628 4335 1659 4385 et
1688 4320 1829 4400 ordinee,
1863 4330 1895 4385 et
1928 4327 2050 4386 aetates
2083 4321 2191 4385 etiam.

197 4409 338 4475 hominis
361 4428 469 4474 sensu.
515 4406 588 4471 Hoc
610 4407 675 4470 fine
697 4406 776 4471 dicit
797 4427 830 4472 εε
850 4406 996 4488 repletam
1025 4428 1091 4473 esse
1118 4409 1168 4473 in·
1221 4405 1387 4490 Sequitur,

196 4495 375 4578 dignatione
396 4493 469 4560 Dei.
504 4492 549 4555 Et
570 4512 653 4574 quae
674 4503 855 4574 sequuntur
874 4494 1067 4558 confirmant
1082 4494 1168 4560 hanc

196 4582 400 4648 sententiam.
437 4579 525 4643 Dicit
546 4579 634 4643 enim
657 4598 690 4643 εε
709 4578 878 4661 sctiqotnm
895 4599 960 4644 εεεε
975 4579 1169 4645 continendo:
1308 4580 1357 4644 12.
1387 4578 1431 4643 Et
1451 4578 1608 4645 volvente
1630 4577 1734 4663 (quaei
1757 4599 1814 4661 per
1836 4579 2018 4656 circuitum,
2042 4577 2122 4643 haec
2143 4588 2193 4642 eet

197 4669 289 4750 qnasi
320 4667 451 4748 diceret,
486 4668 616 4728 tantum
645 4684 715 4728 esse
745 4664 901 4746 impetum
932 4665 1000 4729 irae
1029 4665 1101 4747 Dei,
1133 4674 1168 4729 ut
1220 4667 1354 4748 propria
1376 4665 1579 4749 significatio,
1603 4665 1786 4751 vertentur)
1808 4665 1919 4730 domne
1940 4684 2046 4728 eornm
2060 4665 2103 4729 cd
2117 4664 2192 4728 olic-

197 4753 290 4835 quaei
312 4758 495 4834 rumpatur,
515 4749 577 4814 nisi
596 4756 747 4833 erumpat
764 4750 797 4813 in
818 4749 902 4815 hane
919 4751 1167 4815 vehementiam.
1220 4771 1292 4815 nos:
1321 4750 1393 4833 apri
1415 4756 1573 4816 stannes
1594 4750 1757 4815 similiter:
1782 4752 1861 4832 quic
1881 4749 2042 4815 mendam
2063 4769 2192 4814 manum

197 4839 242 4904 Et
263 4837 340 4905 hinc
363 4837 552 4919 colligimus,
575 4834 846 4917 quemadmodum
870 4835 950 4915 dixi,
973 4835 1055 4900 nihil
1078 4836 1167 4901 aliud
1219 4857 1320 4901 mecm
1343 4835 1648 4917 superhumelare
1668 4842 1777 4917 terrae,
1797 4837 1872 4902 dicit
1892 4833 2037 4899 Ielrovah.

197 4923 389 5008 prophetem
414 4922 535 5002 testari,
559 4941 656 5002 quam
676 4942 711 4986 se
726 4941 792 4985 non
811 4920 934 5003 impelli
951 4922 1002 4987 vel
1020 4920 1168 5006 indigna-

197 5010 287 5075 tione
308 5009 447 5093 propria,
472 5006 524 5071 vel
547 5007 610 5071 alio
632 5008 739 5071 carnis
761 5028 839 5072 suae
862 5018 970 5071 motu:
998 5006 1054 5071 sed
1077 5009 1168 5089 sequi
1307 5004 1457 5090 Speciem
1492 5028 1592 5072 unam
1626 5007 1788 5073 vindictae
1826 5006 1981 5088 exprimit
2021 5005 2191 5089 duntaxat,

198 5095 465 5176 necessarioque
489 5094 592 5158 fertur
614 5093 773 5158 instinctu
797 5112 913 5157 arcano
935 5094 1068 5175 spiritus
1092 5093 1166 5158 Dei:
1220 5091 1305 5174 qnod
1329 5092 1451 5160 scilicet
1472 5093 1698 5176 spoliabuntur
1720 5093 1831 5158 Iudaei
1854 5101 1952 5171 terra,
1975 5113 2072 5175 quam
2095 5103 2190 5176 puta·

197 5202 315 5266 nempe
336 5204 379 5245 ne
402 5179 547 5244 doctrina
576 5180 644 5244 eins
673 5190 863 5261 spernatur:
894 5178 1168 5261 quemadmodum
1221 5180 1301 5243 bant
1322 5178 1382 5244 sibi
1406 5199 1533 5261 semper
1555 5179 1764 5263 tranquillam
1791 5178 1869 5243 fore.
1916 5177 2081 5260 Quoniam
2104 5181 2191 5246 enim

197 5267 311 5333 Iudaei
334 5264 459 5352 pridem
482 5275 694 5332 assueverant
717 5264 757 5329 ad
786 5286 845 5331 sua
873 5264 1022 5346 ludibria,
1053 5266 1091 5330 'ut
1120 5264 1167 5329 di·
1222 5263 1344 5329 dictum
1367 5273 1446 5345 erat,
1466 5264 1557 5332 Haeo
1581 5267 1708 5350 requies
1731 5285 1802 5331 mea
1819 5265 1853 5329 in
1874 5264 2038 5332 saeculum
2061 5266 2191 5348 saeculi,
