4784 5970
190 336 228 399 ll
1070 333 1120 400 IN
1147 332 1315 400 ISAIAM
2150 337 2193 402 12

187 521 658 624 minibuspraestsntissimum
676 518 878 599 naturaliter,
896 519 993 604 idque
1003 521 1161 587 vanitatis
1213 521 1391 587 absurdum
1412 545 1477 589 non
1500 533 1550 591 est
1572 526 1695 591 virtute
1724 525 1859 608 spiritus
1888 526 1997 592 omnia
2024 525 2192 609 reparari:

189 609 337 675 domnam
366 606 583 690 aprophets:
618 607 692 687 quia
721 607 833 672 subest
861 606 961 672 taeita
988 607 1160 672 antithesis
1212 618 1309 688 atque
1336 627 1451 675 rursus
1480 609 1592 676 eodem
1620 611 1655 674 in
1686 609 1824 676 nihilum
1854 611 1959 695 redigi
1983 632 2067 695 quae
2097 611 2193 694 prius

188 695 276 761 inter
297 712 501 760 communem
524 693 653 775 generis
680 690 816 756 humani
843 703 995 756 naturam
1022 702 1056 756 ιι
1085 713 1160 775 gra·
1212 690 1334 775 aliquid
1360 715 1431 760 ιιιι
1454 693 1656 762 videbantur.
1701 695 1791 762 Nihil
1813 697 1901 761 enim
1923 718 2037 762 sumus
2066 697 2130 761 nisi
2155 696 2191 760 in

189 781 270 845 tiam
290 777 556 863 regenerationis.
596 776 755 842 Nonnulli
776 777 972 859 interpretes
993 776 1035 841 ad
1058 779 1160 861 Assy·
1212 778 1293 843 Deo.
1330 776 1372 844 In
1394 800 1434 845 eo
1456 790 1565 846 autem
1588 791 1625 846 ut
1645 782 1837 864 inoipiamus
1859 782 1982 866 aliquid
2005 802 2085 861 essa,
2110 791 2191 847 ante

189 864 255 931 rios
277 865 339 931 hoe
361 864 518 943 referunt,
545 884 582 928 ιι
605 861 633 926 ιι
653 882 766 927 eorum
790 863 976 944 potentiam,
999 883 1086 945 opes,
1108 863 1160 927 in·
1211 863 1361 929 eonvinei
1390 877 1519 949 oportet
1548 880 1678 932 nostrae
1708 867 1882 948 vanitatis,
1913 877 1951 932 ut
1982 868 2054 934 eius
2087 867 2191 950 probe

190 950 358 1027 dustriam,
381 958 516 1015 eonatus
539 955 729 1026 extenuans,
752 948 817 1012 imo
839 946 1019 1030 pronihilo
1038 948 1160 1014 dueens
1211 949 1331 1015 consoli
1354 949 1466 1016 ιιιιιιιι.
1508 953 1687 1035 Propterea
1708 952 1871 1017 Dominus
1891 953 1981 1018 efflat
2002 953 2035 1017 in
2058 974 2128 1030 nos,
2152 964 2191 1016 ut

190 1036 349 1119 propheta
377 1044 534 1100 terrorem
564 1033 723 1098 eximeret
749 1032 889 1098 Iudaeis
933 1033 1033 1099 Hune
1059 1034 1160 1116 igitur
1212 1054 1272 1099 nos
1304 1055 1347 1100 ex
1380 1037 1472 1102 nobis
1505 1039 1584 1121 ipsis
1617 1037 1700 1103 nihil
1732 1057 1803 1103 ιιιι
1834 1036 2068 1121 intelligemus.
2113 1038 2190 1103 Iam

190 1141 323 1187 sensum
344 1121 494 1184 elioiuut:
524 1117 561 1185 Si
584 1139 643 1184 vos
673 1117 861 1184 exanimant
890 1118 1034 1184 hostium
1065 1120 1159 1201 vires,
1212 1139 1291 1185 vero
1313 1130 1352 1184 ut
1372 1121 1495 1188 seirent
1512 1144 1624 1188 omnes
1647 1121 1838 1206 prophetam
1857 1144 1922 1189 non
1941 1122 2028 1205 loqui
2047 1123 2088 1188 de
2106 1123 2190 1189 alie·

190 1207 404 1272 memineritis
421 1225 551 1271 earnem
567 1226 646 1281 esse,
668 1225 750 1286 quae
765 1225 825 1268 sua
842 1205 1032 1269 infirmitate
1049 1204 1160 1271 statim
1213 1205 1351 1289 nigenis,
1374 1207 1430 1272 sed
1453 1207 1492 1273 de
1515 1207 1633 1292 populo
1655 1210 1726 1290 ipso
1749 1207 1804 1290 qui
1826 1207 1891 1274 Dei
1913 1209 2044 1273 nomine
2066 1208 2191 1293 gloria-

190 1292 341 1358 ooneidit.
387 1289 453 1366 Sed
476 1310 588 1355 eornm
610 1309 702 1353 error
722 1289 820 1371 paulo
848 1299 921 1371 post
942 1311 984 1354 ex
1005 1294 1161 1355 eontextu
1212 1290 1319 1370 batur,
1331 1291 1502 1359 subiunxit
1512 1293 1668 1377 populum
1681 1295 1813 1358 foenum
1824 1313 1903 1358 esse.
1930 1294 2191 1360 Existimassent

190 1377 366 1459 refellitur,
401 1376 456 1441 ubi
491 1374 648 1457 propheta
682 1373 802 1462 diserte
835 1374 876 1438 ad
905 1375 1043 1441 Iudaeos
1072 1376 1160 1458 ipsos
1213 1375 1300 1440 enim
1323 1375 1437 1442 Iudaei
1459 1400 1495 1444 ss
1517 1378 1711 1445 anteeellere
1733 1386 1766 1444 et
1787 1377 1948 1463 dignitate
1971 1379 2045 1446 ahie
2074 1400 2190 1461 praes·

191 1462 421 1529 aooommodat.
466 1459 651 1544 Diligenter
674 1481 751 1524 vero
773 1458 950 1525 tenendum
973 1469 1032 1538 est,
1055 1471 1160 1525 totum
1214 1472 1294 1541 tare,
1316 1460 1452 1545 ideoque
1474 1486 1494 1529 a
1515 1465 1680 1530 eommuni
1703 1464 1839 1529 aliorum
1867 1474 1954 1529 sorte
1976 1464 2190 1530 eximendos:

190 1546 358 1613 hominem
387 1568 462 1613 oum
490 1546 558 1610 suis
591 1544 799 1612 faoultatibus
830 1547 903 1611 flori
936 1547 1091 1624 eonferri,
1125 1547 1160 1610 in
1212 1567 1267 1612 eos
1288 1547 1390 1630 igitur
1412 1552 1541 1633 proprie
1563 1569 1599 1614 ao
1622 1549 1813 1615 nominatim
1836 1550 2017 1632 oompellat,
2040 1572 2082 1615 ne
2105 1549 2192 1633 quid

190 1634 308 1716 quibus
330 1643 499 1714 tantopere
520 1631 582 1695 sibi
605 1630 732 1714 plaeere
752 1631 867 1696 solent.
911 1630 997 1696 Nam
1028 1631 1067 1697 de
1094 1631 1160 1696 fra·
1212 1631 1274 1697 sibi
1303 1653 1381 1715 prae
1409 1633 1481 1699 aliis
1510 1644 1672 1718 arrogent.
1724 1634 1827 1716 Quasi
1857 1635 1979 1702 dioeret
2008 1635 2192 1719 prudenter

188 1718 313 1803 gilitate
345 1717 508 1784 humanae
541 1716 627 1781 vitae
660 1717 740 1782 satis
772 1715 871 1799 vulgo
904 1717 1049 1798 persuasi
1082 1725 1160 1782 sunt
1212 1738 1268 1782 ιοι
1290 1718 1411 1796 faeere,
1445 1721 1472 1784 si
1495 1721 1638 1802 inopiam
1661 1740 1754 1784 suam
1767 1720 1958 1802 ¹repetundo
1980 1741 2112 1786 ornnem
2135 1720 2192 1785 sni

187 1824 309 1882 omnes,
340 1804 380 1869 de
401 1824 465 1886 qua
487 1801 613 1885 profani
636 1803 808 1883 scriptores
830 1800 1027 1885 amplissime
1049 1803 1159 1884 dispu·
1212 1803 1364 1868 fiduoiam
1386 1803 1548 1871 abiioiant.
1585 1806 1625 1870 In
1648 1826 1784 1883 summa,
1806 1826 1907 1887 quum
1928 1807 2089 1888 propheta
2111 1825 2190 1872 eon·

189 1897 312 1954 terunt.
346 1888 414 1955 Sed
435 1887 470 1952 in
493 1886 663 1952 evellenda
685 1886 804 1952 fidutia
826 1908 925 1969 quarn
947 1886 1096 1953 homines
1118 1909 1160 1951 ex
1212 1888 1378 1954 solutionis
1400 1892 1600 1956 mentionem
1617 1891 1756 1967 feoisset,
1779 1891 1920 1956 ostendit
1938 1891 2100 1974 quomodo
2118 1891 2192 1957 sint

188 1974 269 2041 falsa
291 1975 499 2057 persuasione
521 1972 699 2054 sapientiae
720 1973 925 2055 concipiunt,
955 1973 1060 2038 multo
1087 1974 1160 2056 plus
1212 1972 1361 2038 homiues
1383 1975 1424 2039 ad
1447 1996 1520 2041 eam
1541 1975 1773 2060 praeparandi:
1805 1996 1865 2040 neo
1887 1978 1974 2041 enim
1998 1977 2068 2044 eius
2090 1997 2193 2060 eapu-

189 2070 239 2126 ost
261 2059 479 2126 difficultatis:
508 2059 536 2122 si
559 2057 636 2140 quid
659 2058 747 2122 enim
768 2069 825 2123 aut
846 2058 1010 2137 seientiae,
1032 2067 1089 2124 aut
1110 2059 1160 2122 in·
1212 2080 1265 2125 ιιι
1288 2079 1368 2136 esse,
1390 2060 1454 2125 nisi
1477 2063 1567 2144 prius
1585 2062 1620 2125 in
1639 2061 1778 2126 nihilum
1797 2062 1998 2145 redigantur.
2032 2061 2192 2127 Emolliri

189 2144 332 2212 dustriae
354 2145 475 2210 habere
495 2164 531 2210 se
553 2158 684 2225 praeter
714 2144 794 2208 alios
823 2153 956 2226 putent,
987 2145 1102 2209 merito
1125 2163 1160 2208 se
1212 2165 1290 2228 ergo
1302 2144 1454 2210 duritiem
1466 2157 1621 2226 nostram,
1641 2147 1734 2213 deiioi
1748 2146 1955 2214 altitudinem
1967 2153 2001 2211 et
2011 2147 2193 2231 prosterni,

189 2229 324 2314 gloriari
345 2230 557 2296 arbitrantur.
598 2231 644 2294 At
664 2228 745 2293 nihil
770 2239 836 2293 tam
859 2229 1021 2295 expellens
1042 2230 1078 2293 in
1102 2229 1160 2294 ho·
1212 2229 1371 2312 pudefieri
1392 2231 1598 2310 iaetantiam,
1627 2230 1751 2297 domari
1779 2231 1905 2297 animos
1933 2242 2060 2298 nostros
2087 2242 2192 2314 atque

189 2318 279 2382 mine
308 2338 379 2383 esse
407 2313 566 2390 ostendit,
599 2313 685 2397 quod
718 2336 784 2379 non
816 2313 880 2379 eito
913 2324 1092 2381 marossoat
1123 2335 1161 2380 ao
1213 2315 1380 2381 humiliari
1403 2337 1535 2382 neeesse
1555 2327 1615 2393 est,
1638 2318 1667 2382 si
1688 2317 1894 2400 eumaliquo
1913 2317 2018 2383 fruotu
2037 2317 2192 2383 oonsola·

190 2411 311 2484 pereat.
344 2402 484 2466 Videtur
505 2407 615 2464 antem
637 2400 796 2483 pmpheta
811 2400 1045 2467 eorreetionem
1060 2421 1161 2482 quan·
1213 2402 1319 2466 tiones
1348 2403 1513 2482 peroipere
1546 2402 1698 2485 velimus,
1730 2422 1813 2485 quae
1843 2403 1933 2468 nobis
1967 2424 1987 2469 a
2019 2401 2193 2486 prophetis

191 2486 265 2552 dam
294 2487 397 2554 veluti
425 2507 484 2569 per
510 2484 688 2550 ludibrium
721 2484 937 2568 subiungere,
974 2485 1074 2566 Quasi
1102 2485 1162 2564 flos
1214 2487 1278 2551 Dei
1300 2488 1390 2551 iussu
1414 2487 1606 2552 afferuntur.

188 2574 308 2655 compi.-
329 2572 403 2656 plus
422 2571 513 2636 enim
535 2568 690 2652 quiddam
708 2579 758 2636 est
780 2572 948 2653 flosquam
965 2570 1075 2636 herba.
1099 2571 1162 2635 Est
1301 2573 1330 2637 8.
1357 2570 1500 2657 (Arescet
1526 2571 1643 2658 herba.)
1694 2573 1859 2655 Repetitio
1890 2573 1970 2638 baso
1998 2573 2117 2638 iterum
2147 2573 2192 2639 ad

189 2658 293 2742 igitur
313 2657 486 2732 consessio,
509 2654 597 2738 quod
619 2656 749 2722 tametsi
771 2657 911 2738 speeiem
925 2657 1066 2738 aliquam
1083 2675 1161 2738 prae
1213 2656 1584 2723 exinaniendamosrnis
1595 2657 1734 2741 gloriam
1752 2657 1939 2724 subiicitur:
1958 2658 2056 2723 simul
2075 2668 2192 2723 tamen

188 2767 224 2811 se
246 2744 357 2811 ferunt
375 2743 532 2819 homines,
555 2751 713 2824 tanquam
734 2743 768 2806 in
791 2743 878 2824 agris
899 2743 1007 2821 flores,
1037 2744 1092 2824 qui
1115 2751 1162 2806 ιι·
1213 2741 1467 2809 oonsolationem
1485 2743 1641 2825 optimam
1660 2744 1695 2807 in
1713 2763 1748 2808 se
1766 2745 1917 2819 eontinet,
1936 2744 2043 2809 Deum
2062 2744 2193 2809 seilicet

189 2851 264 2896 men
288 2829 428 2911 refulget
448 2827 543 2893 deoor
566 2827 712 2910 protinus
734 2827 850 2892 interit
871 2836 967 2910 atque
985 2828 1161 2906 evanaseit,
1214 2828 1270 2894 ubi
1296 2848 1372 2894 suos
1401 2826 1516 2893 deleuit
1554 2828 1666 2893 statim
1696 2830 1784 2912 ipsos
1815 2830 1941 2912 erigere
1972 2849 2009 2895 ae
2041 2831 2191 2895 relinere.

189 2925 228 2981 ut
249 2915 371 2980 frustra
391 2913 453 2978 hoo
474 2913 581 2977 fallaoi
595 2921 628 2977 ιι
643 2912 733 2976 inani
747 2912 919 2995 splendore
934 2912 996 2978 sibi
1011 2912 1163 2994 plaeeent
1214 2913 1303 2978 Talis
1331 2914 1433 2996 igitur
1463 2924 1513 2978 est
1540 2925 1726 2978 eontextus:
1761 2914 1910 2978 Foenum
1940 2914 2071 2996 quidem
2100 2935 2193 2979 mar·

191 3000 244 3066 vel
266 2998 476 3083 applaudant.
1168 3032 1169 3036 =
1214 3000 1312 3063 oeseit
1330 3011 1428 3081 atque
1444 2998 1567 3073 interit,
1586 2998 1643 3064 sed
1662 3000 1797 3064 verbum
1809 2999 1944 3064 Domini
1963 3000 1998 3063 in
2017 3008 2193 3065 aeternum

276 3086 306 3151 7.
342 3083 499 3170 (Exarsit
530 3081 646 3166 herba.)
700 3082 817 3146 Posset
849 3081 912 3147 hoo
952 3082 1084 3166 quidem
1123 3079 1163 3145 de
1215 3095 1334 3148 manet.
1391 3083 1483 3148 Haeo
1515 3080 1585 3148 sola
1617 3083 1796 3150 eonsolatio
1828 3085 1921 3151 nobis
1961 3085 2089 3167 reliqna
2129 3096 2192 3166 est,

190 3191 342 3255 agrorum
366 3167 608 3252 pulehritudine
636 3167 791 3250 intelligi,
819 3187 915 3249 quam
942 3167 1035 3234 venti
1065 3166 1163 3231 unius
1216 3178 1390 3250 postquam
1413 3166 1634 3234 intelleximus
1656 3190 1755 3251 quam
1776 3171 1891 3234 inanes
1911 3179 1946 3235 et
1968 3170 2061 3236 vaoui
2084 3170 2193 3236 simus

188 3258 328 3339 impetus
339 3254 505 3328 deformat,
521 3253 606 3318 siout
621 3250 740 3317 dieitur
749 3252 882 3318 Psalmo
895 3252 957 3318 103
974 3253 1018 3337 (v.
1033 3251 1072 3317 15
1091 3250 1162 3335 sq).
1217 3253 1375 3318 bonorum
1397 3253 1558 3333 omnium,
1585 3274 1682 3336 qnam
1704 3255 1797 3319 fluxa
1817 3265 1850 3318 et
1871 3254 1992 3321 eadnea
2013 3257 2058 3321 sit
2080 3257 2194 3322 earnis

190 3342 277 3408 Nam
309 3350 441 3407 ventum
474 3338 552 3402 alibi
594 3338 701 3403 voeari
733 3337 796 3402 Dei
837 3338 990 3420 spiritum
1030 3337 1161 3403 seimus.
1216 3348 1347 3404 nostrae
1379 3337 1496 3421 gloria,
1529 3350 1565 3402 ut
1597 3339 1696 3405 verbo
1728 3339 1880 3418 Domini,
1913 3338 2005 3422 quasi
2038 3351 2194 3423 porrecta

190 3426 278 3494 Mihi
310 3434 420 3491 tamen
453 3423 559 3506 magis
590 3422 747 3506 probatur
779 3422 1025 3489 similitudinem
1057 3421 1163 3505 aptari
1216 3444 1327 3501 manu,
1349 3424 1524 3505 erigamur.
1562 3424 1712 3506 Fragiles
1734 3444 1796 3489 nos
1818 3444 1888 3490 esse
1910 3437 1943 3490 et
1960 3425 2109 3503 eadnoos,
2132 3426 2193 3492 sed

190 3511 359 3596 praesenti
379 3528 513 3576 eausae:
535 3508 611 3591 quia
628 3508 749 3591 alioqui
769 3508 936 3575 obseurior
959 3509 1071 3574 fuisset
1093 3506 1164 3573 eius
1216 3508 1365 3574 stabilem
1394 3516 1492 3589 etque
1523 3517 1692 3573 aeternum
1724 3531 1795 3576 esse
1828 3530 2011 3576 sermonem
2034 3511 2193 3576 Domini:

191 3599 285 3663 ratio.
329 3595 507 3680 Exegetiee
528 3615 606 3678 ergo
634 3592 790 3676 exprimit
819 3593 977 3677 prophete
1006 3613 1164 3677 quorsum
1216 3593 1354 3675 denique
1378 3593 1487 3671 vitem,
1510 3613 1594 3675 quae
1612 3596 1644 3658 in
1664 3594 1758 3660 nobis
1776 3595 1893 3674 defluit,
1915 3595 2048 3662 aliunde
2066 3597 2194 3662 offerri.

192 3682 276 3747 illud
299 3683 468 3766 pertineat,
498 3679 645 3745 homines
667 3700 742 3744 eum
763 3699 822 3744 sua
844 3678 947 3762 gloria
968 3678 1052 3745 nihil
1075 3676 1163 3742 eliud
1215 3678 1281 3744 Hie
1303 3688 1372 3743 tota
1399 3680 1561 3762 evangelii
1588 3700 1715 3744 summa
1743 3680 2032 3762 eomprehenditur
2059 3683 2193 3764 pauois:

193 3787 264 3834 esse
283 3788 379 3848 quam
398 3765 549 3831 herbam:
573 3785 690 3846 nempe
709 3764 786 3846 quia
803 3764 936 3848 spiritus
947 3764 1012 3829 Dei
1030 3772 1164 3846 repente
1215 3771 1343 3832 eonstat
1362 3765 1450 3829 enim
1471 3764 1636 3846 agnitione
1661 3773 1790 3830 nostrae
1812 3765 1972 3842 miseriae,
2001 3767 2131 3850 inopiae
2155 3788 2194 3834 ae

193 3873 260 3918 uno
281 3854 363 3918 flatu
384 3871 497 3917 omnes
519 3850 678 3916 absumet.
718 3849 774 3914 Sis
796 3858 906 3915 autem
927 3850 1048 3916 resolvi
1070 3849 1165 3914 debet
1216 3850 1385 3922 vanitatis,
1414 3860 1452 3912 ut
1473 3870 1550 3914 vere
1572 3848 1735 3915 humiliati
1757 3850 1982 3933 confugiamus
2004 3851 2045 3915 ad
2067 3851 2193 3930 Deum,

192 3938 313 4004 oratio:
335 3937 510 4018 Utrunque
524 3936 659 4018 vigeant
675 3934 824 4000 homines
842 3934 1017 4017 praeclaris
1036 3932 1164 3998 dotibus
1216 3956 1237 3999 a
1267 3955 1332 4016 quo
1361 3933 1430 4000 solo
1458 3935 1493 3998 in
1519 3935 1684 4017 integrum
1714 3935 1843 4000 restitui
1872 3956 1931 4000 nos
1959 3946 2096 4019 oportet
2142 3938 2195 4003 Ne

193 4024 318 4102 ornati,
348 4021 446 4088 simul
472 4043 511 4088 ae
537 4020 669 4085 flaverit
690 4020 754 4085 Dei
779 4019 928 4101 spiritus,
958 4020 1101 4086 sentient
1129 4039 1165 4084 se
1216 4040 1295 4103 ergo
1317 4018 1547 4084 exanimentur
1569 4019 1718 4085 homines
1739 4030 1796 4084 aut
1817 4019 2019 4105 frangantur,
2049 4023 2106 4106 qui
2130 4045 2195 4088 nu·

193 4109 276 4174 nihil
298 4129 379 4175 esse.
423 4107 508 4172 Nam
531 4105 617 4187 quod
639 4125 674 4170 se
695 4104 857 4170 inebriant
886 4105 1034 4171 mendaei
1062 4105 1164 4169 eonfi·
1216 4105 1351 4169 ditatem
1373 4124 1466 4169 suam
1489 4115 1522 4169 et
1547 4105 1725 4169 vanitatem
1754 4105 1879 4182 norint,
1913 4109 1990 4188 quia
2019 4118 2195 4174 aeternnm

195 4193 321 4272 dentia,
351 4191 427 4259 inde
449 4191 624 4274 eontingit,
658 4189 733 4272 quia
762 4211 829 4253 non
857 4191 1018 4273 prodeunt
1044 4189 1079 4254 in
1102 4189 1164 4254 Dei
1217 4189 1282 4254 Dei
1305 4189 1440 4254 verbum
1461 4188 1503 4255 iis
1531 4190 1738 4272 proponitur,
1768 4211 1831 4272 quo
1857 4188 1985 4256 abunde
2014 4191 2125 4259 fulsiri
2156 4215 2195 4260 ao

194 4288 417 4363 eonspsetum:
450 4278 507 4343 sed
530 4275 678 4358 quesibi
700 4275 800 4339 libere
829 4276 1012 4354 adulentur,
1041 4274 1166 4341 abdunt
1216 4275 1396 4340 sustentari
1418 4282 1564 4356 possunt.
1598 4275 1762 4340 Doeemur
1783 4284 1953 4358 praeterea
1973 4298 2039 4342 non
2057 4278 2196 4344 aliunde

194 4386 230 4431 ιι
262 4367 297 4430 in
330 4364 480 4430 latebras.
529 4362 619 4445 Ergo
652 4368 689 4425 ut
719 4362 809 4424 fatua
841 4360 962 4425 erroris
995 4358 1165 4425 duleedine
1216 4358 1390 4442 petendam
1413 4380 1484 4424 esse
1506 4359 1772 4437 consolationem,
1803 4381 1900 4441 quam
1922 4361 1963 4425 ab
1985 4364 2194 4444 aeternitate,

193 4450 307 4516 fallere
328 4471 363 4515 se
385 4448 551 4525 desinant,
580 4467 634 4510 eos
663 4445 704 4509 ad
725 4446 788 4510 Dei
818 4445 1037 4527 praesentiam
1063 4443 1165 4509 trahit
1216 4465 1298 4527 quse
1320 4465 1387 4508 non
1410 4443 1487 4507 alibi
1509 4465 1604 4526 quam
1627 4444 1662 4508 in
1684 4443 1756 4509 Deo
1775 4446 1960 4527 quaerenda
1977 4458 2036 4525 est,
2059 4449 2196 4531 quando

194 4535 365 4620 propheta,
398 4540 431 4600 et
462 4532 613 4599 eonoedit
643 4532 759 4595 florere
792 4530 923 4611 quidem
957 4532 992 4594 in
1014 4530 1164 4611 speeiem,
1216 4528 1300 4593 nihil
1323 4530 1505 4612 reperietur
1526 4529 1562 4593 in
1584 4539 1673 4594 terra
1693 4531 1825 4594 firmum
1845 4540 1900 4595 aut
1927 4531 2053 4598 stabile.
2098 4534 2195 4600 Nihil

193 4642 296 4704 quum
319 4643 354 4687 se
376 4642 395 4685 a
418 4620 489 4685 Deo
518 4616 761 4683 subduxerunt:
794 4636 910 4680 verum
939 4613 1039 4679 simul
1068 4624 1164 4695 atque
1217 4615 1305 4679 enim
1337 4615 1442 4698 magis
1475 4613 1650 4696 insipidum
1680 4635 1781 4696 quam
1810 4618 2012 4697 aoquiesoere
2043 4619 2080 4682 in
2101 4625 2195 4686 statu

194 4708 356 4773 Dominus
377 4708 492 4770 flatum
515 4701 670 4779 emiserit,
691 4701 828 4766 interire
850 4704 982 4765 omne'm
1004 4699 1098 4763 illum
1117 4700 1164 4764 vi·
1217 4701 1389 4780 praesenti,
1409 4720 1505 4780 quem
1521 4698 1696 4763 evanidam
1712 4699 1885 4765 oernimus.
1919 4701 2063 4769 Fallitur
2078 4714 2194 4770 autem

194 4813 306 4876 gorem
336 4805 370 4857 et
397 4792 513 4855 florem
541 4797 737 4871 putrescere.
782 4790 829 4850 At
860 4784 991 4850 videtur
1022 4783 1177 4849 offioium
1217 4784 1362 4867 quisquis
1385 4784 1521 4849 solidam
1545 4783 1732 4851 felioitatem
1751 4806 1787 4849 se
1804 4784 1937 4867 adipisci
1956 4809 2050 4868 posse
2068 4803 2196 4873 sperat,

195 4877 379 4945 adseribere
400 4875 532 4959 spiritui
554 4874 617 4939 Dei
640 4870 725 4955 quod
748 4872 787 4935 ab
809 4871 881 4952 ipso
904 4868 999 4952 longe
1021 4869 1163 4934 alienum
1218 4868 1318 4933 donee
1347 4868 1388 4933 sd
1410 4869 1518 4933 Deum
1540 4870 1779 4934 oonsoenderit:
1813 4891 1910 4951 quem
1931 4873 2005 4938 ideo
2028 4877 2196 4959 seriptura

195 4972 259 5028 est:
294 4966 363 5030 eius
386 4962 475 5028 enim
496 4962 549 5025 vis
572 4968 621 5024 est
640 4975 800 5024 renovare
819 4956 937 5020 faeiem
965 4969 1082 5018 terrae.
1126 4952 1165 5018 Si
1218 4962 1387 5018 aeternum
1428 4963 1534 5031 voest,
1575 4962 1612 5017 nt
1644 4957 1783 5019 seiamus
1815 4956 1915 5020 vitam
1949 4956 1989 5022 ab
2022 4981 2061 5024 eo
2096 4962 2196 5028 nobis

196 5069 273 5114 vero
286 5048 446 5114 Dominus
465 5047 617 5129 spiritum
634 5041 831 5120 substrahat,
849 5040 959 5105 omnia
975 5041 1010 5104 in
1024 5037 1164 5103 nihilum
1217 5040 1335 5103 fluere:
1369 5038 1467 5104 sicuti
1494 5040 1557 5103 hae
1584 5037 1656 5120 lege
1686 5059 1745 5103 nos
1771 5040 1833 5104 sibi
1861 5041 1946 5105 filios
1969 5043 2121 5130 adoptat,
2158 5056 2197 5114 ut

194 5132 396 5220 rediguntur.
440 5133 506 5199 Hie
528 5133 624 5214 longe
648 5128 776 5194 diversa
797 5125 962 5209 praedicat
983 5125 1098 5205 Isaias,
1128 5145 1165 5188 ao
1218 5123 1317 5188 faeiat
1338 5143 1416 5190 suae
1437 5122 1692 5188 immortalitatis
1715 5134 1885 5190 oonsortes.
1927 5127 1993 5193 Sed
2014 5151 2137 5213 parum
2162 5133 2198 5199 id

198 5240 349 5304 pugnare
380 5218 510 5286 videtur
539 5237 616 5286 oum
646 5215 773 5280 Davide
803 5211 969 5297 (Pe-104,
1000 5207 1064 5294 30).
1115 5207 1182 5275 Sed
1219 5209 1394 5292 prodesset,
1423 5209 1486 5274 nisi
1513 5209 1596 5274 ratio
1626 5209 1694 5275 eius
1723 5209 1898 5293 quaerendi
1923 5212 2016 5282 nobis
2038 5219 2198 5287 ostende·
