4784 5970
197 374 257 439 193
653 341 656 344 ’
1042 373 1192 442 carun
1212 374 1341 441 xmx.
1504 354 1521 363 ”
2126 375 2190 441 194

193 561 370 626 admodum
402 582 486 627 uxor
519 562 580 626 viri
614 564 744 628 nomine
776 577 808 628 ot
841 563 937 629 titulo
976 562 1163 646 insignitur.
1218 573 1355 647 pergant
1378 561 1531 627 alacriter
1553 562 1586 625 in
1613 562 1737 644 officio,
1770 581 1830 626 nec
1859 561 1966 629 taedio
1995 564 2189 630 flaccescant

195 647 350 712 lsraelem
374 659 483 712 autem
505 667 627 713 acuum
650 665 753 727 vocat,
775 650 891 733 idest,
914 649 1081 716 ecclesiam
1103 649 1165 712 mi·
1217 668 1328 713 eorum
1353 648 1464 713 animi.
1509 648 1598 730 Ergo
1624 648 1651 712 si
1674 647 1839 713 Dominus
1869 668 2010 730 eousque
2031 649 2129 714 fidem
2154 658 2188 715 et

195 734 331 798 nistram
354 751 464 798 suam:
492 735 567 816 quia
596 735 748 799 columna
777 746 827 799 est
859 747 892 801 et
920 737 1165 800 firmamentum
1217 735 1409 815 patientiam
1442 746 1587 797 nostram
1617 732 1754 814 probare
1784 733 1878 813 velit,
1914 747 1950 798 ut
1978 737 2099 801 frustra
2129 755 2188 801 nos

195 820 352 883 veritatis.
408 819 494 884 Nam
528 839 713 884 sermonem
747 842 842 886 sunm
876 820 963 904 apud
996 820 1166 885 ecclesiam
1217 820 1354 902 fatigare
1372 819 1549 892 videamur,
1567 821 1600 882 in
1619 819 1680 884 hoc
1699 832 1808 884 tamen
1826 819 2040 885 conscientiae
2058 831 2189 886 noemae

196 903 353 984 deposuit,
383 915 421 969 ut
441 907 513 969 eius
537 905 717 968 ministerio
748 927 805 989 per
834 907 1024 971 universum
1054 907 1166 970 orbem
1219 905 1403 969 testimonio
1425 906 1626 987 acquiescere
1647 907 1809 969 convenit.
1855 904 1949 985 Quod
1973 905 2001 969 si
2024 926 2084 970 nos
2107 904 2187 970 defi·

195 1003 400 1071 propagetur.
445 989 591 1054 Tandem
620 991 654 1054 in
686 991 751 1056 fine
779 1012 895 1057 versus
924 990 1066 1056 ostendit
1095 991 1167 1074 quis
1217 990 1574 1068 ciathaecconsolatic,
1597 1001 1684 1054 corte
1703 1012 1768 1054 non
1786 989 1936 1055 ducimur
1954 1010 2036 1072 puro
2053 991 2187 1057 affectu:

196 1075 239 1140 sit
273 1075 368 1140 huius
402 1076 578 1140 ministerii
617 1076 706 1152 finis,
747 1087 781 1141 ct
814 1098 972 1160 quorsum
1005 1077 1166 1160 evangelii
1219 1095 1279 1139 nec
1301 1075 1381 1155 Deo,
1405 1076 1462 1140 sed
1484 1076 1606 1140 mundo
1628 1085 1661 1140 et
1679 1076 1847 1140 ambitioni
1865 1087 1995 1141 nostrae
2013 1078 2188 1142 servimus.

195 1160 342 1225 doctores
365 1181 385 1223 a
408 1162 477 1225 Deo
500 1167 673 1226 vocentur:
702 1183 819 1245 nempe
847 1174 882 1227 ut
904 1163 1042 1247 gloriam
1064 1163 1167 1246 ipsius
1218 1160 1333 1243 Itaque
1366 1163 1399 1225 in
1434 1160 1590 1226 eiusmodi
1624 1159 1857 1226 tentationibus
1892 1161 1982 1226 nobis
2022 1161 2063 1226 ad
2102 1162 2189 1228 hanc

193 1243 340 1311 studiose
361 1246 536 1321 illustrent,
565 1259 663 1328 atquc
685 1250 782 1313 etiam
812 1249 897 1332 apud
928 1249 1008 1313 alios
1038 1268 1166 1330 promo·
1218 1247 1412 1312 sententiam
1447 1246 1700 1329 confugiendum
1732 1263 1791 1313 est.
1846 1246 2100 1312 Observandum
2138 1259 2189 1313 est

197 1343 303 1411 veant,
322 1332 406 1415 quod
425 1335 521 1397 etiam
542 1331 694 1397 Christus
715 1334 806 1399 dccet
824 1336 856 1399 in
876 1334 1054 1417 evangelio,
1077 1340 1168 1416 pater
1218 1334 1343 1397 interea
1364 1332 1418 1397 hio
1436 1332 1599 1397 aChristo
1617 1342 1651 1396 ct
1667 1332 1802 1398 ecclesia
1820 1335 2009 1397 universum
2028 1331 2188 1397 mundum

196 1418 343 1497 glorifica
371 1417 476 1481 filium
505 1431 609 1495 tuum,
638 1428 676 1481 ut
704 1419 809 1485 nitius
838 1420 997 1502 glorificet
1026 1430 1059 1484 te
1081 1418 1166 1504 (Iob.
1219 1418 1364 1484 accusari
1383 1419 1637 1498 ingratitudinis.
1683 1418 1767 1483 Nam
1790 1419 1836 1484 sic
1858 1419 2067 1500 conqueritur
2089 1419 2189 1484 eccle·

197 1504 248 1583 17,
271 1501 313 1587 1).
357 1502 514 1568 Summus
537 1523 614 1567 vero
637 1516 686 1568 est
710 1506 762 1571 hic
785 1505 897 1583 honos,
920 1527 983 1588 quo
1005 1505 1168 1570 Dominus
1218 1505 1267 1568 sia
1288 1504 1374 1585 apud
1398 1503 1519 1578 Deum,
1553 1515 1588 1567 ut
1617 1524 1691 1568 cum
1719 1503 1840 1569 mundo
1866 1504 2068 1584 expostulet,
2102 1504 2188 1586 qnod

196 1610 255 1653 nos
278 1587 520 1663 homunciones,
550 1590 679 1653 tametsi
702 1600 871 1673 corruptos
893 1602 925 1656 et
948 1593 1103 1672 impuros,
1126 1590 1166 1654 ad
1219 1589 1381 1671 evangelii
1404 1589 1567 1667 doctrina,
1596 1610 1677 1671 quae
1705 1611 1763 1670 per
1793 1611 1827 1654 se
1857 1589 1975 1653 efficax
2005 1611 2041 1653 ae
2071 1601 2189 1670 potens

196 1674 435 1756 procurandam
465 1674 603 1757 gloriam
636 1695 729 1740 suam
760 1677 947 1742 constituit:
977 1696 1079 1757 ecque
1107 1695 1167 1739 nos
1219 1685 1278 1750 est,
1301 1673 1382 1738 nihil
1413 1675 1498 1756 apud
1528 1676 1636 1757 ipsum
1665 1676 1794 1740 efficiat.
1847 1674 1924 1740 Sola
1952 1683 2062 1738 autem
2093 1674 2190 1757 culpa

196 1760 334 1823 animari
357 1759 458 1839 docet,
489 1770 527 1824 ut
557 1760 698 1824 fideliter
726 1783 856 1845 operam
892 1765 920 1827 ei
955 1771 1100 1826 nostram
1135 1772 1168 1825 et
1219 1761 1333 1824 haeret
1366 1762 1399 1824 in
1428 1762 1634 1826 contumacia
1667 1772 1699 1824 et
1731 1759 1967 1845 ingratitudine
2008 1759 2189 1835 hominnm,

196 1845 384 1926 obsequium
425 1856 637 1929 praestemus.
693 1846 891 1930 Quanquam
931 1848 1004 1931 plus
1044 1847 1167 1929 aliquid
1219 1847 1275 1929 qui
1297 1845 1437 1911 oblatam
1456 1845 1516 1909 sibi
1535 1867 1553 1909 a
1571 1846 1642 1910 Deo
1665 1848 1803 1929 gratiam
1826 1855 1995 1928 respuunt,
2018 1866 2056 1911 ac
2074 1856 2189 1927 sponte

196 1931 378 2012 exprimere
406 1931 510 1995 voluit
544 1931 651 2008 Deus,
688 1933 845 2016 quidquid
880 1935 1033 1998 moliatur
1063 1932 1166 1998 Satan
1219 1931 1460 2015 pcrirevelunt.
1498 1932 1587 1995 Ilant
1603 1953 1698 2005 nunc,
1720 1942 1752 1995 et
1767 1932 1936 1997 Christum
1953 1943 2116 2012 ocensem,
2132 1933 2189 2012 qui

194 2037 270 2082 cum
294 2017 446 2081 omnibus
467 2017 586 2099 impiis,
610 2019 776 2084 victricem
802 2021 870 2083 fore
894 2020 955 2084 Dei
978 2022 1166 2100 potentiam,
1218 2019 1372 2102 exiguum
1389 2018 1550 2100 evangelii
1565 2018 1708 2083 fructum
1724 2027 1856 2082 exstare
1872 2016 1994 2099 dicunt,
2011 2028 2109 2099 atque
2124 2018 2188 2081 im·

195 2115 234 2165 ut
256 2101 395 2183 gloriose
418 2103 599 2184 triumphet
616 2102 779 2182 Christus,
802 2116 835 2169 ct
857 2107 889 2169 in
909 2107 979 2170 eius
997 2103 1166 2187 evangelio
1218 2106 1279 2186 piis
1296 2101 1468 2169 calumniis
1488 2103 1667 2167 doctrinam
1686 2103 1779 2168 verbi
1798 2102 1990 2167 traducunt:
2009 2112 2042 2166 et
2060 2102 2187 2167 labores

196 2187 357 2270 refulgeat
379 2187 442 2251 Dei
464 2189 624 2254 maiestas.
1217 2199 1361 2266 nostros,
1394 2198 1433 2252 ut
1455 2209 1558 2253 vanos
1580 2199 1613 2252 et
1634 2188 1767 2254 inutiles
1796 2188 2016 2267 subsannant,
2046 2186 2188 2270 indeque

281 2274 322 2358 4„
346 2272 431 2357 (Epo
463 2278 566 2338 asam
597 2275 693 2361 aiot.)
743 2276 888 2341 Gravsm
922 2276 976 2341 hic
1009 2276 1166 2356 propheta
1219 2276 1324 2357 potius
1353 2274 1511 2338 excitatas
1545 2273 1672 2353 turbas,
1706 2287 1802 2357 atque
1835 2273 2000 2338 licentiam
2034 2272 2189 2356 peccandi

195 2359 430 2440 querimoniam
453 2361 621 2444 subiungit
643 2363 772 2427 nomine
794 2362 963 2427 ecclesiae:
986 2362 1034 2426 sic
1056 2373 1164 2425 tamen
1218 2363 1372 2425 maiorem
1393 2368 1554 2442 arreptam
1573 2381 1643 2424 esso
1661 2362 1763 2425 aiunt.
1799 2358 2022 2437 Considercnt,
2042 2362 2187 2441 inquam,

194 2460 233 2509 ut
253 2444 383 2508 initium
407 2465 427 2508 a
448 2445 554 2526 capite
576 2448 647 2511 fieri
669 2447 798 2521 debeat,
815 2463 817 2467 ’
833 2448 931 2512 sicuti
960 2457 1058 2512 antea
1081 2448 1165 2511 dixi·
1218 2467 1291 2511 cum
1315 2464 1378 2527 quo
1401 2446 1461 2510 sibi
1484 2447 1650 2528 negotium
1672 2447 1729 2521 sit,
1759 2459 1791 2509 et
1824 2443 1902 2527 quid
1931 2444 2103 2528 proficiant
2129 2464 2189 2508 sua

195 2552 275 2594 mus.
311 2530 529 2612 Conqueritur
552 2552 629 2615 ergo
647 2532 799 2598 Christus
817 2554 892 2599 cum
911 2533 981 2597 suis
1000 2532 1164 2608 membris,
1218 2532 1436 2614 impudentia:
1460 2551 1559 2613 quum
1583 2531 1642 2595 soli
1666 2532 1813 2595 homines
1835 2529 2010 2596 accusandi
2031 2530 2108 2607 sint,
2131 2531 2188 2612 qui

194 2614 280 2697 quod
312 2635 444 2698 operam
472 2616 584 2681 ludere
613 2618 772 2683 videatur.
823 2620 909 2683 Nam
939 2639 1039 2699 quum
1070 2628 1167 2683 antea
1218 2617 1368 2681 inutilem
1386 2616 1558 2701 (quantum
1577 2618 1609 2679 in
1629 2618 1706 2697 ipsis
1724 2615 1785 2700 est)
1805 2617 1894 2680 verbi
1913 2613 2189 2698 praedicationem

196 2722 315 2784 magno
349 2713 381 2763 et
410 2701 610 2767 memorabili
640 2706 786 2768 encomio
817 2704 1010 2785 praedicarit
1038 2704 1104 2767 vim
1134 2717 1166 2767 et
1219 2702 1369 2766 reddunt.
1415 2702 1465 2765 Pii
1491 2722 1565 2765 vcro
1589 2702 1735 2777 ministri,
1759 2701 1877 2782 quibus
1909 2700 2006 2764 valde
2033 2700 2186 2765 acerbum

197 2788 373 2851 efficaciam
405 2787 494 2850 verbi
524 2788 610 2867 quod
644 2789 859 2870 proficiscitur
892 2788 932 2852 ab
966 2808 1022 2852 ore
1054 2790 1164 2871 ipsius,
1219 2798 1268 2852 est
1291 2787 1441 2850 homines
1464 2797 1530 2850 tam
1553 2786 1672 2851 misere
1700 2806 1759 2851 sua
1788 2787 1883 2869 culpa
1912 2787 2032 2868 perire,
2065 2786 2187 2868 quique

197 2886 293 2953 atque
317 2872 442 2935 interea
462 2892 577 2953 parum
600 2883 658 2937 aut
680 2873 763 2937 nihil
786 2884 984 2957 promoveat,
1005 2895 1065 2938 nee
1084 2873 1166 2936 relu-
1219 2894 1253 2937 se
1275 2871 1440 2937 interdum
1463 2872 1621 2949 exedunt,
1651 2883 1685 2936 ct
1713 2892 1859 2936 moerore
1887 2872 2079 2946 conficiunt,
2108 2871 2188 2936 dum

199 2967 271 3022 cent
302 2956 383 3022 haec
413 2957 534 3041 gloria,
567 2978 665 3040 quam
693 2959 786 3024 Deus
817 2960 857 3025 ab
886 2960 957 3023 eius
986 2959 1167 3023 ministerio
1219 2969 1344 3023 tantam
1365 2959 1580 3040 pervicaciam
1613 2960 1842 3039 experiuntur,
1872 2957 1934 3021 hac
1962 2955 2187 3022 consolatione

201 3044 350 3125 requirit:
392 3042 464 3107 ideo
496 3042 662 3109 ecclesiam
697 3045 874 3109 introducit
905 3056 1167 3126 conquerentem,
1219 3044 1346 3108 animos
1379 3064 1454 3108 suos
1482 3044 1628 3125 erigant:
1663 3063 1768 3125 neque
1796 3045 1841 3106 ita
1870 3042 2117 3124 perturbentur,
2150 3049 2188 3106 ut

198 3129 282 3210 quod
306 3129 426 3192 frustra
446 3148 576 3210 operam
599 3150 691 3194 suam
722 3141 908 3209 consumat,
940 3132 1017 3213 quia
1045 3130 1167 3195 scilicet
1218 3129 1370 3212 clypeum
1391 3143 1425 3193 et
1447 3128 1573 3193 hastam
1596 3127 1740 3213 (tametsi
1763 3131 1865 3194 satius
1888 3147 2123 3210 nonuunquam
2141 3128 2188 3210 ip

200 3214 439 3295 praedicatione
476 3216 625 3279 coelestis
665 3216 830 3280 doctrinae
870 3237 933 3281 non
974 3216 1167 3299 resipiscant
1218 3216 1264 3280 sis
1286 3215 1450 3299 videatur)
1472 3213 1635 3279 abiiciunt.
1680 3214 1834 3298 Cogitant
1853 3213 1915 3278 sibi
1944 3215 2027 3279 hanc
2055 3234 2187 3280 causum

203 3302 357 3364 homines.
402 3300 447 3363 Et
472 3310 560 3365 certe
590 3301 651 3367 hoc
681 3323 700 3365 a
729 3303 889 3385 propheta
921 3302 1036 3368 subiici
1069 3300 1167 3366 valde
1219 3321 1292 3366 cum
1326 3300 1459 3365 Christo
1491 3320 1697 3364 communem
1730 3321 1811 3364 esse.
1861 3301 1929 3363 Nec
1962 3300 2048 3363 enim
2080 3299 2119 3364 de
2152 3319 2188 3363 se

201 3406 332 3449 necesse
353 3385 430 3449 fuit:
465 3387 623 3467 primum,
660 3396 695 3450 ut
723 3389 865 3452 sciamus
894 3387 1036 3452 fructum
1065 3387 1167 3463 illum,
1220 3396 1349 3450 tantum
1372 3387 1517 3467 loquitur
1540 3384 1706 3463 Christus,
1736 3385 1830 3449 sicuti
1854 3395 1952 3448 antea
1973 3385 2095 3449 dictum
2119 3395 2187 3448 cst:

200 3472 291 3535 cuius
314 3470 472 3548 meminit,
495 3491 560 3535 nou
583 3493 711 3554 semper
734 3473 837 3538 oculis
861 3472 1029 3538 hominnm
1046 3486 1166 3556 patere.
1219 3471 1276 3536 sed
1295 3472 1439 3535 omnium
1458 3472 1514 3553 qui
1532 3469 1670 3535 fideliter
1687 3472 1748 3553 ipsi
1767 3471 1917 3534 serviunt
1935 3491 2066 3534 causam
2086 3470 2187 3534 susci·

201 3557 285 3620 Nam
318 3555 439 3637 alioqui
473 3559 641 3621 veritatem
665 3560 756 3622 verbi
789 3559 823 3623 in
858 3559 990 3623 dubium
1014 3579 1168 3623 revocare
1219 3559 1284 3639 pit:
1317 3576 1354 3622 ac
1379 3557 1478 3620 veluti
1507 3570 1695 3638 procurator
1726 3557 1871 3620 omnium
1899 3556 2030 3618 nomine
2059 3574 2188 3619 accusa·

201 3663 384 3723 possemus,
418 3662 455 3705 ac
482 3644 639 3724 suspicari
670 3666 748 3708 num
778 3664 885 3709 sermo
908 3644 972 3708 Dei
1001 3655 1085 3708 esset
1111 3644 1168 3725 qui
1220 3645 1341 3707 tionem
1363 3641 1514 3706 intendit.
1549 3642 1790 3722 Conquiescaut
1813 3641 1914 3724 igitur
1935 3641 1970 3703 in
1994 3640 2063 3705 eius
2081 3651 2189 3721 patro·

204 3739 294 3791 tanta
316 3728 480 3808 protervia
502 3750 520 3791 a
543 3728 656 3792 multis
686 3730 913 3793 contemnitur.
957 3727 1102 3802 Deinde,
1132 3740 1168 3792 ut
1219 3730 1319 3803 einio,
1363 3740 1460 3808 atque
1499 3730 1606 3808 ipsum
1647 3746 1777 3790 causam
1810 3747 1904 3791 suam
1945 3726 2029 3790 tueri
2069 3727 2188 3790 sinant.

201 3813 324 3875 invicto
346 3827 378 3876 et
400 3814 563 3877 constanti
579 3814 688 3877 animo
704 3835 887 3897 pergamus,
910 3823 1009 3895 atque
1024 3812 1167 3877 laborem
1220 3815 1404 3878 Provocent
1436 3812 1475 3875 ad
1510 3812 1596 3876 diem
1628 3811 1782 3890 Domini,
1821 3811 1916 3877 sicuti
1950 3810 2070 3876 Paulus
2109 3810 2188 3876 facit

203 3911 350 3962 nostrum
393 3899 532 3961 Domino
571 3900 853 3975 commendemus,
898 3920 994 3982 quem
1035 3899 1167 3963 taudem
1220 3899 1264 3984 (1.
1294 3902 1368 3964 Cor.
1399 3899 1430 3978 4,
1461 3897 1511 3982 4):
1553 3918 1659 3980 neque
1699 3897 1957 3961 adversariorum
1996 3896 2188 3969 calumnias,

202 3982 350 4046 inutilem
382 4003 545 4046 essenon
576 3985 670 4048 sinet.
721 3986 926 4051 Periculosae
955 4005 1032 4069 ergo
1062 3995 1167 4050 tenta
1219 3987 1351 4068 probra,
1381 4000 1437 4048 aut
1459 3983 1602 4048 convitia
1624 3998 1802 4047 morentur.
1847 3983 1932 4047 Nam
1962 3982 2117 4048 iudicium
2139 3983 2189 4065 ip·

201 4069 282 4132 tioni
304 4089 475 4133 occurrere
498 4069 601 4132 voluit
629 4071 800 4152 propheta:
836 4093 878 4134 ne
907 4079 1039 4154 propter
1068 4071 1170 4134 homi·
1220 4093 1328 4137 sorum
1352 4069 1436 4151 apud
1456 4070 1653 4133 Dominum:
1675 4072 1750 4150 quia
1768 4080 1804 4134 ut
1822 4067 1944 4133 centies
1962 4069 2190 4150 vituperentur

202 4176 282 4217 num
305 4156 519 4236 pervicaciam
543 4157 688 4220 animum
711 4157 744 4219 in
768 4157 875 4221 medio
903 4178 1002 4221 cursu
1030 4156 1168 4237 despon·
1193 4178 1240 4220 .a
1274 4155 1411 4229 mundo,
1453 4157 1542 4219 Dens
1575 4166 1684 4219 tamen
1719 4155 1825 4219 fidelis
1864 4174 1962 4236 quam
1995 4154 2190 4237 impendunt

201 4241 344 4304 deamns.
378 4240 424 4303 Et
445 4255 533 4305 certe
554 4240 601 4305 sio
623 4262 642 4304 a
663 4243 864 4322 querimonia
880 4243 996 4324 incipit
1006 4241 1168 4320 Christus,
1221 4261 1336 4322 operae
1359 4240 1553 4322 approbator
1574 4241 1636 4305 erit
1658 4262 1696 4305 ac
1718 4240 1847 4305 vindex.
1893 4240 2015 4305 Contra
2041 4239 2132 4321 impii
2156 4248 2190 4303 et

204 4339 240 4389 ut
275 4338 400 4390 asserat
437 4325 519 4388 nihil
556 4325 616 4389 sibi
656 4329 726 4389 fore
766 4328 932 4394 obstaculo
971 4326 1012 4390 ad
1052 4348 1169 4390 munus
1221 4332 1460 4407 contemptores
1482 4327 1571 4390 verbi
1594 4332 1692 4408 atque
1715 4326 1903 4410 hypocritae
1928 4326 2188 4391 conmemiscant.

202 4410 395 4475 obeundum,
441 4411 567 4477 Clarior
590 4412 650 4476 hoo
673 4411 768 4476 modo
790 4423 875 4478 esset
894 4414 1010 4477 oratio:
1045 4411 1168 4492 Quam·
1221 4413 1305 4476 Nam
1324 4420 1497 4476 accusante
1514 4411 1657 4488 Christo,
1675 4411 1787 4476 nullus
1804 4412 1866 4475 erit
1884 4410 2063 4476 defensioni
2082 4410 2187 4475 loeus:

205 4496 254 4560 vis
274 4497 386 4561 irritus
408 4497 450 4560 sit
477 4497 569 4561 labor
598 4519 704 4575 meus,
735 4499 800 4560 imo
831 4498 954 4563 viribus
984 4518 1083 4582 prope
1112 4518 1170 4562 ex·
1223 4517 1281 4562 nec
1314 4497 1485 4580 quisquam
1518 4516 1556 4561 eo
1589 4496 1828 4562 condemnante
1860 4496 2015 4561 absolvet.
2073 4493 2189 4559 Danda

203 4582 341 4645 haustus
363 4584 424 4644 sim
447 4585 566 4663 absque
588 4584 751 4666 profectu:
787 4583 865 4647 mihi
890 4594 997 4648 tamen
1020 4586 1098 4648 satis
1121 4594 1170 4648 est
1222 4585 1323 4666 igitur
1345 4593 1395 4648 est
1416 4603 1513 4664 opera
1535 4604 1577 4646 ns
1596 4583 1721 4647 fructus
1738 4583 1794 4665 qui
1813 4604 1854 4646 ex
1872 4582 2039 4665 evangelio
2055 4600 2189 4645 manare

203 4666 331 4749 probari
353 4668 542 4749 obsequium
565 4690 672 4733 mcum
696 4668 777 4733 Deo.
822 4673 933 4753 Atque
961 4690 999 4733 eo
1030 4670 1171 4749 pertinet
1222 4669 1317 4733 debet
1350 4669 1446 4750 culpa
1482 4681 1593 4734 nostra
1625 4670 1774 4733 intereat.
1829 4668 1914 4732 Nam
1948 4667 2019 4731 ideo
2051 4666 2188 4750 gloriam

203 4749 288 4833 quod
312 4751 494 4835 subiungit,
526 4755 582 4818 sed
607 4756 763 4820 iudicium
790 4776 891 4820 meum
915 4774 1019 4820 coram
1047 4754 1169 4819 Iebcuc.
1223 4775 1314 4819 suam
1334 4753 1485 4835 patefacit
1505 4754 1675 4827 Dominus.
1698 4766 1734 4819 ut
1751 4754 1931 4820 efficiamur
1949 4752 2073 4817 Christi
2093 4751 2190 4816 disci·

203 4838 347 4902 Tametsi
366 4836 473 4919 palam
496 4839 588 4905 nobis
610 4841 744 4905 minime
766 4849 893 4906 constet
911 4841 1033 4905 fructus
1052 4840 1170 4906 laboris
1221 4839 1299 4922 puli,
1322 4849 1355 4902 ct
1378 4840 1552 4918 plurimum
1576 4839 1717 4903 fructum
1739 4841 1923 4904 afferamus.

207 4925 318 4996 nostri,
342 4932 451 4987 tamen
474 4943 511 4988 ec
527 4928 676 4991 'contenti
695 4947 766 4991 esse
784 4926 943 5002 iubemur,
966 4927 1051 5009 quod
1069 4926 1170 4990 servi·
1306 4924 1336 4989 5.
1358 4923 1418 5009 (st
1437 4944 1518 4989 suno
1539 4924 1614 4989 dicit
1637 4924 1774 5009 Iabere.)
1807 4926 1989 4990 Confirmat
2012 4923 2073 4988 hoc
2091 4941 2189 4988 versu

204 5031 276 5074 mus
309 5008 399 5086 Dec,
440 5010 490 5073 cui
523 5011 711 5093 obsequium
750 5025 898 5077 nostrum
938 5023 1069 5096 gratum
1109 5024 1169 5076 est.
1221 5012 1421 5095 superiorem
1455 5010 1668 5075 sententiam:
1702 5025 1798 5093 atque
1831 5011 2009 5093 pleniorem
2043 5008 2189 5073 consola·

197 5094 357 5160 Christus
380 5096 465 5159 enim
488 5095 558 5177 pios
581 5096 729 5162 doctores
752 5098 792 5163 ad
820 5109 952 5162 strenue
980 5097 1170 5161 luctandum
1222 5097 1343 5161 tionem
1367 5097 1477 5176 affert,
1512 5097 1711 5160 vocationem
1742 5097 1830 5160 illam
1858 5104 2026 5178 repetens,
2057 5104 2091 5158 et
2112 5113 2189 5159 oon-

200 5183 353 5247 hortatur
373 5191 407 5244 et
428 5180 567 5257 animat,
596 5182 697 5248 donec
718 5204 819 5265 supra
841 5183 926 5248 hanc
955 5183 1170 5247 tentationem
1222 5184 1378 5248 scientiae
1401 5183 1630 5258 testimonium,
1660 5181 1744 5265 quod
1767 5181 1859 5244 nohis
1881 5183 1984 5244 instar
2005 5199 2190 5263 propugna-

205 5268 344 5333 viotores
380 5277 566 5349 emergant.
608 5276 642 5332 et
674 5268 862 5351 posthabita
894 5268 1006 5332 mundi
1047 5269 1171 5333 malitia
1222 5268 1288 5334 culi
1315 5287 1387 5334 essc
1415 5266 1519 5333 debet.
1563 5266 1654 5331 Nihil
1684 5267 1772 5332 enim
1803 5277 1852 5331 est
1879 5265 1965 5348 quod
1997 5285 2057 5333 nos
2082 5265 2189 5351 magis

309 5368 421 5423 Calvisi
437 5381 529 5436 opera·
564 5369 621 5424 Vol.
639 5369 801 5425 XXXVII.
1947 5367 1980 5421 13
