4784 5970
193 339 235 404 23
1075 340 1126 407 IN
1148 339 1314 409 ISAIAM
2159 337 2204 404 24

192 529 276 594 tuito
299 529 369 613 regi
390 529 521 607 sineret,
551 530 608 596 sed
635 551 747 596 euram
770 551 884 615 gerere
905 530 974 597 eius
1004 529 1168 611 servandi,
1221 532 1431 614 putabantur,
1457 541 1582 598 mentes
1604 543 1732 598 nostras
1754 532 1794 597 ad
1826 553 1987 599 summam
2015 530 2108 596 illam
2132 526 2201 592 Dei

193 614 308 698 iusque
330 624 364 680 et
386 616 643 682 dominationem
666 619 817 681 retinere.
862 614 929 683 Sed
952 617 1029 700 quia
1052 615 1168 682 huma·
1219 617 1458 701 providentiam
1481 628 1718 685 convertamus.

192 721 273 766 num
300 720 404 784 genus
433 701 568 783 propius
596 703 756 786 respicere
784 703 950 787 dignatur,
980 701 1053 768 ideo
1084 702 1169 767 hane
1305 702 1421 788 (Atque
1443 705 1537 770 diam
1555 703 1668 789 aaut.)
1710 703 1799 780 Hinc
1820 703 1963 768 ostendit
1986 723 2085 787 quam
2110 700 2200 765 levia

192 797 318 870 partem
341 785 455 872 deligit
477 786 645 870 propheta,
676 789 711 852 in
734 807 800 871 qua
829 790 900 853 eins
929 788 1168 871 providentiam
1219 790 1287 854 sint
1309 802 1342 853 et
1364 789 1475 854 inania
1496 789 1700 873 eoramDeo
1723 809 1804 871 quae
1826 788 1934 855 oculos
1958 798 2089 853 nostros
2120 806 2198 870 per·

193 872 407 939 oommendet.
462 870 600 939 Summa
634 872 766 957 quidem
800 884 865 952 est,
906 894 1167 957 quaquaversum
1219 873 1391 958 stringere,
1410 896 1531 958 nosque
1547 876 1703 941 attonitos
1721 873 1856 940 reddere
1872 874 1988 940 solent.
2015 872 2087 938 Nec
2104 871 2199 937 enim

191 967 304 1042 patere
326 957 397 1023 eius
418 959 601 1042 imperium,
631 968 667 1024 ut
689 959 800 1024 omnia
821 980 880 1024 suo
901 960 1035 1025 arbitrio
1057 957 1168 1023 mode·
1219 961 1362 1044 cogitare
1385 981 1559 1044 possumus
1583 961 1622 1024 de
1644 981 1764 1044 magno
1788 960 1894 1043 aliquo
1918 981 1993 1043 rege
2016 958 2097 1040 quin
2123 979 2200 1041 per·

194 1052 286 1110 retur
319 1054 353 1109 et
384 1044 560 1128 gubernet:
598 1045 653 1109 sed
688 1045 772 1128 quod
807 1046 950 1110 maxime
984 1054 1054 1110 erat
1087 1045 1167 1108 utile
1219 1047 1390 1111 turbemur
1412 1056 1480 1110 toto
1503 1047 1611 1111 animo
1633 1067 1670 1111 ao
1692 1059 1891 1129 stupeamus.
1926 1045 2028 1127 Atqui
2050 1042 2200 1109 ostendit

192 1129 336 1214 cognitu,
364 1130 396 1194 in
420 1132 490 1213 ipsa
509 1128 681 1195 homiuum
704 1132 774 1195 vita
796 1131 1080 1213 praesentissimae
1102 1130 1167 1194 Dei
1219 1153 1313 1216 reges
1334 1153 1372 1197 ao
1394 1132 1560 1216 principes
1582 1133 1685 1196 instar
1712 1130 1851 1214 stipulae
1879 1152 1950 1196 esse
1979 1150 2089 1196 coram
2113 1130 2198 1206 Deo,

192 1216 325 1281 virtutis
346 1216 492 1281 illustres
513 1226 607 1281 notas
631 1216 722 1281 docet
744 1218 903 1300 conspici:
933 1219 999 1282 imo
1022 1216 1167 1298 generali
1219 1237 1238 1280 a
1267 1217 1361 1283 cuius
1388 1218 1469 1282 flatu
1501 1217 1592 1283 velut
1624 1216 1755 1282 turbine
1783 1216 1977 1301 quoeunque
2008 1215 2095 1280 volet
2127 1235 2200 1279 mo·

193 1300 340 1366 doctrina
362 1323 427 1367 non
450 1311 623 1366 contentus
645 1303 785 1383 speeiem
814 1304 847 1367 in
877 1302 1020 1367 medium
1051 1322 1165 1384 propo·
1218 1312 1329 1367 mento
1362 1303 1581 1385 expelluntur.
1632 1303 1798 1368 Doesmur
1831 1322 1910 1386 ergo
1939 1321 2109 1384 nunquam
2140 1299 2199 1364 ob-

192 1388 252 1463 nit,
286 1407 351 1469 qua
380 1389 486 1472 magis
515 1389 728 1471 expergefieri
759 1409 817 1454 nos
846 1388 947 1454 decet.
999 1386 1165 1469 Quidquid
1218 1389 1469 1470 stupescendum
1492 1409 1563 1454 esse
1585 1388 1626 1453 ad
1649 1396 1815 1454 creaturae
1844 1388 1945 1452 ullius
1972 1396 2198 1470 conspectum,

191 1472 291 1557 vulgo
313 1472 448 1557 ignobili
471 1471 595 1551 accidit,
618 1475 708 1554 quasi
732 1475 840 1538 minus
862 1483 1010 1557 spectatu
1029 1473 1165 1556 dignum
1219 1474 1298 1556 quin
1332 1473 1404 1539 Deo
1437 1473 1594 1539 honorem
1627 1495 1723 1539 suum
1758 1486 1789 1538 et
1828 1474 1966 1557 gloriam
1999 1470 2198 1537 tribuamus.

191 1559 319 1624 vilescit
342 1578 379 1624 ao
400 1558 567 1643 praeterit.
611 1558 729 1642 Regna
752 1567 872 1634 autem,
895 1569 927 1624 et
950 1559 1166 1636 monarchias,
1219 1559 1315 1641 Quod
1341 1559 1513 1643 diligenter
1536 1581 1556 1623 a
1577 1558 1709 1624 Indaeis
1737 1559 2009 1624 considerandum
2036 1557 2109 1632 fuit,
2141 1559 2200 1639 qui

190 1645 243 1708 vel
274 1644 423 1709 homines
451 1665 578 1709 summa
609 1644 768 1728 dignitate
796 1644 960 1728 praeditos
988 1667 1006 1710 e
1036 1644 1166 1709 sublimi
1219 1645 1443 1711 monarchiam
1476 1645 1565 1709 illam
1595 1644 1846 1723 Chaldaeorum,
1876 1665 1895 1707 a
1924 1645 2040 1726 quibus
2071 1643 2199 1725 captivi

191 1728 354 1808 decidere,
388 1729 543 1812 quaedam
580 1729 709 1794 videtur
742 1752 812 1795 esse
846 1742 951 1795 terrae
985 1731 1166 1796 concussio:
1219 1733 1424 1807 tenebantur,
1449 1752 1614 1814 nunquam
1637 1730 1749 1812 deleri,
1772 1751 1831 1794 nee
1853 1751 1888 1795 se
1905 1751 1948 1794 ex
1963 1750 2077 1794 eorum
2094 1729 2201 1792 mani·

191 1815 271 1880 scite
293 1814 455 1898 propheta
477 1814 598 1880 talibus
614 1815 817 1881 documentis
832 1837 891 1881 nos
908 1817 1037 1881 excitat.
1072 1816 1167 1880 Prin·
1218 1819 1278 1883 hus
1301 1817 1382 1898 eripi
1405 1835 1500 1900 posse
1522 1817 1773 1891 existimassent,
1797 1817 1859 1879 uisi
1879 1816 2023 1880 venisset
2045 1815 2080 1878 in
2104 1835 2200 1879 men-

190 1901 278 1983 oipes
301 1914 389 1966 oerte
411 1915 443 1966 et
466 1902 678 1984 magistratus
700 1904 901 1968 acommuni
921 1913 1007 1967 sorte
1022 1903 1165 1983 exempti
1218 1913 1283 1968 tem
1308 1902 1387 1968 haee
1411 1902 1566 1979 doctrina,
1589 1902 1671 1966 nihil
1692 1903 1810 1966 tamin
1830 1901 1951 1965 mundo
1968 1903 2102 1964 firmum
2126 1921 2203 1965 esee

190 2008 250 2052 neo
282 1985 509 2051 communibus
552 1987 720 2051 hominum
758 1988 898 2052 miseriis
931 1988 1061 2052 obnoxii
1095 2009 1165 2051 esse
1217 1987 1303 2072 quod
1326 2009 1390 2052 non
1413 1987 1454 2051 ad
1473 1988 1536 2052 Dei
1555 1989 1671 2052 flatum
1691 1988 1859 2068 liquescat.
1900 1987 2054 2069 Ergone
2078 1985 2198 2068 despe-

190 2071 355 2137 videntur.
406 2071 586 2154 Splendore
616 2074 703 2137 onim
733 2095 791 2138 suo
819 2074 965 2137 omnium
995 2073 1105 2138 oculos
1134 2083 1166 2136 et
1218 2084 1293 2139 rent
1315 2073 1355 2137 de
1378 2073 1486 2147 salute
1508 2094 1567 2137 sua
1588 2072 1741 2137 admonet
1767 2073 1929 2156 propheta
1952 2072 2070 2149 Deum,
2094 2071 2198 2135 simul

190 2167 317 2223 mentes
339 2159 583 2241 perstringunt:
611 2157 674 2240 ipsi
696 2180 775 2223 vero
800 2180 936 2241 prorsus
959 2157 1165 2223 hebetantur.
1217 2180 1255 2226 ac
1284 2159 1458 2223 fulminare
1482 2159 1621 2224 voluerit
1651 2180 1668 2223 e
1698 2158 1794 2236 coelo,
1823 2159 2003 2223 fracturum
2033 2156 2199 2239 quidquid

188 2243 268 2307 Ideo
290 2244 496 2325 potissimum
526 2243 598 2307 illos
626 2245 773 2308 nominat
804 2244 972 2328 propheta,
1002 2253 1101 2326 atque
1131 2244 1165 2307 iu
1218 2244 1344 2309 roboris
1365 2245 1399 2308 in
1422 2244 1570 2309 hostibus
1593 2264 1648 2308 eos
1671 2254 1782 2319 terret,
1805 2256 1841 2307 ut
1862 2250 2045 2307 evanescat.

189 2328 330 2392 nihilum
354 2349 373 2392 a
395 2327 538 2392 Domino
567 2327 671 2411 redigi
694 2330 894 2411 pronuntiat.
939 2328 1035 2410 Quod
1059 2331 1086 2393 si
1109 2331 1165 2393 ad·
1303 2329 1354 2394 25.
1378 2329 1435 2415 (Et
1456 2329 1549 2477 accip)
1570 2330 1703 2413 Repetit
1725 2331 1923 2411 superiorem
1946 2327 2036 2392 illam
2060 2337 2202 2392 senten-¹

190 2433 307 2478 versus
337 2426 506 2496 magnates
536 2422 570 2477 et
606 2416 765 2498 principes
800 2426 927 2480 tantum
966 2423 1073 2492 potest
1102 2415 1165 2479 Dei
1218 2416 1308 2492 tiam,
1331 2437 1394 2497 qua
1417 2414 1500 2480 dixit
1552 2418 1696 2479 ominum
1717 2436 1779 2478 non
1804 2434 1973 2496 passurum
1989 2434 2028 2477 se
2051 2413 2198 2478 similem

189 2518 326 2577 manus,
361 2497 439 2581 quid
473 2498 511 2562 de
544 2499 643 2583 vulgo
676 2501 874 2565 censendum
910 2499 983 2564 est?
1023 2521 1064 2564 an
1098 2520 1163 2564 non
1218 2503 1290 2566 fieri
1323 2500 1434 2565 idolis:
1468 2522 1509 2564 ne
1536 2499 1650 2565 Iudaei
1680 2502 1789 2564 minus
1822 2499 2002 2563 tribuerent
2035 2499 2105 2562 eius
2141 2520 2200 2582 po·

189 2587 289 2649 etiam
312 2604 371 2667 pro
394 2585 528 2648 arbitrio
544 2604 604 2649 suo
621 2588 804 2667 promiscua
818 2585 1029 2651 multitudine
1045 2595 1164 2663 utetur,
1219 2588 1350 2663 tentiae,
1377 2585 1460 2668 quod
1485 2591 1552 2650 tam
1577 2585 1630 2649 diu
1654 2587 1774 2668 captivi
1797 2599 1906 2649 esseut
1927 2585 1988 2650 suh
2008 2584 2199 2649 infidelium

190 2681 223 2735 et
245 2671 358 2752 quovis
380 2668 550 2753 impellet?
575 2691 617 2734 an
640 2692 705 2734 non
724 2673 754 2736 ei
773 2674 859 2736 vires
882 2684 915 2735 et
933 2672 1035 2735 animi
1057 2672 1166 2752 robur,
1218 2694 1336 2737 manu:
1367 2683 1423 2736 aut
1449 2671 1537 2735 idola
1566 2670 1686 2754 aliquid
1717 2692 1810 2753 posse
1828 2672 2077 2745 existimarent,
2106 2670 2200 2751 quod

190 2755 288 2820 sicuti
310 2756 418 2819 visum
442 2756 513 2832 erit,
536 2764 592 2821 aut
615 2755 704 2822 dabit
726 2768 783 2821 aut
805 2756 949 2822 adimet?
1217 2759 1369 2823 florerent
1394 2779 1505 2821 eorum
1529 2757 1679 2835 cultores,
1709 2757 1825 2838 quibus
1855 2757 1979 2820 servire
2008 2755 2073 2838 ipsi
2100 2777 2199 2839 coge·

276 2841 328 2905 24.
351 2839 630 2924 (Paritaicutaoa
646 2842 807 2928 plessicii.)
841 2844 986 2907 Tametsi
1004 2843 1166 2924 particula
1218 2843 1348 2908 bantur.
1393 2843 1478 2906 Nam
1500 2843 1532 2906 in
1559 2845 1643 2906 hunc
1672 2841 1804 2905 modum
1828 2841 1866 2905 de
1889 2843 1960 2905 veri
1986 2841 2047 2904 Dei
2070 2852 2103 2906 et
2127 2842 2199 2907 ido·

191 2939 236 3019 ‘lb
259 2927 421 3010 significet
451 2927 576 2990 Etiam:
610 2938 719 2991 tamen
750 2928 826 2993 huie
855 2929 925 2993 loeo
955 2928 1060 3010 magis
1089 2948 1165 2992 eon·
1219 2930 1325 2994 lorum
1345 2930 1493 3010 potentia
1511 2928 1706 3009 disputando
1727 2936 1971 3008 comparassent
1991 2926 2100 3009 ipsum
2120 2947 2198 2992 oum

190 3012 284 3077 veuit
311 3010 397 3094 quod
429 3010 554 3075 reddidi
582 3012 674 3076 Adeo
703 3025 747 3076 ut.
793 3013 908 3095 Itaque
935 3014 1075 3093 simplex
1104 3014 1167 3075 erit
1218 3014 1321 3078 idolis.
1366 3013 1445 3077 Ideo
1474 3015 1591 3094 repetit
1620 3014 1710 3093 quasi
1738 3033 1796 3094 per
1825 3011 2100 3094 indignationem:
2134 3012 2199 3079 Cui

191 3119 319 3165 sensus:
355 3097 446 3162 Adeo
479 3105 516 3160 ut
545 3094 633 3161 dicas
666 3097 830 3180 plantatos
864 3116 929 3161 non
964 3098 1073 3173 fuisse,
1106 3118 1167 3161 neo
1219 3120 1271 3162 me
1294 3098 1434 3162 similem
1456 3097 1583 3163 facitis?
1607 3119 1644 3161 ae
1662 3100 1689 3162 si
1710 3096 1840 3176 diceret,
1864 3119 1905 3161 an
1926 3097 2046 3162 vestris
2065 3119 2200 3181 compa-

192 3185 379 3249 eeminatos.
426 3181 647 3265 Amplificatio
671 3192 779 3246 autem
802 3194 852 3248 est
875 3184 946 3247 eius
969 3181 1054 3265 quod
1076 3183 1167 3263 prius
1220 3183 1400 3248 rationibus
1423 3184 1502 3247 mihi
1525 3183 1728 3246 maiestatem
1752 3203 1857 3246 meam
1888 3181 2061 3246 adimetis‘l
2108 3184 2199 3249 Nam

191 3270 328 3334 dixerat.
383 3266 549 3332 Funditus
593 3270 679 3331 euim
720 3267 820 3332 deleri
864 3269 1027 3351 principes
1068 3278 1166 3350 atque
1219 3268 1280 3332 etsi
1309 3268 1458 3332 homines
1489 3269 1577 3331 varia
1607 3269 1749 3351 cogitent
1783 3269 1822 3332 de
1852 3268 1932 3346 Deo,
1963 3288 2104 3350 eumque
2137 3291 2198 3352 pro

192 3355 288 3419 evelli
320 3353 473 3430 ostendit,
508 3360 546 3417 ut
578 3372 619 3416 ne
649 3353 824 3437 vestigium
858 3354 987 3436 quidem
1021 3355 1165 3435 ipsorum
1219 3374 1277 3418 sua
1311 3353 1444 3418 libidine
1473 3353 1717 3431 transforment,
1747 3355 1816 3435 ipse
1850 3367 1957 3417 tamen
1994 3353 2112 3418 similis
2144 3358 2198 3420 sui

190 3439 355 3523 reliquum
377 3440 428 3513 sit,
452 3459 489 3503 ac
512 3439 539 3502 si
563 3459 729 3519 nunquam
753 3439 964 3504 exstitissent.
1000 3437 1165 3518 Quamdiu
1219 3448 1338 3503 manet.
1382 3439 1541 3503 Naturam
1565 3440 1653 3503 enim
1676 3454 1808 3521 propter
1835 3438 2002 3502 hominum
2033 3439 2200 3522 figmenta

192 3536 314 3591 statum
337 3546 433 3591 suum
460 3525 612 3599 retinent,
641 3525 688 3589 sio
717 3524 803 3589 firmi
826 3524 980 3588 videntur
1010 3533 1047 3586 ut
1075 3522 1167 3589 nullo
1219 3545 1284 3589 non
1314 3525 1475 3588 immutat.
1520 3524 1564 3587 Et
1591 3525 1737 3606 apposite
1764 3545 1881 3588 nomen
1910 3525 2011 3590 sandi
2039 3545 2100 3607 pro
2124 3527 2199 3591 Deo

191 3611 329 3676 adverso
351 3632 428 3676 casu
452 3609 545 3674 deiiei
567 3610 701 3692 possint.
736 3609 782 3673 At
803 3609 960 3676 eiusmodi
983 3609 1165 3674 conversio·
1218 3621 1372 3691 usurpat:
1402 3629 1466 3691 quo
1490 3609 1582 3672 titulo
1612 3608 1739 3691 oblique
1768 3610 1916 3692 coarguit
1939 3610 1990 3673 vel
2021 3610 2199 3677 insimulat

191 3716 252 3761 nes
274 3695 424 3762 accidunt
447 3715 529 3777 quae
552 3694 682 3758 deleant
702 3716 823 3760 nomen
852 3696 960 3777 ipsum
984 3704 1016 3759 et
1044 3714 1166 3758 memo·
1217 3695 1355 3760 Iudaeos
1378 3694 1491 3760 foedae
1513 3693 1767 3778 ingratitudinis,
1799 3696 1860 3758 nisi
1888 3698 1926 3757 ut
1947 3697 1988 3758 ab
2018 3715 2056 3760 eo
2084 3717 2199 3780 segre·

191 3782 284 3862 riam,
306 3793 344 3846 ut
367 3781 455 3846 dicas
476 3800 643 3863 nunquam
672 3781 850 3845 exstitisse:
880 3780 978 3863 idque
1001 3801 1066 3843 non
1093 3791 1166 3843 tan·
1219 3782 1287 3864 gsti
1310 3790 1396 3859 sunt,
1419 3781 1465 3843 ita
1484 3780 1626 3844 vicissim
1655 3800 1729 3843 eum
1747 3781 1959 3844 sanctificent.
1994 3779 2087 3844 Nihil
2106 3783 2198 3847 enim

192 3877 263 3935 tum
300 3865 503 3948 hominibus,
544 3865 601 3930 sed
641 3867 739 3929 etiam
780 3866 1017 3931 florentissimis
1056 3865 1167 3947 regnis
1220 3866 1404 3930 sanctitatis
1438 3865 1619 3947 reperietur
1648 3865 1682 3927 in
1713 3864 1773 3928 diis
1805 3868 1961 3947 gentium,
1995 3887 2087 3931 mera
2118 3884 2200 3933 sunt

192 3955 347 4021 accidisse
370 3952 527 4017 ridemus.
573 3950 685 4031 Quum
709 3951 809 4034 igitur
832 3971 950 4034 graves
968 3951 1082 4013 ruinae
1106 3960 1167 4013 tot·
1219 3951 1388 4015 hominum
1419 3950 1586 4031 figmenta.
1630 3948 1739 4013 Atrox
1768 3951 1870 4034 igitur
1900 3951 1939 4013 fit
1962 3949 2033 4015 Deo
2064 3954 2197 4032 iniuria,

191 4041 279 4106 idem
301 4038 369 4102 sint
386 4035 600 4102 formidabilis
620 4040 784 4119 potentiae
800 4037 862 4100 Dei
879 4037 982 4119 signa,
1006 4034 1168 4099 diseamus
1221 4045 1254 4100 et
1284 4034 1417 4117 indigne
1450 4035 1577 4117 cogitur
1606 4035 1639 4097 iu
1669 4035 1825 4118 ordinem,
1856 4036 1911 4099 ubi
1941 4037 2200 4103 committuntur

193 4148 260 4192 non
284 4124 380 4189 inuiti
404 4122 573 4187 fallacibus
602 4130 709 4186 terrae
738 4121 881 4203 fulturis,
915 4122 971 4185 sed
1002 4127 1167 4202 uteunque
1220 4120 1307 4184 idola
1336 4140 1409 4184 cum
1441 4139 1479 4183 eo
1513 4120 1547 4181 in
1582 4130 1754 4195 certamen,
1788 4141 1825 4184 ac
1859 4121 2045 4204 disputatur
2080 4124 2200 4206 plusne

192 4216 371 4297 suppetant
404 4210 513 4292 copiae
546 4217 603 4271 aut
636 4206 738 4286 vires,
779 4205 820 4270 ab
851 4207 924 4289 ipso
958 4205 1167 4288 pendeamus.
1220 4208 1346 4289 possint
1369 4225 1465 4287 quam
1489 4204 1580 4268 Deus
1603 4205 1680 4285 ipse.
2030 4274 2038 4285 ¹

192 4298 307 4381 Neque
325 4295 423 4372 enim,
447 4303 484 4358 ut
502 4293 664 4358 blaterant
683 4292 811 4376 profani
829 4291 987 4367 homines,
1007 4289 1167 4354 mundum
1307 4289 1359 4353 26.
1382 4288 1507 4372 (Tollite
1527 4290 1563 4352 in
1580 4289 1709 4354 sublime
1726 4291 1851 4370 oeulos)
1885 4291 2030 4356 Videtur
2047 4291 2102 4358 hie
2122 4316 2200 4377 pro·

193 4386 298 4449 instar
331 4380 414 4465 pilae
445 4390 555 4444 versat
584 4377 685 4458 Deus,
717 4379 808 4461 quasi
839 4397 913 4441 eum
946 4374 1082 4440 delectet
1117 4374 1169 4440 hio
1220 4376 1320 4459 pheta
1342 4375 1480 4438 nimium
1501 4375 1667 4438 immorari
1693 4378 1726 4439 in
1755 4376 1814 4440 hae
1837 4399 1879 4454 re,
1901 4398 1985 4458 quae
2000 4381 2199 4461 praesertim

194 4468 309 4535 ludus:
349 4466 406 4532 sed
443 4473 480 4531 ιιι
516 4464 653 4548 quisque
695 4465 729 4528 in
767 4462 906 4528 sublime
943 4472 1074 4525 evectus
1110 4474 1169 4540 est,
1221 4460 1305 4524 nihil
1328 4459 1427 4524 habet
1458 4459 1674 4525 obscuritatis.
1720 4460 1872 4525 Pluribus
1901 4462 1988 4525 enim
2019 4468 2200 4532 sententiis

194 4577 230 4620 sc
262 4552 441 4619 insolenter
467 4548 617 4615 iactando
645 4551 742 4615 finem
774 4569 838 4614 non
872 4546 966 4621 facit,
1001 4545 1101 4609 donec
1134 4568 1169 4611 se
1221 4544 1365 4610 inculcat
1383 4544 1468 4626 quod
1490 4545 1634 4609 latentur
1653 4567 1775 4626 omnes,
1798 4547 1978 4612 mirabilem
2000 4548 2059 4612 Dei
2083 4562 2201 4633 poten-

195 4639 395 4727 praeoipitet,
418 4647 455 4701 ut
477 4656 605 4718 semper
626 4644 805 4719 appareant
823 4634 894 4698 eius
911 4630 1040 4696 iudicia.
1073 4629 1169 4694 Unde
1222 4633 1300 4694 tiam
1323 4640 1356 4694 et
1377 4629 1568 4711 sapientiam
1592 4651 1633 4694 ex
1661 4632 1826 4713 praeclaro
1856 4631 1969 4697 mundi
1998 4634 2114 4700 ordine
2145 4657 2201 4703 eo·

196 4729 296 4792 etiam
319 4743 488 4788 monemur
510 4741 681 4803 perperam
701 4719 839 4785 adscribi
858 4719 1006 4782 fortunae
1029 4714 1079 4780 vel
1097 4714 1170 4779 aliis
1221 4716 1343 4798 gnosoi.
1394 4713 1461 4779 Sed
1490 4714 1669 4779 notandum
1703 4728 1751 4780 est
1781 4719 1866 4799 quod
1901 4719 1991 4800 prius
2022 4719 2101 4799 dixi,
2138 4745 2201 4790 nos

195 4812 303 4879 causis
325 4810 435 4875 varios
464 4827 574 4871 rerum
598 4819 745 4870 eventus.
789 4805 858 4870 Nee
881 4804 967 4867 enim
991 4800 1082 4864 Deus
1105 4821 1169 4864 mo·
1222 4813 1289 4864 tam
1322 4798 1482 4881 malignos
1523 4810 1653 4881 tamque
1687 4802 1832 4885 ingratos
1865 4804 1994 4868 divinae
2028 4809 2201 4887 potentiae

195 4906 390 4963 mentaneus
408 4901 533 4959 creator
554 4892 626 4971 fuit,
649 4892 704 4974 qui
723 4911 834 4955 curam
856 4888 965 4971 operis
983 4886 1034 4951 sui
1056 4885 1167 4950 statim
1220 4885 1443 4950 aestimatores
1465 4904 1543 4960 esse,
1576 4899 1611 4949 ut
1637 4906 1732 4968 saepe
1756 4886 1862 4951 Deum
1894 4889 2114 4958 homuncione
2138 4895 2200 4960 ali-

196 4982 360 5049 abiiceret:
394 4981 449 5047 sed
480 4977 608 5044 assidue
634 4997 768 5041 manum
798 4974 959 5040 admotam
991 4970 1100 5052 habet,
1128 4992 1169 5034 ne
1222 4991 1286 5052 quo
1309 4970 1469 5033 minorem
1491 4970 1664 5053 fingamus.
1709 4971 1789 5035 Plus
1812 4974 1896 5038 enim
1916 4984 2080 5041 terremur
2099 5000 2202 5064 saepe

197 5069 276 5154 quid
298 5069 361 5134 nisi
385 5069 456 5133 eins
478 5063 613 5131 arbitrio
635 5069 669 5126 et
691 5062 860 5126 voluntate
888 5069 1013 5143 agatur.
1060 5053 1169 5135 Quum
1221 5055 1313 5119 inani
1335 5057 1432 5119 unius
1455 5053 1595 5118 hominis
1619 5055 1718 5135 larva,
1741 5078 1837 5138 quam
1861 5060 2010 5125 omnibus
2034 5064 2098 5129 Dei
2122 5087 2201 5148 pro·

195 5154 298 5238 igitur
320 5155 431 5219 variae
453 5153 486 5217 in
508 5149 630 5215 mundo
656 5146 807 5213 accidunt
837 5144 1041 5218 mutationes,
1071 5161 1170 5222 quum
1222 5140 1430 5204 missionibus
1445 5141 1684 5236 confirmemur.
1720 5141 1792 5206 Non
1815 5144 1936 5209 frustra
1952 5147 2052 5228 igitur
2074 5153 2203 5232 repetit

196 5243 287 5306 fluxa
308 5247 341 5305 et
358 5239 480 5306 caduca
497 5257 567 5303 esse
586 5235 732 5302 videmus
750 5252 833 5316 quae
853 5232 947 5295 firma
965 5240 999 5294 et
1016 5228 1083 5291 fixa
1101 5245 1171 5290 esse
1224 5225 1380 5309 propheta
1403 5225 1548 5289 fraudari
1571 5225 1676 5289 Deum
1699 5247 1758 5291 suo
1780 5228 1909 5307 honore,
1941 5233 2004 5297 nisi
2036 5256 2096 5301 nos
2127 5237 2203 5304 eius
