4784 5970
191 344 253 410 rs:
688 311 690 315 ’
754 352 766 375 ·
1072 345 1121 412 ιιι
1144 344 1310 413 rssrsu
2135 342 2192 409 rsa

188 532 305 602 Dicere
337 533 389 601 hio
421 534 547 616 capitur
580 554 639 617 pro
668 543 812 600 statuere
844 534 878 598 in
911 534 1038 613 animo,
1071 535 1166 601 sicuti
1301 532 1386 618 (Epo
1406 552 1485 613 sarra
1507 537 1535 598 et
1554 532 1640 599 nihil
1660 531 1822 618 amplias.)
1862 528 2093 597 Intolerabilis
2115 530 2190 598 hacc

190 620 289 706 paulo
311 630 382 702 post
404 619 525 684 clarius
547 620 680 703 patebit.
724 619 793 685 Neo
815 621 901 683 enim
924 622 970 686 sic
993 620 1101 703 palam
1122 620 1166 684 lo·
1216 621 1403 703 arrogantia
1425 630 1484 702 cst,
1513 640 1577 702 qua
1599 641 1634 685 se
1655 622 1714 685 toti
1737 618 1807 684 orbi
1829 618 1982 703 praefert.
2030 617 2189 696 Primum,

189 714 335 791 quuntur
368 705 499 788 superbi
533 705 698 784 homines,
730 705 787 770 sed
820 707 868 770 ita
898 707 1044 788 persuasi
1078 718 1165 785 sunt,
1216 706 1299 786 quod
1323 725 1359 770 se
1380 725 1451 770 esse
1473 716 1580 789 putet:
1615 705 1746 782 deinde,
1776 704 1861 787 quod
1883 703 2052 787 reliquum
2080 703 2189 769 orbem

190 793 319 857 tametsi
353 790 571 856 dissimulent.
624 791 685 856 Est
719 801 828 855 autem
860 791 1075 858 intolerabilis
1108 812 1164 856 ve·
1215 791 1278 856 sibi
1300 792 1459 874 imparem
1481 811 1552 857 osse
1573 791 1764 856 arbitretur:
1798 789 1904 870 tertio,
1925 788 2015 873 quod
2039 789 2188 873 pollicea-

188 877 308 954 cordia,
331 876 410 942 dum
433 877 583 942 homines
605 876 794 960 fragilitatis
816 898 894 941 suae
920 877 1012 943 obliti
1036 899 1055 942 a
1077 897 1163 941 com·
1216 886 1270 940 tur
1291 877 1353 942 sibi
1376 876 1647 960 tranquillitatem
1670 886 1846 942 aeternam.
1879 875 2100 960 deprimam
2123 877 2189 958 qui·

189 965 283 1028 muni
307 974 393 1028 sorte
416 983 451 1028 se
474 963 640 1027 eximunt:
663 964 740 1044 quia
762 962 823 1026 hoc
842 963 938 1027 modo
960 984 995 1028 se
1015 964 1164 1028 homines
1216 961 1288 1027 dem
1312 983 1389 1027 vere
1412 984 1482 1028 esse
1512 982 1607 1027 nemo
1638 963 1766 1043 dicitur,
1796 961 1858 1028 nisi
1886 961 1977 1027 solus
1999 959 2108 1040 Deus,
2139 964 2188 1027 cui

188 1070 260 1115 esse
290 1049 535 1114 obliviscuntur.
588 1048 757 1113 {fidelibus
786 1049 918 1130 quidem
948 1069 1008 1113 sua
1035 1061 1084 1114 est
1113 1068 1164 1112 se·
1216 1048 1278 1113 hoc
1300 1048 1465 1130 proprium
1494 1057 1560 1128 est,
1594 1049 1666 1130 Ego
1687 1068 1759 1113 sum
1788 1049 1843 1130 qui
1867 1068 1950 1113 sum.
1996 1046 2074 1112 Hac
2102 1048 2188 1111 enim

188 1136 328 1210 auritas,
361 1135 436 1216 quia
469 1145 659 1217 protegente
694 1155 790 1199 manu
821 1133 903 1213 Dei,
931 1135 1092 1218 intrepide
1123 1134 1164 1198 ad
1216 1141 1293 1199 nota
1330 1134 1524 1200 discernitur
1557 1155 1577 1199 a
1607 1135 1773 1199 creaturis.
1831 1133 1941 1216 Eripit
1979 1132 2087 1216 igitur
2120 1131 2187 1198 Deo

189 1240 287 1286 omne
309 1221 482 1286 discrimen
506 1220 759 1302 exspectandum
780 1221 884 1301 parati
903 1230 990 1285 sunt.
1025 1220 1162 1284 Interim
1216 1240 1312 1284 suum
1342 1219 1497 1284 honorem
1521 1221 1576 1301 qui
1598 1242 1633 1284 se
1654 1228 1749 1302 putat
1771 1238 1831 1283 sua
1852 1220 1977 1284 virtute
2000 1217 2186 1297 subsistere,

189 1318 300 1372 tamen
323 1317 476 1388 reputare
496 1325 563 1369 non
583 1306 749 1385 desinunt,
772 1307 848 1389 quia
871 1306 953 1370 nihil
976 1305 1092 1371 stabile
1115 1314 1164 1370 est
1216 1314 1313 1387 atque
1338 1306 1385 1369 ita
1407 1305 1555 1384 Babylon
1585 1326 1656 1370 sese
1684 1304 1838 1371 attollens
1866 1325 1942 1370 cum
1963 1304 2039 1370 Deo
2067 1303 2186 1371 bellum

187 1394 221 1458 iu
242 1392 374 1467 mundo,
393 1393 507 1456 multis
525 1391 736 1456 incommodis
754 1412 789 1456 se
807 1412 877 1456 esse
896 1392 1063 1457 obnoxios.
1089 1390 1163 1455 Deo
1215 1390 1358 1474 gerebat.
1402 1392 1580 1456 Praeterea
1610 1392 1799 1455 universum
1833 1388 1992 1456 mundum
2027 1390 2186 1456 afficiebat

189 1479 292 1563 igitur
325 1477 485 1541 insultant
526 1478 652 1559 profani
692 1477 857 1552 homines,
900 1478 1025 1560 quoties
1063 1477 1164 1542 stulta
1215 1477 1425 1555 contumelia,
1454 1498 1555 1560 quum
1586 1477 1615 1540 ei
1646 1498 1715 1541 sese
1742 1476 1930 1558 praeferret.
1974 1475 2030 1541 Ita
2057 1478 2187 1559 superbi

187 1563 423 1648 imaginatione
462 1565 549 1627 inter
592 1562 740 1627 assiduas
780 1563 894 1627 mundi
935 1564 1165 1628 fluctuationes
1216 1561 1365 1626 homines
1387 1563 1547 1645 incipiunt
1570 1583 1590 1626 a
1612 1561 1694 1641 Deo,
1721 1572 1758 1626 ut
1779 1582 1854 1625 eum
1876 1561 1937 1627 sibi
1961 1562 2092 1628 hostem
2116 1583 2185 1629 con·

187 1652 316 1716 firmam
341 1650 481 1731 quietem
504 1649 566 1713 sibi
590 1650 795 1731 promittunt.
840 1649 913 1714 Iam
941 1648 1163 1730 amplificandi
1216 1649 1374 1712 stituant:
1408 1659 1507 1730 atque
1537 1649 1571 1712 in
1601 1648 1750 1712 homines
1783 1646 1954 1724 desinunt,
1987 1660 2029 1712 ut
2057 1648 2187 1713 nemine

187 1736 310 1800 furoris
332 1754 429 1800 causa
452 1733 552 1816 addit,
576 1755 617 1798 ne
640 1734 738 1817 longo
761 1733 890 1816 quidem
913 1735 1070 1816 temporis
1094 1754 1165 1815 pro
1217 1734 1347 1815 dempto
1370 1754 1482 1797 omnes
1504 1734 1564 1798 sibi
1588 1734 1723 1798 infestos
1745 1731 1883 1797 reddant
1905 1753 1964 1799 suo
1985 1734 2085 1798 fastu.
2115 1735 2185 1799 Tor·

188 1843 303 1907 gressu
316 1819 547 1884 moderatiores
570 1841 640 1885 esso
663 1820 773 1885 laotos.
806 1820 910 1884 Parta
924 1825 1013 1885 enim
1029 1820 1164 1885 victoria
1217 1820 1299 1883 tium
1333 1821 1516 1882 membrum
1549 1832 1581 1884 et
1614 1821 1708 1902 quasi
1741 1819 1892 1885 cumulus
1924 1820 2101 1901 superbiae
2133 1834 2185 1897 est,

189 1908 301 1974 statim
336 1905 437 1971 elatos
478 1904 580 1969 fuisse
620 1905 706 1970 haud
739 1905 820 1970 adeo
851 1907 970 1970 mirum
1005 1914 1072 1971 est:
1107 1905 1164 1969 sed
1217 1905 1301 1987 quod
1324 1914 1446 1968 statum
1468 1925 1563 1969 suum
1587 1913 1756 1970 aeternum
1779 1905 1847 1968 fore
1864 1913 1965 1988 putet,
1988 1925 2101 1988 neque
2119 1926 2186 1971 con-

188 1993 326 2059 forocire
347 1992 383 2055 in
407 1992 475 2056 dies
499 1993 603 2074 magis
626 2011 663 2056 ac
686 1992 807 2074 magis,
837 2003 870 2056 ct
896 1993 1034 2073 captivis
1063 1992 1164 2056 insul·
1216 1991 1337 2055 sideret
1359 1989 1613 2056 imbecillitatem
1637 2011 1749 2055 rerum
1772 1989 2008 2054 humanarum:
2032 2011 2187 2073 namquo

188 2088 259 2144 tare
291 2079 436 2142 immane
475 2098 608 2160 prorsus
646 2089 743 2158 atque
782 2077 1034 2142 intolerandum.
1091 2077 1165 2141 Hoc
1217 2077 1315 2141 altius
1338 2077 1443 2141 evecti
1466 2077 1590 2141 fuerint
1611 2077 1775 2150 homines,
1804 2095 1842 2141 ao
1862 2076 2030 2141 interdum
2058 2079 2189 2162 gravius

188 2177 298 2229 autem
321 2185 363 2228 ex
386 2164 545 2245 superbia,
569 2176 604 2226 ut
627 2163 705 2239 dixi,
728 2163 909 2227 oriebatur:
933 2163 1017 2245 quod
1042 2162 1164 2227 vicissi-
1217 2161 1455 2243 deprimuntur.

189 2250 338 2315 tudinem
363 2269 474 2313 rorum
497 2249 629 2313 tandem
660 2250 746 2326 foro,
775 2261 808 2312 et
836 2248 1040 2330 praeclarum
1071 2247 1165 2312 illum
1302 2248 1332 2312 9.
1366 2246 1478 2330 (Atqui
1506 2247 1650 2332 venant.)
1700 2246 1812 2327 Quum
1844 2245 1996 2332 Babylon
2014 2267 2065 2323 ,se
2099 2260 2188 2312 extra

190 2346 315 2401 statum
338 2337 459 2398 mutari
489 2354 584 2415 posse
613 2354 679 2398 nou
711 2336 901 2415 cogitarent.
945 2334 1063 2415 Itaque
1084 2332 1165 2398 haec
1217 2353 1346 2397 omnem
1378 2333 1513 2415 periculi
1536 2333 1641 2397 aleam
1664 2354 1735 2398 csse
1763 2333 1974 2411 existimaret,
2008 2344 2187 2397 extremam

189 2420 333 2486 wcuuda
355 2439 453 2486 causa
471 2431 530 2495 est,
553 2441 612 2484 cur
631 2420 794 2484 Dominus
812 2419 1035 2484 monarchiam
1054 2418 1165 2502 Baby·
1218 2420 1247 2482 ei
1269 2419 1488 2483 calamitatem
1517 2418 1674 2500 propheta
1702 2419 1882 2483 denuntiat.
1927 2417 2040 2498 Quum
2071 2418 2189 2484 diceret

189 2505 352 2572 loniorum
375 2505 538 2570 everterit.
1219 2524 1253 2569 ss
1277 2526 1335 2568 nec
1357 2505 1489 2568 viduam
1514 2525 1574 2569 nec
1595 2506 1707 2569 orbam
1739 2504 1822 2569 fore:
1855 2512 1983 2582 contra,
2017 2517 2188 2586 utramque

276 2591 400 2677 (Neque
421 2591 582 2656 recordata
604 2610 636 2654 es
650 2591 727 2670 linis
747 2588 839 2675 eina)
876 2590 987 2672 Aliqui
1010 2610 1167 2673 personae
1219 2591 1248 2654 ei
1271 2589 1395 2654 cladem
1417 2599 1592 2655 venturam
1615 2591 1794 2672 significat,
1824 2590 1870 2654 ita
1892 2599 1929 2654 ut
1951 2590 2072 2655 misere
2096 2589 2188 2654 desti-

189 2679 402 2743 mutationem
426 2676 479 2741 hic
501 2697 571 2741 esse
595 2687 720 2757 putant,
743 2676 798 2740 sed
818 2676 880 2742 hoo
902 2676 1001 2740 nimis
1017 2688 1165 2742 coactum
1219 2684 1291 2739 tuta
1314 2676 1467 2757 probroso
1490 2677 1534 2739 sit
1551 2677 1743 2758 spectaculo.
1774 2675 1877 2739 Addit
1898 2676 1942 2741 od
1956 2676 2189 2758 posonium:

190 2763 329 2832 videtur.
374 2763 460 2828 Mihi
483 2782 562 2827 vero
586 2761 718 2826 dubium
749 2781 813 2826 non
843 2774 893 2826 cst
922 2763 1001 2843 quin
1031 2761 1071 2826 de
1100 2763 1166 2825 fine
1218 2762 1339 2836 idest,
1371 2763 1405 2825 in
1428 2761 1581 2839 solidum,
1611 2774 1647 2825 ut
1669 2760 1751 2825 nihil
1778 2762 1909 2826 omnino
1930 2761 2021 2826 desit
2041 2763 2188 2828 orbitati:

190 2849 411 2931 lerosolymae
432 2849 595 2929 loquatur,
619 2857 656 2911 ut
678 2849 777 2911 etiam
797 2849 900 2930 magis
920 2859 1087 2930 receptum
1107 2856 1165 2912 est.
1217 2869 1254 2912 ac
1273 2848 1370 2911 tacita
1392 2857 1441 2911 est
1459 2848 1631 2913 antithesis
1652 2849 1738 2912 inter
1761 2846 1937 2912 mediocres
1958 2867 2096 2930 poenas,
2118 2868 2189 2930 qua·

192 2935 356 2999 Dominus
379 2934 585 3015 enimsaepe
610 2933 814 3011 deecclesia,
844 2931 917 2996 κατ’
939 2932 1067 3017 ἐξοχὴν,
1094 2933 1165 2997 siue
1218 2954 1291 2996 rum
1313 2934 1438 3014 sperari
1469 2944 1574 3015 potest
1603 2933 1713 3015 aliqua
1735 2933 1907 3017 mitigatio,
1940 2953 1978 2999 ac
2000 2934 2189 2999 horribilem

192 3021 402 3101 expressione
426 3020 576 3090 nominis,
600 3018 686 3098 loqui
709 3019 807 3082 solet:
832 3033 868 3081 ut
886 3039 986 3099 quum
1010 3038 1088 3100 erga
1111 3019 1166 3081 ali·
1218 3018 1282 3082 Dei
1305 3018 1494 3098 vindictam,
1524 3021 1616 3083 cuius
1642 3040 1707 3083 non
1731 3019 1814 3084 alius
1835 3028 1884 3083 est
1911 3018 1988 3084 finis
2019 3039 2122 3101 quam
2143 3023 2189 3083 in·

192 3125 289 3187 quem
311 3105 527 3168 vehementer
549 3103 654 3165 affecti
678 3124 801 3167 sumus.
845 3104 943 3184 Impii
968 3124 1044 3167 vero
1067 3106 1164 3167 finem
1190 3092 1193 3239 Ι
1219 3104 1344 3167 teritus.
1390 3103 1475 3167 Nam
1498 3125 1562 3186 quo
1585 3106 1706 3169 maiore
1728 3103 1925 3170 confidentia
1958 3104 2037 3170 elati
2069 3104 2190 3171 fuerim

192 3189 348 3255 ecclesiae
377 3190 546 3271 ignorant,
581 3199 613 3251 et
646 3207 801 3268 quorsum
830 3189 864 3251 in
898 3209 970 3252 eam
1004 3189 1166 3252 Dominus
1218 3188 1309 3269 impii
1333 3187 1489 3265 homines,
1512 3210 1550 3253 eo
1572 3191 1705 3273 gravius
1728 3191 1918 3272 puniuntur.

193 3274 442 3340 animadvertat.
499 3274 633 3336 Piorum
666 3273 844 3337 calamitati
877 3273 1055 3337 insultant:
1090 3274 1166 3354 quia
1304 3271 1365 3358 (Oh
1397 3275 1623 3340 multitudinem
1655 3273 1905 3360 divinationum)
1960 3274 2029 3340 ulii
2060 3287 2190 3341 vert-unt

191 3382 327 3445 prorsus
350 3359 473 3424 deletos
496 3359 619 3422 vellent
647 3378 684 3423 ac
707 3358 864 3440 perditos,
895 3379 955 3423 neo
984 3378 1040 3423 eos
1069 3380 1165 3423 curae
1218 3358 1466 3423 Divinatorum:
1488 3362 1544 3424 sed
1568 3360 1647 3425 mihi
1667 3361 1797 3425 videtur
1819 3382 1936 3426 nomen
1960 3361 2116 3428 honrem
2139 3378 2191 3427 aut·

192 3447 264 3512 Deo
287 3466 358 3511 esse
381 3445 598 3510 considerant.
645 3442 682 3509 Si
704 3446 776 3525 quis
798 3445 945 3524 obiiciat,
972 3444 1033 3509 hoo
1055 3444 1165 3527 Baby·
1218 3444 1334 3508 vitium
1359 3456 1471 3510 notare
1494 3448 1610 3529 potius,
1638 3467 1736 3529 quam
1767 3466 1931 3530 personas.
1975 3458 2191 3531 :tcxponunt

191 3533 260 3598 loni
284 3543 397 3595 notum
415 3551 566 3595 essenon
585 3530 736 3611 potuisse,
759 3530 839 3593 nihil
859 3529 899 3594 ad
918 3550 987 3592 rem
1006 3533 1164 3610 pertinet:
1216 3534 1350 3612 proqrtcr,
1373 3541 1406 3594 et
1424 3532 1587 3613 accipiunt
1609 3553 1668 3615 pro
1687 3533 1825 3597 causali:
1850 3552 1913 3614 quo
1930 3554 2030 3598 sensu
2053 3534 2192 3617 plerum·

192 3638 252 3683 nec
274 3619 363 3681 enim
387 3626 513 3697 poterat
536 3616 577 3679 iis
599 3617 731 3698 ignotus
754 3636 824 3679 esse
848 3614 939 3680 Deus
962 3636 1057 3697 quem
1081 3616 1164 3679 cole·
1190 3630 1193 3705 t
1218 3636 1280 3697 que
1302 3618 1442 3682 occurrit
1463 3618 1497 3681 in
1520 3619 1706 3701 scripturis:
1741 3638 1929 3700 quanquam
1962 3630 2072 3701 posset
2107 3642 2191 3687 oom-

193 3703 274 3767 baut
304 3702 483 3765 Israelitae.
526 3701 637 3779 Quum
666 3721 744 3783 ergo
775 3703 878 3784 magis
908 3702 1102 3764 efferrentur
1132 3702 1164 3764 in
1217 3700 1311 3765 mode
1333 3703 1468 3784 exponi,
1499 3704 1673 3768 chaldaeis
1697 3703 1779 3767 nihil
1801 3704 1871 3787 opis
1893 3703 1945 3769 vel
1966 3704 2106 3771 subsidii
2127 3707 2192 3772 fore

193 3788 348 3861 Iudaeos,
378 3807 415 3850 ac
437 3787 626 3867 ferocirent,
650 3788 756 3849 Deum
778 3787 886 3867 ipsum
910 3785 1096 3850 afficiebant
1117 3787 1165 3850 in·
1217 3787 1252 3849 in
1271 3787 1386 3865 fallaci,
1409 3809 1474 3870 qua
1494 3791 1679 3872 turgebant,
1702 3790 1937 3854 divinationum
1956 3791 2110 3857 solemia:
2134 3813 2190 3877 pro

191 3874 293 3938 iuria:
317 3893 354 3936 ac
375 3873 403 3935 si
419 3873 528 3953 ipsum
546 3871 702 3934 ctfoedus
719 3872 804 3952 quod
820 3893 893 3937 cum
912 3871 1029 3954 populo
1047 3872 1166 3936 inierat
1218 3892 1256 3936 eo
1280 3871 1366 3953 quod
1389 3873 1527 3939 dicimus
1549 3875 1657 3959 vulgo,
1680 3894 1745 3938 non
1768 3876 1934 3940 obstante:
1956 3895 1994 3941 ao
2012 3878 2042 3943 si
2060 3878 2190 3951 diceret.

193 3958 269 4022 data
291 3977 391 4039 opera
411 3957 666 4022 conculcassent.
1218 3956 1293 4021 Non
1321 3958 1474 4038 impediet
1504 3959 1724 4024 divinatorum
1755 3961 1806 4025 vel
1834 3981 1996 4044 augurum
2030 3966 2126 4047 copia
2152 3986 2191 4030 ue

281 4047 310 4107 8.
343 4042 400 4125 (Et
421 4062 503 4106 :tnnc
536 4040 638 4124 andi.)
682 4040 747 4104 Hic
774 4041 932 4122 propheta
961 4043 1081 4106 iterum
1111 4043 1165 4107 de·
1219 4044 1298 4106 hacc
1317 4042 1479 4126 Babyloni
1502 4045 1657 4110 accidant.
1690 4046 1790 4110 Ridet
1808 4047 1894 4111 enim
1918 4046 2071 4113 fiduciam
2093 4071 2191 4135 quam

193 4130 326 4194 nuntiat
360 4129 498 4191 exitium
528 4127 707 4209 Babyloni:
742 4136 840 4207 atque
874 4127 981 4192 verbis
1010 4129 1166 4209 appositis
1219 4127 1368 4191 locabant
1396 4129 1431 4192 in
1454 4129 1548 4193 vanis
1576 4130 1644 4196 suis
1673 4132 1861 4215 auguribus,
1895 4135 2054 4214 aquibus
2082 4136 2192 4202 futura

193 4217 301 4280 utitur
321 4212 361 4276 ad
381 4215 505 4276 animos
528 4214 656 4293 piorum
678 4211 928 4288 confirmandos,
952 4234 992 4277 ne
1010 4234 1165 4296 prospero
1218 4213 1401 4294 praevideri
1430 4215 1677 4281 existimabant:
1707 4218 1783 4300 quia
1806 4228 1916 4282 tamen
1941 4219 2040 4301 paulo
2063 4232 2139 4304 post
2158 4224 2191 4287 in

192 4299 452 4384 Babyloniorum
471 4306 558 4361 statu
577 4297 751 4378 stupefacti
769 4298 913 4360 animum
929 4296 1165 4380 despondeant:
1220 4299 1281 4362 hac
1302 4308 1394 4380 parte
1417 4300 1520 4383 magis
1541 4302 1678 4379 insistet,
1702 4303 1839 4367 libenter
1860 4305 1982 4386 recipio
2004 4305 2060 4373 hic
2078 4329 2191 4374 meen-

192 4407 299 4468 neque
322 4394 432 4448 tamon
457 4383 632 4463 alloquitur
654 4382 858 4466 Babylonem
882 4394 916 4446 ut
939 4403 1010 4447 eam
1033 4383 1165 4465 afficiat,
1219 4384 1282 4447 seri
1305 4386 1392 4448 inter
1414 4403 1527 4450 causas
1549 4388 1720 4463 vindictae,
1750 4389 1836 4470 quod
1858 4389 1979 4454 talibus
2008 4395 2191 4477 praestigiis

192 4472 250 4537 sed
274 4480 311 4534 ut
332 4470 402 4552 pios
424 4469 615 4533 consolatur.
662 4467 794 4534 Delitiis
816 4488 894 4532 vero
916 4467 1040 4532 ebriam
1066 4469 1167 4533 fuisse
1219 4469 1333 4534 confisi
1356 4468 1438 4532 nihil
1462 4472 1640 4538 timuerint.

193 4557 361 4639 adiungit:
393 4556 468 4636 quia
491 4554 700 4635 prosperitas,
723 4564 760 4617 ιιι
782 4553 845 4616 Dei
868 4553 989 4616 donum
1013 4565 1070 4628 est,
1100 4574 1166 4617 non
1307 4554 1355 4619 10.
1387 4553 1488 4637 (Nom
1517 4558 1709 4644 confisces.)
1752 4559 1907 4642 Explicat
1935 4559 1969 4624 id
1990 4565 2077 4643 quod
2109 4565 2190 4630 dixit

193 4653 266 4708 erat
288 4662 344 4725 por
367 4661 401 4705 ss
424 4639 627 4703 damnanda:
660 4638 716 4703 sed
739 4657 836 4720 quam
860 4637 1004 4721 proclive
1026 4638 1070 4703 sit
1091 4638 1167 4704 filiis
1219 4641 1386 4722 superiore
1402 4660 1508 4714 versu,
1527 4646 1656 4709 tametsi
1674 4646 1772 4710 latius
1788 4646 1922 4710 extendi
1939 4648 2055 4729 possit:
2074 4670 2190 4736 nempe

193 4727 317 4795 saeculi
340 4748 359 4791 a
382 4726 520 4790 lautitiis
541 4723 582 4787 ad
603 4724 825 4806 arrogantiam
848 4722 973 4805 prolabi
995 4723 1070 4806 plus
1087 4726 1168 4788 satis
1191 4710 1194 4783 Ι
1220 4732 1256 4788 ut
1278 4724 1407 4789 fraudes
1429 4736 1463 4789 et
1484 4728 1636 4806 iniurias,
1669 4732 1734 4794 vim
1764 4741 1798 4794 ct
1823 4732 1963 4796 iniustas
1995 4746 2085 4800 artes
2119 4757 2189 4820 per·

193 4825 308 4880 notum
341 4821 401 4877 est.
447 4810 499 4874 Ad
528 4809 607 4872 haec
635 4811 700 4872 iam
729 4811 865 4890 exponit
896 4808 964 4890 ipse
997 4808 1091 4890 quale
1124 4811 1167 4873 sit
1218 4813 1370 4893 stringat,
1389 4812 1504 4892 quibus
1521 4813 1678 4878 Chaldaei
1695 4818 1728 4879 in
1745 4826 1870 4881 tantam
1888 4819 2069 4899 potentiam
2088 4824 2189 4887 evecti

193 4899 275 4964 illud
308 4899 425 4975 disere,
460 4895 500 4959 de
530 4915 592 4976 quo
622 4895 781 4976 superiori
811 4915 907 4959 versu
939 4895 1167 4959 tractavimus:
1219 4905 1308 4959 sunt.
1341 4894 1426 4959 Nam
1445 4899 1562 4979 amplis
1582 4901 1733 4965 omnibus
1751 4902 1818 4966 fere
1836 4905 1946 4986 reguis
1966 4905 2087 4971 aooidit
2105 4908 2188 4991 quod

194 5004 312 5065 nempe
343 4981 538 5066 persuadere
567 4980 627 5044 sibi
656 4987 754 5060 atque
784 4987 926 5044 statuere
952 4978 999 5043 ita
1020 4980 1167 5043 futurum
1219 4980 1419 5063 archipirata
1441 4982 1495 5047 ille
1518 4983 1652 5060 dicebat,
1676 5006 1794 5069 magna
1816 5009 1886 5053 esse
1908 4989 2088 5058 latrocinia.
2123 4994 2190 5060 Nec

195 5077 233 5133 ut
266 5069 395 5150 superbi
429 5077 462 5133 et
496 5076 687 5147 arrogantes
720 5063 839 5141 solent,
874 5065 931 5146 qui
963 5072 1074 5129 tamen
1106 5063 1167 5130 hoc
1220 5067 1307 5130 enim
1330 5067 1424 5131 aliter
1446 5068 1650 5150 amplificant
1672 5070 1810 5138 ditiones
1831 5095 1906 5140 suas
1928 5096 2026 5158 quam
2049 5081 2188 5161 pervim

195 5173 292 5235 saepe
319 5154 394 5219 ficta
423 5152 581 5218 modestia
612 5149 836 5228 dissimulant,
870 5170 930 5214 nec
959 5150 1066 5232 palam
1094 5150 1167 5214 fieri
1220 5156 1254 5215 et
1276 5151 1429 5216 iniuriam
1454 5154 1526 5217 aliis
1548 5158 1780 5236 extorquendo,
1812 5169 1910 5240 atque
1932 5163 2034 5229 iustos
2066 5186 2189 5248 posses

194 5239 320 5305 volunt.
1220 5256 1309 5302 sores
1338 5237 1569 5321 expellendos
1592 5242 1658 5307 suis
1680 5244 1822 5322 sedibus,
1852 5255 1888 5310 ut
1910 5247 1970 5312 soli
1993 5248 2060 5316 late
2088 5253 2189 5335 impe·
