4784 5970
189 369 253 434 295
1068 370 1118 438 IN
1140 369 1305 438 Isalanr
2124 365 2185 433 296

190 559 246 625 dat
281 579 299 623 a
330 559 445 622 fructu.
491 559 581 642 Ergo
615 565 651 622 ut
683 559 770 624 omni
803 579 896 627 mora
927 560 1039 625 valere
1071 561 1160 625 iussa
1212 560 1348 625 reiectos
1379 579 1467 642 esse,
1499 558 1652 642 indignos
1685 565 1782 640 atque
1814 555 1951 633 alienos,
1986 566 2045 623 aut
2078 557 2185 642 aliqua

189 644 338 711 celeriter
360 642 399 708 ad
422 644 544 708 iustam
567 644 668 708 vitam
691 666 726 710 se
748 654 936 729 comparent
957 646 1079 725 fideles,
1101 666 1159 710 ox·
1212 655 1288 709 nota
1310 645 1493 728 prohiberi:
1528 645 1604 727 quia
1628 642 1790 708 Dominus
1809 643 1919 707 omnia
1948 642 2185 727 impedimenta

190 730 310 797 clamat
330 729 442 794 felices
464 750 534 795 csse
557 729 672 813 quibus
694 731 740 794 ita
767 751 881 813 sapere
911 732 1019 797 datum
1050 732 1159 796 fuerit.
1213 731 1313 796 tollet.
1359 731 1472 796 Potest
1501 741 1609 795 autem
1639 728 1701 795 hoe
1730 735 1798 793 tam
1828 728 1869 793 ad
1891 727 2031 795 Iudaeos
2060 732 2184 812 reterri,

189 816 346 895 Diximus
369 816 518 897 proximo
541 837 638 882 versu
661 816 805 882 iustitiae
827 827 861 882 et
881 816 992 882 iudicii
1023 817 1160 882 vocibus
1212 836 1292 898 quos
1317 816 1504 899 temporalis
1525 815 1684 881 abdicatio
1706 814 1829 879 similes
1853 813 2040 881 reddiderat
2061 817 2184 883 exteris

189 900 351 966 secundae
373 901 503 966 tabulae
527 901 632 967 ollioia
654 903 829 968 contineri:
858 902 912 969 hio
934 923 1014 968 vero
1035 902 1160 968 sabbati
1213 902 1380 986 gentibus,
1414 923 1511 984 quam
1534 901 1576 965 ad
1598 902 1749 984 profanas
1770 900 1858 982 ipsus
1880 910 2004 984 gentes.
2050 901 2125 986 Ego
2147 902 2184 967 li·

191 987 389 1052 mentionem
412 987 497 1064 facit,
521 986 606 1070 quod
629 986 669 1051 ad
692 988 831 1069 primam
855 988 999 1054 tabulam
1024 997 1159 1071 spectat.
1213 989 1327 1053 beuter
1349 988 1389 1052 ad
1413 998 1567 1068 utrosque
1589 985 1746 1063 extendo,
1777 995 1813 1050 ut
1834 987 2011 1052 conveniat
2032 1009 2109 1054 cum
2134 1011 2184 1054 va·

189 1071 393 1154 Respondeo,
415 1072 685 1155 quomadmodum
709 1074 800 1156 prius
822 1075 926 1159 attigi,
955 1075 1087 1157 eosqui
1109 1074 1160 1136 in·
1213 1074 1323 1138 ticinio
1345 1073 1476 1137 Hoseae
1498 1073 1541 1159 (l,
1566 1072 1636 1157 10):
1658 1071 1792 1138 Vocabo
1813 1072 1941 1156 plebom
1964 1092 2081 1151 meam,
2105 1095 2184 1156 qnae

192 1168 347 1224 nocenter
374 1177 411 1222 ac
439 1160 491 1242 pie
521 1180 594 1224 cum
624 1159 782 1242 proximis
815 1161 949 1238 vivunt,
980 1159 1093 1225 testari
1125 1180 1160 1224 ee
1214 1180 1278 1223 non
1302 1170 1373 1223 erat
1396 1159 1487 1243 plebs
1509 1178 1589 1224 mea.
1624 1157 1800 1224 Caeterum
1823 1158 1880 1223 ubi
1898 1157 1976 1222 dicit
1993 1160 2183 1227 coniunctos

194 1244 301 1309 Deum
332 1244 446 1308 colere.
496 1244 571 1308 Non
600 1255 649 1310 est
677 1245 779 1329 igitur
808 1250 927 1310 mirum
956 1246 1160 1328 prophetam,
1213 1245 1293 1321 Deo,
1316 1242 1469 1309 admonet
1492 1244 1577 1309 hano
1598 1244 1848 1309 consolationem
1872 1243 1913 1308 ad
1935 1264 1993 1309 eos
2022 1243 2183 1312 duntaxat

191 1330 246 1394 ubi
279 1330 491 1412 posteriorem
525 1331 635 1414 attigit
671 1331 831 1409 tabulam,
872 1332 991 1414 prioris
1031 1351 1160 1414 quoque
1214 1330 1377 1413 pertinere
1393 1331 1569 1412 quiDeum
1585 1339 1755 1395 vocantem
1771 1331 1899 1411 sequuti
1915 1328 2052 1395 luerint.
2085 1331 2184 1398 Multi

190 1417 389 1480 mentionem
401 1416 524 1481 facere:
549 1418 701 1499 quoniam
724 1424 864 1499 utraque
886 1418 984 1483 simul
1007 1417 1161 1500 coniungi
1213 1419 1300 1480 enim
1334 1425 1414 1481 sunt
1446 1414 1601 1493 eunuchi,
1647 1436 1725 1497 quos
1760 1415 1851 1480 Deus
1883 1416 1990 1498 gratia
2023 1437 2085 1482 sua
2119 1437 2182 1483 non

191 1497 296 1565 debet.
340 1501 380 1565 In
404 1522 532 1566 summa
554 1503 717 1585 significat
739 1502 843 1568 Isaiae
866 1523 940 1567 eum
963 1504 1017 1584 qui
1040 1523 1074 1567 se
1091 1504 1161 1567 Deo
1214 1500 1384 1585 dignatur:
1426 1500 1520 1566 multi
1551 1501 1751 1584 alienigenae
1781 1501 1836 1583 qui
1863 1501 1904 1566 ad
1932 1502 2091 1585 populum
2122 1502 2182 1568 Dei

191 1586 356 1666 subiiciet,
390 1600 425 1650 ut
448 1589 574 1671 integre
596 1588 701 1670 legem
725 1589 891 1664 observet,
926 1587 1056 1654 beatum
1081 1589 1160 1653 fore.
1215 1608 1280 1651 non
1313 1587 1481 1653 accedunt.
1534 1587 1759 1670 Restringitur
1791 1606 1869 1670 orgo
1900 1585 1981 1652 haec
2013 1590 2183 1670 promissio

192 1671 277 1737 Nam
306 1671 346 1736 ad
377 1672 470 1737 illum
503 1673 591 1738 salus
625 1682 658 1735 et
690 1674 815 1738 iustitia
849 1674 910 1739 Dei
941 1673 1160 1759 pertinebunt.
1213 1671 1254 1736 ad
1276 1695 1331 1738 eos
1353 1675 1408 1755 qui
1432 1673 1552 1737 luerint
1575 1674 1681 1738 vocati
1703 1682 1736 1736 et
1758 1673 1935 1753 paruerint.
1981 1673 2053 1737 Iam
2076 1674 2183 1741 alicui·

192 1756 302 1838 Quum
333 1778 410 1822 vero
443 1764 565 1823 temere
599 1770 762 1841 vagentur
793 1759 944 1824 hemines
978 1761 1010 1823 in
1044 1759 1161 1825 studiis
1213 1778 1311 1841 putus
1331 1764 1359 1822 et
1380 1757 1534 1824 cunuchos
1552 1759 1735 1838 nominans,
1758 1769 1898 1840 utraque
1913 1759 2019 1841 specie
2035 1759 2183 1844 designat

193 1843 277 1920 suis,
311 1859 344 1908 et
366 1845 474 1909 varias
498 1845 610 1908 ineant
631 1846 774 1910 rationes
797 1846 915 1928 quibus
937 1867 971 1910 ee
999 1845 1163 1928 applicent
1214 1844 1405 1926 omnesqui
1428 1844 1583 1909 videntur
1615 1843 1742 1927 indigni
1769 1865 1848 1927 quos
1878 1845 1969 1909 Deus
1997 1844 2034 1909 in
2063 1845 2182 1929 populo

195 1929 283 2007 Deo,
318 1930 447 1995 unicam
481 1931 706 1995 tantummodo
741 1952 811 1996 esse
845 1931 1004 1997 ostendit:
1045 1952 1162 2014 nempe
1214 1950 1272 1996 suo
1294 1940 1433 1994 censeat.
1478 1928 1678 1994 Pc‘culiarem
1702 1929 1789 1993 enim
1811 1931 1872 1994 sibi
1896 1930 2055 2013 populum
2078 1953 2183 2016 segre-

195 2035 294 2097 quum
325 2015 472 2080 homines
495 2018 597 2080 vitam
626 2037 717 2081 suam
746 2017 786 2081 ad
816 2019 1051 2101 praescriptum
1082 2017 1163 2100 legis
1215 2026 1351 2100 gaverat
1367 2017 1469 2099 Deus,
1492 2036 1586 2098 quem
1610 2013 1726 2079 deinde
1750 2014 1949 2081 haereditate
1970 2037 2032 2082 sua
2048 2018 2181 2102 expule-

194 2120 388 2183 componere
410 2112 442 2166 et
464 2102 604 2166 formare
626 2102 776 2167 student:
800 2122 874 2166 nam
898 2102 1020 2185 alioqui
1042 2104 1164 2167 trustra
1215 2110 1275 2166 rat.
1320 2100 1445 2167 Gentes
1467 2101 1506 2166 ab
1529 2103 1597 2165 eius
1620 2121 1721 2183 regno
1742 2121 1876 2186 prorsus
1900 2101 2052 2168 oxolueae
2080 2114 2181 2181 erant,

194 2206 265 2251 sese
287 2187 359 2250 aliis
381 2187 415 2251 in
439 2188 535 2252 rebus
558 2189 750 2270 fatigabunt.
784 2187 935 2270 Denique
954 2188 1091 2272 insignis
1114 2201 1163 2253 est
1216 2196 1251 2251 ut
1273 2186 1353 2252 satis
1375 2195 1504 2252 constat
1526 2207 1568 2250 ex
1597 2188 1752 2252 universa
1778 2187 1949 2268 scriptura.
1994 2188 2122 2254 Paulus
2143 2189 2180 2253 ad

195 2270 248 2335 hio
270 2272 377 2351 locus,
411 2294 474 2354 quo
508 2273 690 2338 ostenditur
720 2272 802 2338 nihil
825 2272 896 2338 Deo
926 2283 1055 2355 praeter
1083 2273 1163 2357 legis
1215 2273 1376 2355 Ephesios
1409 2272 1514 2353 capite
1546 2272 1687 2337 secundo
1721 2274 1765 2356 (v.
1790 2271 1861 2357 12):
1899 2274 2011 2339 Eratis
2038 2275 2137 2340 alieni
2163 2294 2183 2337 a

195 2358 455 2423 observationem
487 2359 623 2440 placere.
675 2358 711 2425 Si
742 2369 917 2441 quaeratur
945 2381 985 2423 an
1017 2359 1164 2423 homines
1216 2358 1381 2439 republica
1403 2358 1552 2435 Israelis,
1586 2367 1619 2422 et
1648 2358 1796 2422 extranei
1826 2381 1845 2423 a
1876 2361 2081 2424 testamentis
2110 2381 2181 2445 pro·

195 2443 264 2507 suis
286 2445 437 2525 operibus
458 2445 616 2509 iustitiam
639 2454 671 2507 et
693 2445 829 2509 salutem
853 2445 1007 2527 consequi
1030 2446 1162 2526 possint,
1216 2444 1396 2508 missionis:
1431 2464 1521 2526 spem
1544 2463 1611 2506 non
1633 2444 1789 2509 habentes
1812 2445 1944 2527 Deoque
1971 2455 2120 2511 carentes
2148 2447 2181 2510 in

194 2528 298 2593 facilis
321 2530 383 2593 erit
404 2531 586 2613 responsio:
611 2551 669 2594 neo
692 2533 779 2595 enim
801 2530 896 2594 offert
914 2530 1006 2595 uobis
1024 2530 1162 2595 salutem
1216 2529 1345 2595 mundo.
1383 2528 1480 2594 Nune
1502 2537 1611 2593 autem
1634 2549 1692 2612 per
1714 2530 1883 2594 Christum
1905 2530 2026 2611 Iesum,
2050 2554 2108 2598 vos
2130 2533 2181 2614 qui

194 2612 366 2692 Dominus,
388 2617 479 2696 quasi
503 2616 627 2680 meritis
645 2617 764 2681 nostris
784 2628 981 2699 praeventus
999 2615 1049 2692 sit,
1073 2615 1163 2701 (nam
1215 2615 1380 2697 quondam
1402 2616 1501 2680 eratis
1523 2614 1702 2698 longinqui,
1732 2616 1904 2699 propinqui
1927 2617 2003 2683 lacti
2026 2619 2107 2683 estis
2128 2639 2182 2700 per

195 2702 299 2781 potius
321 2701 361 2765 ab
383 2702 452 2783 ipso
476 2702 718 2788 praevenimur)
745 2703 841 2767 offert
869 2723 939 2767 ecee
970 2700 1063 2766 nobis
1092 2723 1164 2786 gra·
1214 2702 1408 2784 sanguinem
1441 2699 1573 2766 Christi.
1628 2700 1788 2765 Poterant
1819 2723 1896 2785 ergo
1933 2711 2050 2785 gentos
2090 2703 2181 2768 initio

194 2786 285 2862 tuito,
308 2807 345 2850 ao
368 2797 496 2851 tantum
519 2786 664 2870 postulat
687 2796 722 2852 ιιι
744 2809 802 2853 noe
824 2788 968 2853 vicissim
991 2786 1031 2851 ad
1054 2789 1161 2871 ipsum
1214 2785 1372 2866 dubitare,
1395 2807 1436 2850 an
1459 2787 1642 2869 adoptionis
1664 2787 1855 2851 beneficium
1878 2786 1918 2851 ad
1941 2809 1976 2853 se
1993 2789 2182 2870 pertineret,

193 2871 394 2937 accedamus.
430 2871 539 2952 Quum
564 2875 663 2955 igitur
685 2884 829 2939 accersat
853 2873 947 2951 ultro,
970 2894 1068 2955 quum
1091 2894 1163 2956 gra·
1214 2872 1301 2954 quod
1323 2870 1454 2936 Iudaeis
1478 2873 1605 2954 proprie
1628 2871 1823 2936 destinatum
1846 2883 1925 2938 erat.
1967 2874 2011 2938 Dt
2034 2875 2183 2940 videmos

195 2959 310 3020 tultam
335 2958 493 3021 iustitiam
518 2960 642 3035 offerat,
666 2959 850 3023 adhibenda
871 2970 921 3024 est
938 2960 1045 3022 omnis
1064 2980 1163 3041 opera
1214 2968 1412 3040 quantopere
1435 2956 1467 3022 id
1498 2958 1678 3040 refugerint
1707 2958 1861 3041 apostoli,
1894 2978 1995 3040 quum
2021 2959 2182 3026 Dominus

196 3064 236 3105 ne
258 3052 350 3105 tanto
375 3044 529 3108 beneficio
553 3044 729 3125 privemur.
770 3046 872 3109 Porro
895 3045 972 3127 qnia
994 3045 1162 3108 sabbatum
1214 3043 1341 3107 iuberet
1363 3043 1569 3126 evangelium
1586 3041 1765 3125 praedicari
1782 3064 1840 3126 per
1854 3047 2046 3111 universum
2062 3048 2181 3113 orbem.

194 3126 244 3211 (ut
276 3128 397 3209 legitur
431 3128 516 3210 apud
549 3129 681 3208 Mosen,
721 3128 827 3194 Exodi
858 3131 962 3211 eapite
996 3130 1163 3212 trigesimo
1214 3129 1380 3193 Putabant
1413 3129 1501 3193 enim
1532 3129 1712 3193 doctrinam
1735 3129 1799 3193 Dei
1833 3130 2014 3211 profanari,
2047 3134 2077 3198 ei
2111 3154 2182 3215 pro·

195 3214 300 3296 primo
325 3219 368 3292 [v.
383 3214 423 3277 13
435 3219 506 3296 sq.],
529 3224 561 3277 et
579 3214 730 3280 Ezechiel
753 3216 909 3298 vigesimo
927 3215 1032 3295 capito
1052 3220 1094 3293 [v.
1109 3216 1161 3292 12]
1215 3217 1337 3278 misene
1359 3212 1509 3296 gentibus
1525 3225 1558 3276 ut
1575 3214 1704 3279 Iudaeis
1720 3216 2024 3282 communicaretur.
2057 3219 2180 3284 Eadem

116 3368 121 3379 ,
194 3298 324 3383 repetit)
358 3301 566 3383 praecipuum
595 3297 697 3364 divini
728 3299 834 3364 cultus
861 3298 1047 3383 symbolum
1077 3311 1161 3365 erat:
1214 3309 1246 3364 et
1269 3300 1423 3382 populum
1447 3300 1586 3363 electum
1609 3301 1757 3365 anxietas
1788 3310 1937 3384 torquere
1967 3314 2113 3388 poterat,
2143 3325 2182 3370 ex

193 3385 266 3450 ideo
289 3407 348 3468 per
369 3385 592 3470 synecdochen
622 3386 730 3450 omnia
761 3387 890 3468 pietatis
920 3385 1073 3450 exercitia
1102 3385 1163 3450 sub
1214 3406 1277 3468 quo
1299 3386 1428 3467 siguum
1452 3385 1578 3467 repudii
1601 3387 1706 3450 fuerat
1728 3386 1879 3452 exsilium
1902 3407 1920 3451 a
1942 3396 2031 3454 terra
2059 3400 2181 3456 sanctu.

193 3491 229 3537 ee
251 3472 404 3538 continet.
450 3470 631 3538 Sabbatum
654 3492 732 3537 vero
755 3471 902 3555 intellige
925 3491 1000 3537 cum
1023 3471 1162 3536 circum·
1213 3470 1380 3554 Propheta
1401 3471 1503 3553 igitur
1526 3472 1585 3535 lias
1608 3472 1827 3538 dubitationes
1850 3475 2007 3539 lacessere
2029 3474 2131 3543 iubet.

192 3560 324 3625 stantiis
357 3560 433 3623 suis.
480 3558 571 3623 Deus
604 3558 691 3622 enim
723 3565 893 3622 externam
925 3557 1162 3622 caeremoniam
1298 3553 1510 3641 (Eunuchus.)
1553 3557 1620 3621 Per
1641 3558 1868 3641 synecdochen
1895 3579 2008 3625 omnes
2036 3582 2183 3645 compre·

193 3665 260 3707 non
280 3653 433 3720 moratur,
458 3666 517 3709 nco
535 3643 716 3709 delectatur
733 3644 797 3708 otio
815 3652 944 3709 nostro:
968 3641 1025 3707 sed
1043 3643 1161 3707 seriam
1213 3642 1328 3707 hendit
1349 3643 1405 3725 qui
1429 3653 1537 3707 notam
1555 3643 1697 3725 aliquam
1713 3644 1911 3727 ignominiae
1930 3645 2099 3729 gerebant,
2122 3669 2183 3731 qua

194 3732 295 3793 nostri
319 3730 570 3813 abnegationem
594 3730 713 3812 exigit,
747 3740 785 3793 ut
816 3737 899 3794 totos
932 3728 994 3793 eibi
1016 3728 1162 3793 addictos
1213 3729 1373 3810 apopulo
1398 3727 1461 3791 Dei
1484 3731 1765 3795 submoverentur.
1811 3729 1895 3795 Nam
1917 3733 2074 3813 eunuchi,
2106 3745 2140 3799 et
2159 3733 2181 3798 ii

194 3823 313 3878 teneat.
359 3816 479 3879 Postea
501 3814 670 3878 subiicitur
689 3816 793 3880 altera
813 3813 1016 3899 synecdoche
1039 3814 1079 3878 ad
1103 3835 1162 3878 no·
1214 3814 1330 3898 quibus
1353 3813 1445 3877 nulla
1467 3826 1538 3879 erat
1559 3816 1676 3897 proles,
1708 3815 1903 3881 videbantur
1924 3818 2036 3883 reiecti
2058 3840 2080 3883 a
2103 3820 2181 3894 Deo,

195 3899 328 3964 tandum
352 3901 531 3965 caritatem.
578 3898 714 3964 Summa
736 3909 802 3978 est,
837 3902 943 3965 Deum
972 3920 1037 3964 uon
1068 3898 1163 3963 aliter
1213 3910 1246 3964 et
1279 3899 1403 3965 exclusi
1436 3918 1455 3961 a
1488 3902 1700 3982 promissione
1738 3920 1801 3983 qua
1834 3902 1995 3967 Dominus
2028 3902 2181 3969 Abrahae

193 3986 255 4049 rite
278 3987 337 4050 coli
362 3987 423 4049 nisi
448 4006 524 4048 vera
546 3984 666 4066 pietate
689 3994 721 4048 et
745 3987 832 4049 vitae
848 3986 1044 4059 innocentia,
1068 3984 1161 4050 sicuti
1214 3985 1357 4059 dixerat,
1398 3986 1445 4049 sic
1481 3987 1548 4049 fore
1586 4007 1696 4051 semen
1725 3988 1795 4051 eius
1830 3997 1868 4051 ut
1894 3987 2007 4054 stellas
2035 3990 2120 4055 coeli
2148 4000 2181 4053 et

194 4071 292 4134 etiam
327 4071 408 4135 bene
439 4069 572 4136 vivendi
604 4070 749 4152 regulam
779 4070 904 4136 duabus
934 4071 986 4136 his
1016 4069 1163 4152 partibus
1213 4091 1345 4135 aronam
1370 4070 1476 4134 marie.
1521 4070 1562 4134 In
1585 4093 1722 4148 summa,
1746 4093 1859 4138 omnes
1881 4079 2015 4139 revocat
2036 4094 2056 4139 a
2077 4077 2182 4142 oonsi-

194 4155 353 4220 distinxit.
410 4157 560 4238 Denique
594 4156 767 4236 explicatio
800 4166 851 4221 est
888 4177 985 4221 verae
1019 4156 1163 4220 iustitiae
1213 4155 1440 4220 derationesui
1459 4157 1615 4238 ipsorum,
1636 4167 1673 4221 ut
1693 4166 1909 4224 mentessuas
1927 4160 2182 4226 invocationem

194 4262 290 4324 quam
322 4240 375 4305 lex
410 4242 543 4305 Domini
578 4241 838 4323 comprehendit,
878 4252 916 4306 ut
948 4243 981 4306 in
1015 4261 1053 4305 ea
1086 4262 1162 4306 oon·
1213 4240 1276 4304 Dei
1311 4240 1439 4323 penitus
1472 4238 1629 4325 defigunt:
1673 4252 1769 4327 atque
1801 4245 1849 4309 ita
1881 4246 2051 4310 imitentur
2084 4246 2182 4312 fidem

194 4329 405 4408 quiescamus.
449 4327 589 4391 Frustra
611 4329 699 4390 enim
722 4328 819 4391 aliam
843 4327 1052 4408 perfectionis
1074 4327 1161 4391 viam
1214 4327 1381 4403 Abrahae,
1417 4327 1471 4409 qui
1502 4348 1606 4410 neque
1635 4330 1831 4395 emarcidum
1860 4351 1975 4414 corpus
2005 4352 2104 4397 suum
2131 4352 2182 4398 re·

194 4414 374 4496 inquirunt.
420 4414 527 4493 Atque
549 4412 602 4477 hic
624 4412 799 4477 concidunt
820 4432 933 4477 omnes
960 4412 1065 4478 fictitii
1095 4413 1163 4476 oul-
1213 4413 1330 4494 spexit,
1353 4432 1412 4477 nee
1434 4412 1584 4477 effoetum
1607 4415 1739 4479 vulvam
1761 4415 1872 4491 Sarae,
1896 4427 1932 4481 ut
1954 4438 2012 4500 per
2033 4417 2183 4484 incredu-

195 4509 247 4563 tue
280 4511 312 4563 et
343 4500 611 4581 superstitiones:
651 4499 789 4580 denique
821 4496 975 4579 quidquid
1014 4497 1162 4561 homiues
1212 4498 1340 4562 litatem
1377 4517 1486 4562 secum
1520 4498 1713 4582 disceptaret
1745 4501 1783 4565 de
1823 4502 1968 4584 potentia
2000 4501 2084 4569 Dei:
2124 4504 2182 4571 sed

194 4586 425 4668 excogitarunt
448 4594 576 4665 praeter
600 4584 734 4647 verbum
758 4583 830 4649 Dei.
871 4583 934 4648 Ubi
957 4590 1092 4648 vertunt
1114 4583 1161 4646 in·
1212 4602 1311 4666 supra
1333 4603 1424 4665 spem
1446 4604 1576 4648 omnem
1595 4588 1745 4668 speravit.
1781 4587 1918 4653 (iontem
1944 4588 2053 4655 tibiles
2071 4601 2182 4655 antem

194 4681 370 4754 terpretes,
403 4669 448 4734 Ut
472 4690 534 4733 non
558 4669 658 4732 violet
680 4668 776 4745 illud,
807 4668 1004 4732 adverbum
1032 4672 1096 4748 est,
1132 4667 1161 4731 A
1212 4677 1245 4733 et
1267 4669 1440 4750 probrosos
1463 4668 1638 4752 alloquitur
1661 4671 1825 4754 propheta,
1849 4695 1891 4737 ne
1912 4610 2081 4741 (llffidantz
2105 4676 2183 4758 quis

195 4776 261 4821 non
286 4754 450 4821 violando:
483 4753 555 4818 ideo
578 4754 769 4837 particulam
801 4753 851 4818 Ita
883 4755 1090 4836 interponere
1114 4754 1162 4818 vi·
1213 4765 1352 4819 nonest
1374 4755 1516 4836 acceptio
1540 4775 1749 4836 personarum
1773 4759 1857 4839 apud
1879 4760 1995 4838 Deum,
2020 4769 2057 4825 ut
2073 4761 2181 4844 inquit

193 4864 267 4910 sum
290 4847 349 4918 est,
373 4862 413 4904 ne
436 4861 501 4922 qua
523 4849 607 4904 esset
630 4841 834 4922 ambiguitas.
1212 4840 1331 4905 Petrus
1353 4838 1438 4924 (Act.
1459 4842 1507 4915 10,
1527 4840 1598 4926 34):
1622 4841 1678 4906 sed
1701 4843 1734 4906 in
1758 4844 1873 4925 quavis
1895 4856 1992 4929 gente
2011 4847 2066 4929 qui
2087 4852 2182 4912 timet

279 4929 309 4992 3.
332 4925 389 5012 (Et
410 4948 448 4990 uc
469 4924 574 5010 dicat.)
618 4923 769 4989 Ostendit
792 4924 949 5008 propheta
971 4925 1067 4989 talem
1091 4925 1161 4989 fore
1212 4927 1329 5007 ipsum,
1353 4936 1384 4988 et
1406 4938 1559 5008 operatur
1581 4928 1747 5005 iustitiam,
1771 4930 1799 4994 is
1821 4941 1971 5013 acceptus
1994 4944 2045 4998 oet
2066 4933 2126 4998 illi.

195 5013 278 5078 hanc
300 5014 439 5097 gretiam
463 5012 535 5087 Dei,
560 5021 595 5075 ut
616 5012 713 5074 etiam
737 5012 792 5092 qui
811 5013 900 5092 prius
919 5011 1162 5075 alienifuerant
1297 5013 1326 5075 4.
1361 5009 1530 5095 (Qrcouium
1558 5013 1603 5078 sic
1627 5014 1726 5100 uicit)
1777 5014 1932 5099 Sequitur
1957 5019 2181 5084 confirmatio:

195 5099 234 5163 ab
257 5099 336 5180 ipso,
360 5098 532 5181 atquibus
555 5096 663 5161 aditus
687 5099 775 5178 quasi
798 5097 986 5177 praeclusus
1005 5106 1082 5175 eret,
1106 5097 1161 5161 ob·
1213 5098 1287 5179 quia
1309 5099 1382 5178 puri
1405 5097 1467 5162 Dei
1490 5097 1637 5177 cultores,
1660 5101 1717 5182 qui
1738 5101 1871 5166 sabbata
1892 5102 2110 5181 observarint,
2131 5114 2181 5168 at·

195 5185 320 5248 tineent
343 5204 462 5252 novam
481 5188 610 5260 sortem,
636 5183 685 5246 vel
704 5184 738 5245 in
756 5182 919 5264 integrum
937 5185 1160 5247 restituantur.
1213 5204 1275 5264 que
1299 5182 1504 5248 adhaeserint
1522 5183 1601 5266 legis
1619 5185 1773 5263 iustitiae,
1797 5189 1924 5252 tametsi
1943 5190 2085 5255 eunuchi
2104 5192 2181 5271 sint,

194 5271 304 5352 Atque
326 5289 437 5335 eorum
467 5268 687 5352 querimoniae
719 5268 877 5349 occurrit,
911 5289 952 5332 ne
986 5268 1093 5332 dicant
1126 5290 1160 5333 se
1213 5280 1270 5333 aut
1291 5269 1379 5333 aliud
1401 5268 1668 5352 impedimentum
1692 5272 1846 5350 habeant,
1877 5274 1984 5339 looum
2012 5275 2180 5342 nihilomi-
