4786 5976
185 364 248 432 377
1052 371 1202 439 unfus
1223 371 1317 437 LXI.
2116 377 2180 444 378

186 551 297 633 debet,
330 575 389 621 sua
415 579 454 622 ue
482 558 607 634 omnia,
640 568 678 623 ut
706 558 769 625 hcc
797 559 943 644 legitimo
977 559 1158 627 sacerdotio
1209 560 1364 643 quidquid
1387 572 1513 626 rectum
1535 572 1568 625 et
1590 580 1732 643 acquum
1753 571 1805 627 est
1825 563 2080 646 comprehcndit.
2114 565 2180 651 Op-

185 638 359 721 fungatur:
390 576 524 723 deinde,
552 643 695 710 ministri
716 647 771 728 qui
793 645 1000 729 peculiariter
1020 646 1062 710 ad
1085 665 1157 710 mu·
1208 644 1300 729 pouit
1327 645 1414 709 enim
1440 645 1502 712 hoc
1529 667 1647 711 nomen
1674 646 1827 712 inanibus
1852 649 2019 731 figmentis
2040 650 2179 719 ludaeo-

185 747 251 792 nus
271 726 408 792 docendi
431 729 538 794 vocati
564 738 659 807 sunt,
689 740 824 796 utantur
852 730 961 815 gladio
984 730 1091 810 verbi,
1121 739 1158 796 ut
1207 752 1297 807 rum,
1330 731 1446 812 quibus
1478 731 1665 797 satisfacere
1697 752 1732 796 sa
1764 732 1923 815 putabant
1959 735 2044 812 Deo,
2081 747 2179 821 atque

185 821 332 878 mactent
361 813 510 881 homines
539 827 573 881 et
594 826 784 882 consecrent
805 815 887 881 Dec.
930 816 977 882 Hi
1000 838 1078 882 vero
1101 815 1156 882 de·
1207 817 1338 881 interim
1369 816 1526 881 malit-iam
1556 838 1649 882 snam
1679 819 1841 902 tegebant
1886 819 2050 885 Dominus
2078 824 2177 903 enim,

184 918 277 962 mum
306 897 444 982 legitimi
467 911 545 965 sunt
567 901 723 981 ministri,
753 903 809 984 qui
832 901 916 968 nihil
947 913 1074 968 tentant
1100 912 1157 968 aut
1207 909 1245 967 ut
1272 902 1403 984 saepius
1433 904 1540 968 visum
1568 903 1649 979 fuit,
1683 904 1841 969 eiusmodi
1873 904 1983 971 larvas
2013 918 2046 971 et
2075 928 2178 975 venne

186 981 424 1067 aggrediuntur
446 1007 488 1050 ex
506 1009 541 1053 se
558 987 646 1069 ipsis,
668 989 725 1053 scd
748 986 901 1053 mandate
922 1010 1006 1071 quae
1028 1007 1156 1071 accepe-
1206 998 1396 1070 praetextus
1424 1010 1491 1054 non
1519 998 1677 1066 moratur,
1710 988 1767 1055 sed
1797 990 1899 1073 exigit
1927 1013 2040 1056 veram
2069 994 2178 1062 cordis

185 1078 265 1133 runt
285 1088 305 1132 a
326 1069 399 1135 Deo
422 1070 563 1138 fideliter
584 1094 622 1139 ac
644 1081 778 1139 strenue
800 1084 1015 1156 exequuntur.
1206 1072 1417 1155 munditiem,
1458 1084 1491 1140 et
1523 1095 1639 1139 manus
1671 1074 1712 1140 ab
1743 1076 1833 1139 omni
1870 1077 2032 1142 iniustitia
2066 1100 2176 1162 puras.

272 1153 302 1219 7.
335 1154 413 1238 (Pro
437 1158 583 1243 pecore.)
635 1158 817 1224 Confirmat
848 1161 1045 1242 superiorem
1080 1179 1154 1225 sen·
1206 1159 1311 1223 Recto
1341 1160 1442 1242 igitur
1468 1160 1576 1224 animo
1599 1161 1643 1223 sit
1664 1179 1702 1223 an
1726 1160 1795 1225 vita
1816 1161 1945 1244 integer
1967 1163 2022 1245 qui
2043 1185 2079 1229 ιο
2101 1186 2177 1231 sua·

184 1239 333 1320 tentiam,
355 1241 412 1306 ubi
430 1243 560 1308 dixerat
577 1243 647 1310 oleo
665 1245 774 1328 gaudii
797 1247 961 1328 perfusum
982 1247 1023 1310 iri
1041 1244 1154 1310 fideles
1206 1263 1269 1326 que
1290 1245 1352 1326 ipsi
1374 1245 1510 1326 probare
1533 1245 1629 1311 volet.

184 1324 239 1407 qui
258 1344 351 1392 sacco
369 1326 487 1409 indoti,
506 1341 539 1393 et
555 1330 665 1395 ninere
688 1332 852 1414 conspersi
870 1331 1033 1416 lugebant.
1061 1331 1153 1396 Haec
1290 1328 1437 1414 (Rapina
1464 1333 1500 1396 iu
1526 1330 1721 1415 bcbccuetc.)
1769 1330 2011 1416 synecdochice
2041 1334 2176 1403 denotet

183 1412 340 1478 moeroris
361 1413 397 1478 in
419 1415 577 1497 gandium
599 1418 767 1483 conversio
796 1418 914 1482 iterum
941 1417 1152 1499 promittitur.
1204 1414 1394 1480 simulatum
1412 1415 1475 1480 Dei
1493 1417 1635 1482 cultum:
1658 1415 1719 1481 sub
1737 1416 1924 1483 holocausto
1943 1440 2019 1486 vern
2037 1421 2177 1504 quodvis

183 1493 314 1579 Duplex
335 1501 485 1565 nonnulli
507 1502 775 1584 interpretantur,
799 1503 874 1584 quia
896 1522 1004 1567 coram
1026 1504 1097 1567 Deo
1120 1513 1153 1566 et
1205 1502 1353 1567 sacrificii
1386 1523 1490 1586 genus
1530 1500 1825 1584 comprehenditur.
1880 1501 1989 1583 Quum
2023 1527 2101 1590 ergo
2134 1529 2176 1574 ex

182 1583 374 1649 hominibus
403 1586 489 1651 beati
517 1588 640 1652 fuerint
669 1587 724 1670 qui
747 1587 906 1672 redempti
929 1597 1007 1654 sunt
1027 1608 1046 1652 a
1069 1588 1151 1653 Dec.
1204 1586 1318 1651 fraude
1340 1596 1372 1651 et
1391 1588 1506 1669 rapine
1524 1588 1710 1653 sacrificant
1728 1588 1874 1653 homines
1894 1588 1974 1668 Dec,
1998 1591 2050 1656 vel
2073 1613 2176 1674 quum

184 1666 252 1735 Sed
273 1671 384 1736 nescio
406 1691 449 1735 an
467 1673 547 1737 satis
564 1672 666 1738 solida
683 1674 725 1739 sit
742 1695 782 1738 ea
798 1674 1031 1758 interpretatio.
1062 1673 1152 1738 Malo
1204 1693 1264 1738 sua
1303 1671 1487 1748 mendacia,
1524 1672 1778 1753 simulationem,
1817 1675 2038 1757 impuritatem
2073 1678 2176 1743 animi

182 1754 286 1840 igitur
313 1756 492 1840 simplicius
522 1760 676 1841 accipere,
706 1779 743 1824 ac
769 1759 798 1824 si
825 1759 947 1825 diceret
975 1758 1151 1842 propheta:
1203 1758 1370 1824 sacrificiis
1392 1759 1597 1840 permiscent,
1620 1759 1672 1823 vel
1699 1759 1842 1842 maligne
1863 1759 1971 1824 Deum
1994 1761 2175 1828 fraudando

182 1840 290 1907 Tanta
311 1843 375 1906 erit
395 1843 550 1909 ecclesiae
577 1845 791 1927 prosperitas,
819 1854 856 1910 ut
878 1845 1077 1910 calamitates
1103 1855 1151 1909 at·
1202 1843 1326 1908 cultum
1361 1845 1430 1909 eius
1460 1845 1589 1919 vitiant,
1622 1844 1703 1908 nihil
1736 1845 1959 1911 detestabilius
1992 1857 2051 1912 eet.
2102 1847 2177 1915 Ηοο

182 1947 247 2011 que
269 1948 423 2011 perversa
445 1931 567 2010 omnia,
600 1931 718 2012 quibus
740 1952 827 1995 nunc
850 1931 1022 2012 premitur,
1054 1929 1151 2014 louge
1203 1937 1312 1994 autem
1345 1950 1515 1995 commune
1547 1939 1596 1994 est
1630 1951 1695 1995 non
1729 1932 1827 1996 unius
1862 1931 2024 1997 duntaxat
2059 1936 2175 1999 aetatis

181 2023 325 2096 superet.
375 2015 479 2098 Ergo,
513 2016 541 2080 si
572 2037 658 2082 nuuc
686 2016 789 2098 ipsam
823 2015 932 2081 taedet
964 2035 1042 2081 suae
1074 2035 1150 2081 cnn·
1204 2016 1330 2091 vitium,
1353 2015 1409 2080 sed
1427 2018 1574 2080 omnium
1595 2026 1785 2097 temporum.
1819 2015 1943 2082 Omnes
1964 2020 2052 2082 enim
2075 2021 2175 2084 simu-

181 2097 324 2178 diticnis,
354 2102 515 2183 respicere
544 2110 670 2185 oportet
692 2102 728 2165 in
749 2101 844 2165 illum
866 2100 960 2178 diem,
991 2122 1054 2183 quo
1076 2101 1150 2165 bea·
1203 2101 1272 2165 lant
1294 2120 1329 2164 se
1351 2101 1455 2166 colere
1477 2101 1597 2179 Deum,
1625 2120 1662 2165 ac
1685 2099 1785 2184 pudet
1811 2103 1928 2183 impios
1949 2104 2037 2186 ipsos
2065 2125 2176 2170 carere

181 2183 309 2249 tissima
344 2185 455 2250 futura
487 2197 546 2252 est.
602 2185 707 2253 Sicuti
743 2186 869 2251 Paulus
904 2198 1151 2252 momentaneae
1202 2187 1309 2268 specie
1329 2186 1504 2269 religionis,
1527 2185 1790 2269 quandoquidem
1814 2187 1893 2252 adeo
1917 2190 2086 2271 ingenitus
2106 2211 2176 2255 cm·

181 2269 310 2335 levitati
332 2272 547 2336 afflictionum
570 2282 741 2337 aeternum
763 2272 888 2354 gloriae
909 2272 1037 2355 pondus
1054 2291 1151 2354 oppo·
1203 2273 1294 2336 nium
1326 2272 1443 2336 animis
1473 2282 1523 2336 est
1552 2292 1668 2337 sensus
1695 2271 1877 2337 divinitatis
1906 2283 1944 2336 ut
1974 2274 2089 2340 revelli
2119 2297 2175 2341 ne-

181 2356 232 2419 nit
255 2353 299 2440 (2.
321 2355 447 2434 Oor.4,
468 2355 532 2442 17).
575 2357 745 2423 Insultant
767 2357 859 2422 nobis
881 2358 981 2439 impii,
1003 2369 1036 2421 et
1057 2358 1151 2424 lasci·
1203 2368 1310 2441 queat.
1365 2358 1505 2423 Interim
1538 2359 1643 2421 maior
1683 2357 1853 2422 hominum
1885 2379 1964 2441 pars
1996 2381 2070 2426 cum
2104 2361 2176 2427 Dec

182 2440 294 2521 viunt,
323 2443 407 2524 quod
436 2442 619 2526 superiores
643 2444 831 2510 videantur:
865 2441 1047 2508 abutuntur
1076 2464 1149 2525 pro-
1203 2443 1296 2520 ludit,
1323 2452 1420 2525 atque
1443 2444 1621 2526 puerilibus
1650 2444 1748 2591 nugis
1769 2444 1798 2506 ei
1821 2444 2008 2511 satisfacere
2029 2457 2175 2513 conatur.

180 2546 278 2609 spera
305 2526 453 2608 fortuna,
487 2549 524 2595 ac
553 2528 737 2612 despiciunt
765 2539 799 2592 et
827 2539 1037 2594 contemnunt
1065 2529 1150 2594 filios
1203 2529 1300 2594 Hanc
1333 2529 1436 2612 igitur
1469 2527 1655 2612 hypocrisin
1718 2540 1829 2593 amnat
1866 2540 1963 2611 atque
1996 2530 2176 2597 detestatur

180 2609 261 2677 Dei:
286 2613 343 2678 sed
361 2612 525 2680 Dominus
547 2615 709 2698 promittit
730 2634 765 2678 se
787 2613 880 2678 brevi
901 2614 1090 2679 effecturum
1114 2625 1151 2679 ut
1202 2615 1322 2679 Isaiae:
1353 2635 1391 2680 ac
1421 2614 1513 2680 dccet
1535 2612 1714 2678 Dominum
1745 2615 1999 2681 misericordiam
2028 2618 2135 2699 potius
2156 2638 2177 2681 a

180 2697 227 2781 pii
256 2700 357 2781 erepti
385 2699 427 2763 ab
455 2700 586 2764 illorum
620 2698 793 2782 tyrannide
822 2719 935 2765 eorum
965 2700 1149 2783 portionem
1202 2701 1297 2765 nobis
1320 2701 1484 2781 requirere
1507 2719 1606 2780 quam
1628 2701 1795 2765 sacrificia.
1826 2699 1896 2765 Nec
1918 2702 2006 2766 enim
2029 2702 2091 2766 rite
2112 2702 2176 2769 ccli

180 2779 359 2850 obtineant.
405 2786 477 2851 Hoc
499 2785 631 2867 quidem
657 2785 726 2850 fieri
749 2784 856 2867 coepit
876 2806 975 2868 quum
998 2805 1150 2850 reversus
1202 2794 1310 2868 potest
1332 2806 1351 2848 a
1374 2785 1468 2850 nobis
1491 2786 1592 2859 Deus.
1616 2785 1679 2848 nisi
1701 2784 1876 2851 secundam
1899 2786 2045 2851 tabulam
2068 2787 2175 2855 obser·

181 2876 232 2933 est
253 2870 295 2935 ab
316 2871 431 2936 exsilio
454 2870 602 2954 populus,
631 2870 687 2937 sed
710 2870 907 2936 luculentius
929 2871 1149 2936 testimonium
1202 2891 1329 2952 vemus,
1359 2880 1455 2954 atque
1477 2869 1699 2935 abstineamus
1729 2871 1769 2935 ab
1798 2871 1888 2935 omni
1919 2871 2033 2938 fraude
2060 2887 2095 2937 et
2124 2875 2176 2938 in·

180 2954 308 3021 editum
337 2966 387 3022 est
414 2958 448 3022 in
479 2956 622 3037 Christo,
655 2964 752 3038 atque
781 2955 891 3022 editur
919 2956 1079 3039 quotidie,
1111 2976 1149 3023 ac
1202 2957 1295 3022 iuria.
1339 2955 1426 3020 Nam
1448 2956 1505 3038 qui
1528 2953 1655 3021 fraudat
1677 2955 1844 3038 proximos
1864 2966 1922 3021 aut
1946 2957 2045 3022 violat
2067 2961 2175 3024 Deum

181 3041 313 3107 tandem
340 3043 528 3124 perficietur
555 3041 670 3108 ultimo
698 3042 769 3106 eius
798 3041 957 3118 adventu,
989 3062 1053 3125 quo
1079 3042 1147 3125 ple·
1201 3061 1330 3125 quoque
1351 3042 1473 3107 iniuria
1494 3042 1605 3106 afficit.
1641 3040 1792 3123 Denique
1809 3042 1980 3107 consilium
1997 3043 2176 3127 prophetae

179 3126 317 3193 nissime
346 3130 456 3194 omnia
483 3129 740 3204 renovabuntur,
770 3136 803 3191 et
823 3128 934 3211 impiis
956 3127 1088 3194 deiectis
1106 3128 1148 3193 ad
1201 3137 1251 3193 est
1274 3128 1388 3193 docere
1410 3147 1494 3209 quae
1511 3148 1590 3191 vera
1607 3127 1650 3192 sit
1668 3127 1908 3209 resipiscentiae
1925 3129 2024 3194 ratio:
2048 3150 2175 3213 nempe,

179 3233 240 3280 nce
261 3214 431 3296 perveniet
452 3212 563 3278 mundi
586 3212 780 3279 haereditas.
820 3213 894 3278 Huc
917 3224 1040 3296 spectat
1063 3213 1148 3295 quod
1201 3214 1228 3279 si
1262 3212 1429 3297 hypocrisi
1461 3212 1590 3278 sublata
1623 3213 1851 3296 figmentisque
1883 3215 2035 3280 omnibus
2067 3215 2176 3281 valere

258 3299 393 3364 modum
423 3299 641 3365 concessionis
669 3308 792 3363 terram
820 3318 934 3365 corum
963 3320 1033 3365 esse
1060 3298 1148 3379 dicit,
1200 3299 1297 3365 iussis
1320 3298 1565 3365 beneficentiam
1587 3299 1675 3363 iuter
1696 3320 1732 3363 se
1751 3309 1899 3363 mutuam
1917 3311 2092 3365 exerceant
2109 3300 2175 3367 Dei

204 3406 244 3451 on
263 3393 331 3468 est,
363 3385 556 3467 impiorum:
590 3384 667 3468 quia
695 3404 783 3449 nunc
809 3404 844 3449 ιο
872 3382 1002 3466 quidem
1034 3383 1148 3450 mundi
1201 3385 1352 3450 cultores.

180 3468 327 3535 dominos
348 3491 419 3536 esse
438 3471 571 3549 iactant,
593 3469 649 3535 sed
670 3467 802 3534 tandem
822 3469 965 3535 sentient
986 3472 1148 3553 propriam
1286 3469 1391 3553 (Opus
1422 3469 1551 3554 eorum)
1604 3467 1748 3548 Quidam
1780 3480 1951 3551 exponunt
1991 3470 2173 3536 mercedem

179 3564 213 3621 et
234 3555 434 3638 peculiarem
456 3578 526 3623 ease
547 3556 624 3622 filiis
645 3554 717 3620 Dei.
1199 3556 1314 3637 operis.
1358 3555 1431 3637 Ego
1461 3563 1570 3619 autem
1604 3555 1712 3635 potius
1745 3555 1896 3618 existimo
1928 3556 2036 3619 not-ari
2064 3557 2175 3620 omnia

264 3640 444 3727 (Gaudium
464 3640 675 3725 perpenna.)
721 3639 794 3705 Ηοο
822 3639 938 3704 referri
969 3646 1077 3723 potest
1106 3641 1146 3706 ad
1200 3642 1290 3704 vitae
1312 3641 1463 3703 instituta
1485 3639 1601 3721 quibus
1625 3639 1750 3703 felicem
1772 3639 1898 3703 exitum
1915 3638 2079 3704 Dominus
2101 3661 2174 3723 pro·

178 3734 355 3793 externum
376 3728 530 3795 ecclesiae
551 3737 691 3794 statum:
723 3725 801 3808 quia
821 3726 888 3790 suis
910 3723 1004 3790 Deus
1026 3727 1146 3808 gratia-
1200 3725 1311 3790 mittit.
1354 3725 1502 3789 Pessime
1524 3723 1669 3790 succedit
1696 3722 1867 3788 hominum
1896 3725 2067 3806 institutis,
2098 3728 2174 3809 quia

177 3834 254 3879 rum
272 3815 406 3879 actionis
424 3815 595 3880 materiam
612 3811 755 3896 quotidie
774 3809 974 3894 suppeditat:
995 3810 1052 3877 sed
1070 3813 1147 3893 quia
1200 3811 1308 3876 Deum
1331 3810 1366 3873 in
1384 3809 1555 3875 eonsilium
1575 3808 1728 3875 adhibere
1745 3808 1874 3892 nolunt,
1896 3832 1958 3876 nec
1975 3814 2045 3876 eiua
2067 3815 2174 3896 auspi·

177 3899 303 3965 multae
324 3899 421 3965 simul
443 3900 634 3966 acerbitates
656 3898 720 3962 illis
738 3896 902 3961 vocandae
919 3906 1004 3969 sunt,
1027 3917 1148 3978 eosque
1199 3897 1259 3961 ciis
1281 3895 1446 3978 quidpiam
1470 3894 1716 3978 aggrediuntur.
1761 3894 1839 3959 Ideo
1868 3916 1947 3961 suae
1978 3899 2174 3965 temeritatis

178 3984 357 4051 circumdat
387 3984 560 4068 multiplex
590 3984 739 4059 tristitia,
772 4003 838 4047 non
868 3982 965 4047 aliter
991 3982 1148 4065 impletur
1199 3983 1316 4047 meritc
1338 4000 1459 4064 poenas
1479 3980 1583 4057 luunt,
1613 3981 1690 4063 quia
1710 3980 1819 4045 fidunt
1839 3981 1985 4047 consiliis
2005 3983 2084 4058 suis,
2115 3993 2174 4049 aut

177 4070 241 4137 hcc
258 4071 458 4149 vaticinium,
476 4090 576 4153 quam
595 4070 673 4133 dum
692 4068 782 4153 viget
799 4068 1006 4151 palmamque
1023 4066 1148 4133 obtinet
1200 4089 1219 4131 a
1240 4087 1335 4134 caeco
1357 4067 1506 4131 fortunae
1527 4076 1647 4132 eventu
1669 4066 1828 4149 pendent:
1857 4066 1914 4131 ubi
1937 4067 2019 4132 nihil
2040 4071 2173 4135 omniuo

176 4156 214 4221 in
233 4155 387 4224 cordibus
420 4157 541 4222 nostris
569 4153 726 4238 gaudium
755 4155 903 4238 spiritus,
936 4163 970 4219 et
995 4174 1061 4236 pax
1089 4153 1147 4218 illa
1200 4153 1364 4230 veritatis,
1396 4150 1454 4216 sed
1486 4151 1589 4215 fallax
1623 4149 1847 4216 tantummodo
1876 4153 1994 4219 umbra
2022 4164 2081 4219 eat.
2124 4154 2172 4221 Iis

198 4263 261 4308 uae
289 4263 420 4307 omnem
452 4261 583 4308 sensum
612 4252 786 4322 exsuperat
817 4239 867 4325 (ut
894 4240 1004 4322 inquit
1025 4239 1147 4306 Paulus
1200 4248 1309 4303 autem
1331 4239 1386 4319 qui
1404 4238 1521 4320 spiritu
1542 4237 1678 4302 Domini
1696 4248 1867 4320 reguntur,
1888 4239 2007 4322 quique
2030 4261 2066 4304 se
2088 4251 2171 4307 totos

177 4263 282 4429 {Phil
295 4329 325 4408 4,
337 4327 384 4414 71)
406 4348 471 4411 qua
492 4327 552 4392 soli
574 4325 633 4391 filii
655 4325 717 4391 Dei
738 4325 900 4403 fruuntur,
923 4346 1024 4407 quum
1047 4323 1146 4408 adop·
1200 4325 1270 4387 eius
1292 4323 1412 4388 tutelae
1434 4325 1652 4399 committunt,
1673 4323 1701 4388 si
1722 4323 1861 4388 feliciter
1882 4335 1917 4389 et
1938 4345 1979 4389 ex
2003 4339 2079 4390 voto
2100 4344 2172 4390 suc·

177 4414 276 4480 uenis
307 4416 529 4480 testimouium
566 4409 699 4476 habent.
755 4410 944 4493 Perpetuam
980 4419 1078 4477 vocat
1108 4419 1147 4476 ut
1199 4407 1301 4488 cedat,
1331 4409 1413 4473 nihil
1441 4410 1572 4488 mirum,
1601 4411 1679 4491 quia
1707 4429 1727 4470 a
1755 4408 1824 4473 sola
1850 4410 1920 4475 eius
1948 4410 2172 4476 benedictione

178 4498 380 4566 demonstret
411 4508 569 4581 quantum
603 4496 733 4563 differat
761 4516 781 4560 a
810 4496 927 4580 gaudio
960 4497 1145 4579 impiorum,
1198 4495 1271 4560 fluit
1293 4495 1400 4560 omnis
1423 4497 1630 4578 prosperitas.
1664 4493 1769 4558 Porro
1791 4493 1854 4559 sub
1869 4496 2020 4561 veritatis
2041 4497 2172 4561 nomine

177 4584 264 4669 quud
286 4594 549 4650 momentaneum
572 4592 622 4649 eat
643 4601 682 4647 ac
703 4582 851 4664 protinus
872 4582 1053 4648 evanescit:
1080 4582 1146 4646 imo
1199 4579 1375 4664 aequabilia
1397 4599 1512 4647 cursus
1534 4589 1681 4645 notatur:
1705 4579 1783 4661 quia
1799 4589 1834 4644 et
1850 4581 2009 4647 increduli
2028 4580 2172 4665 plerum·

176 4670 215 4737 in
236 4670 411 4737 stridorem
433 4669 581 4735 dentium
604 4668 753 4733 vertitur.
1199 4687 1261 4748 que
1283 4664 1422 4732 evanidc
1444 4665 1564 4750 gaudio
1586 4666 1693 4729 inflati
1715 4669 1803 4745 sunt,
1830 4665 1886 4731 sed
1909 4687 1985 4731 mcx
2007 4667 2171 4733 diffluunt.

263 4756 294 4823 8.
317 4754 417 4907 &cic
438 4776 491 4839 epo
508 4751 693 4838 Dominus.)
728 4753 802 4818 Non
826 4760 952 4817 tantum
975 4753 1147 4819 confirmat
1199 4751 1395 4818 Stabilitatis
1417 4772 1549 4818 causam
1571 4751 1604 4814 in
1628 4752 1693 4814 fine
1715 4751 1870 4835 assignat,
1894 4753 1971 4833 quia
1988 4750 2082 4818 Deus
2104 4773 2171 4817 non

198 4841 265 4908 und
286 4863 327 4926 po
352 4841 450 4907 initus
472 4849 520 4906 est
543 4840 606 4903 Dei
628 4839 768 4919 nomine,
795 4838 971 4903 sedetiam
995 4837 1147 4903 hortatur
1199 4838 1299 4903 semel
1322 4836 1417 4903 modo
1450 4836 1515 4902 illis
1538 4835 1619 4900 velit
1647 4857 1781 4901 manum
1809 4839 1983 4921 porrigere,
2013 4837 2070 4903 sed
2098 4858 2172 4920 per·

195 4927 317 4994 udaece
334 4936 373 4992 ut
390 4926 597 5009 resipiscant:
619 4934 716 5007 atque
737 4923 881 4990 ostendit
902 4924 989 4989 unde
1007 4925 1146 4989 salutem
1198 4933 1316 5007 petuus
1347 4943 1418 4989 esse
1447 4922 1515 4987 dux
1542 4922 1684 4988 itineris:
1718 4930 1813 5005 atque
1845 4925 1923 4989 baec
1952 4944 2031 4987 vera
2064 4943 2172 5006 perse-

177 5023 369 5096 exspectare
391 5012 545 5093 debeant,
575 5021 760 5093 quantoque
782 5019 815 5074 et
836 5009 924 5092 quali
945 5029 1019 5074 cum
1041 5009 1146 5074 iudice
1198 5009 1367 5074 versutiae
1389 5018 1522 5073 nostrae
1543 5008 1666 5073 fultura
1687 5018 1747 5086 eat,
1777 5007 1861 5090 quod
1891 5019 2082 5090 perpetuum
2105 5009 2171 5075 foe·

177 5099 257 5183 ipsis
276 5099 443 5183 negotium
465 5099 525 5162 ait:
555 5117 574 5160 a
596 5103 714 5160 natura
735 5095 823 5159 enim
848 5095 910 5159 Dei
933 5096 1146 5161 ratiocinatur
1199 5092 1260 5159 due
1275 5094 1442 5159 nobiscum
1457 5103 1627 5177 percutere
1641 5093 1803 5176 dignatur,
1822 5094 1856 5157 in
1872 5114 1937 5174 quc
1952 5105 2170 5175 spontaneum

178 5184 338 5270 quomodo
360 5184 461 5249 vitam
494 5184 581 5266 ipsos
609 5183 749 5246 formare
779 5181 906 5262 deceat,
940 5202 982 5244 ne
1004 5181 1146 5245 oblatam
1199 5201 1235 5245 ιο
1255 5178 1435 5245 debitorem
1454 5181 1632 5258 constituit,
1654 5191 1751 5260 atque
1769 5177 1856 5242 ultro
1878 5179 1972 5244 nobis
1990 5182 2098 5246 omnia
2115 5180 2171 5246 de·

179 5268 242 5337 sibi
263 5270 404 5357 gratiam
422 5290 482 5336 sua
496 5266 658 5352 pravitate
681 5276 845 5349 respuant.
878 5266 997 5332 Iudicii
1015 5265 1147 5332 nomine
1198 5264 1272 5345 fert,
1294 5285 1395 5347 quum
1419 5274 1530 5331 tamen
1553 5265 1635 5330 nibil
1658 5265 1792 5329 omnino
1815 5263 1938 5329 debeat.

1640 5586 1751 5616 *s
