4784 5970
198 358 261 423 493
947 359 997 425 ΙΝ
1019 357 1269 425 ΙΕΒΕΜΙΑΜ.
1307 358 1405 426 ΟΔΡ.
1429 358 1456 422 Ι.
2140 363 2205 429 494

197 546 333 627 spiritus
353 546 411 627 tui,
433 551 469 611 ut
490 546 560 613 eius
588 547 732 613 doctriua
760 546 853 614 bodie
881 567 938 613 uos
963 546 1114 626 humiliet,
1142 566 1179 612 ao
1231 558 1264 612 st
1287 568 1489 631 prosperum,
1512 548 1590 629 qnia
1611 556 1736 631 pugnat
1758 548 1820 614 sub
1849 549 2000 633 anspioiis
2022 551 2095 617 Dei.
2141 549 2207 617 Sed

198 632 357 698 dismmus
378 653 433 698 uos
453 632 536 698 ultro
558 634 615 698 tibi
635 632 794 713 subiicere
822 635 916 699 etita
945 634 1103 713 suscipere
1131 638 1177 698 at·
1230 632 1330 698 simul
1360 633 1459 698 etiam
1489 634 1588 698 adiun
1616 634 1689 712 tur,
1719 633 1821 716 Super
1848 640 1943 700 totam
1971 642 2095 702 terram.
2141 637 2208 703 Lo·

198 738 258 800 que
279 718 372 784 etiam
394 718 537 801 ampledi
559 720 640 801 quod
661 719 749 785 robis
772 739 834 801 per
854 739 980 786 serrum
1000 724 1089 784 tuum
1104 739 1180 801 pro·
1230 720 1343 801 quitur
1365 717 1453 783 head
1476 717 1573 783 dubie
1631 741 1687 785 aas
1709 739 1776 784 non
1800 718 1840 784 de
1870 729 1939 786 toto
1968 722 2055 799 orbs,
2086 722 2142 787 sed
2166 722 2208 788 de

195 805 290 887 portis
312 808 347 868 ut
367 825 424 870 uos
445 804 570 869 attollas
590 826 690 872 mauu
711 810 780 870 tua:
809 807 904 872 etita
925 806 1037 869 virtute
1065 811 1123 870 tua
1152 808 1180 869 et
1231 816 1318 869 terra
1340 802 1501 869 Iehndah.
1539 803 1633 870 Nam·
1647 805 1709 870 hoo
1731 805 1804 889 lege
1822 804 1946 872 oleatus
1968 807 2031 871 fuit
2051 807 2208 872 Ieremias

193 890 361 973 praesidio
389 891 464 972 freti
487 910 666 975 pupuemus
699 896 806 957 matra
835 891 988 957 muudum
1016 895 1044 954 et
1072 895 1179 956 omtro
1230 896 1268 954 ut
1290 910 1422 973 operam
1444 910 1538 955 suam
1561 890 1662 955 eleeto
1681 891 1801 974 popolo
1823 890 2037 973 impenderet.
2077 892 2208 959 Dieitur

201 975 363 1052 Salonam,
386 977 505 1042 interea
526 977 658 1058 quisque
678 982 819 1042 rostrum
841 996 906 1058 pro
934 997 996 1042 suo
1024 977 1180 1042 oooatioue
1230 996 1308 1059 ergo
1340 975 1408 1057 sore
1443 976 1540 1040 viator
1575 976 1669 1040 totius
1701 975 1849 1041 Iudaeae.
1905 978 2025 1042 Postea
2058 980 2209 1061 sequitur

200 1063 246 1127 sio
278 1063 312 1126 iu
345 1062 490 1126 virtutem
522 1067 609 1127 tuam
641 1063 799 1128 recumbat
830 1067 865 1127 ut
901 1083 962 1127 mort
1001 1061 1179 1126 dubitemus
1232 1060 1346 1126 Coutra
1360 1080 1448 1143 repes
1461 1061 1613 1127 Iebudolr.
1649 1060 1779 1127 Soimus
1801 1082 1904 1126 unum
1924 1062 2086 1128 duntaxat
2108 1064 2209 1130 luisse

199 1148 296 1212 vitam
318 1152 457 1212 nostram
478 1148 632 1230 perieulis
658 1148 786 1214 otiuue
814 1148 931 1229 quoties
960 1167 1038 1230 opus
1065 1147 1179 1229 fauit:
1230 1168 1341 1230 regom
1364 1148 1397 1210 in
1421 1146 1561 1211 Iudaea:
1591 1146 1649 1211 sed
1672 1147 1763 1212 Deus
1787 1147 1981 1229 prophetam
2003 1169 2101 1214 snum
2132 1151 2207 1215 hor·

199 1239 227 1297 et
240 1253 418 1317 pupaeruus
438 1233 581 1310 viriiiter,
599 1239 773 1315 perstemus
795 1235 891 1300 etiam
907 1254 1005 1315 usque
1022 1233 1065 1297 ad
1084 1232 1179 1312 finem
1230 1243 1322 1297 tatur
1359 1231 1400 1296 ad
1440 1231 1735 1314 perseverantiam:
1776 1234 1867 1315 quasi
1900 1233 2024 1300 diceret
2055 1234 2125 1300 fore
2159 1236 2208 1300 illi

198 1320 233 1383 iu
254 1317 311 1384 boo
340 1318 467 1395 utilitia,
497 1320 588 1385 doueo
612 1319 773 1402 perfuncti
799 1339 894 1386 oursu
923 1323 1027 1384 nostro
1055 1318 1179 1382 taudem
1229 1317 1364 1400 longum
1404 1317 1540 1382 militiae
1583 1338 1730 1395 aureum,
1773 1339 1814 1382 ne
1857 1318 1964 1383 taedio
1998 1320 2038 1385 ob
2074 1320 2205 1405 longam

194 1405 415 1485 perveniamus
437 1404 480 1470 ad
502 1405 623 1471 beatam
643 1405 733 1470 illam
754 1406 885 1487 quietem
915 1425 995 1486 quoe
1022 1404 1113 1468 rolris
1132 1423 1179 1467 re·
1230 1423 1354 1467 moram
1377 1401 1516 1469 defioiat.
1558 1401 1684 1469 Sensus
1706 1404 1809 1488 igitur
1836 1415 1895 1487 est,
1918 1404 2113 1487 prophetam
2141 1427 2209 1471 non

196 1490 300 1570 posito
321 1495 368 1556 eet
388 1490 424 1554 ia
444 1491 533 1573 melo,
559 1511 619 1572 per
648 1490 809 1557 Christum
837 1494 999 1559 domiuum
1028 1493 1178 1569 morbum,
1229 1487 1446 1553 militaturum
1469 1494 1583 1555 eontra
1604 1510 1708 1554 unum
1737 1510 1858 1573 regem,
1887 1491 1944 1556 sed
1974 1503 2102 1556 mortuo
2131 1512 2207 1568 uno,

200 1575 313 1640 Amat.
1230 1573 1337 1639 adhue
1360 1594 1446 1639 nova
1467 1575 1652 1638 oertamina
1679 1575 1812 1654 instare,
1843 1580 1881 1639 ut
1907 1575 2032 1641 soilioet
2063 1577 2151 1658 apud
2173 1598 2208 1643 ss

287 1745 337 1810 18.
361 1745 405 1810 Et
426 1765 488 1828 eoo,
511 1764 574 1809 eoos
588 1747 686 1826 posui
708 1746 842 1812 teleodie
859 1748 894 1811 io
911 1745 1016 1811 urbem
1033 1745 1179 1811 munitio

199 1830 251 1895 riis
273 1830 339 1915 (vel
361 1830 544 1915 munitam),
575 1832 610 1895 iu
632 1832 805 1897 oolumuam
828 1833 894 1915 (vel
917 1831 1089 1916 fulturam)
1113 1831 1177 1913 fer·

199 1935 293 1993 ream,
316 1917 395 1980 otiu
412 1936 539 1981 murum
560 1937 689 1981 aereum
710 1937 806 1998 super
819 1922 912 1983 totam
933 1923 1051 1982 terram
1073 1920 1179 1982 oombo

198 2021 287 2083 repes
307 2000 462 2081 Ieltudals,
485 2007 590 2067 ooutra
606 2003 768 2086 principes
784 2003 860 2082 eius,
883 2009 990 2070 eontra
1008 2003 1179 2070 sacerdotes

200 2089 278 2170 eius,
300 2093 407 2153 eontra
423 2087 580 2170 populum
600 2093 702 2154 terrae
724 2090 836 2171 ipsias.

286 2258 351 2324 Hio
373 2259 465 2324 Deus
492 2259 626 2323 instruit
656 2258 775 2324 fiduoia
804 2280 936 2326 servum
965 2281 1070 2336 suum,
1101 2259 1178 2342 qnia

200 2365 334 2409 neeesse
356 2345 417 2408 luit
439 2344 515 2409 addi
533 2344 661 2408 animos
678 2346 714 2408 in
732 2345 789 2411 illa
807 2345 1033 2428 trepidatione,
1056 2345 1097 2410 de
1115 2365 1178 2428 qua

201 2430 356 2495 vidimus.
401 2429 557 2494 Ieremias
579 2430 667 2495 enim
697 2450 763 2495 non
788 2432 931 2514 putabat
959 2453 994 2496 se
1023 2431 1177 2497 idoneum

200 2516 254 2598 qai
274 2514 399 2579 subiret
417 2525 483 2580 tam
496 2535 664 2580 onerosam
679 2517 895 2598 provinoiam:
915 2514 1032 2581 deinde
1043 2525 1116 2581 eret
1127 2515 1177 2580 illi

201 2601 367 2683 negotium
392 2622 429 2666 ae
456 2606 622 2666 oartamen
652 2622 726 2666 oum
757 2602 946 2666 hominibus
973 2602 1175 2684 praalraotis,

200 2706 306 2767 nequa
327 2687 447 2767 pauois,
470 2685 623 2767 quoniam
647 2694 733 2751 totus
756 2686 893 2769 populus
916 2687 982 2750 iam
1001 2707 1035 2751 se
1058 2687 1176 2752 eonfir-

200 2782 349 2835 marerat
371 2771 472 2852 impia
495 2782 527 2833 st
549 2771 684 2836 seelesta
706 2771 924 2836 obstinatione
945 2770 985 2835 ad
1009 2780 1177 2853 oontsmp·

199 2868 271 2920 tum
295 2856 367 2920 Dei.
414 2855 525 2935 Quum
548 2875 625 2937 ergo
647 2856 737 2920 nulla
759 2870 845 2921 esset
874 2855 1015 2939 amplius
1045 2856 1176 2939 pietatis

199 2962 286 3017 eura,
310 2940 403 3004 nulla
425 2942 522 3005 etiam
552 2942 738 3006 reverentia
766 2942 915 3007 ooslestis
945 2942 1112 3007 doetrinae
1142 2943 1176 3005 in

200 3025 318 3108 populo
341 3026 406 3102 illo,
429 3011 709 3107 Ieremias'quum
732 3027 792 3093 sibi
823 3027 993 3103 diffideret,
1024 3048 1090 3092 non
1122 3047 1176 3108 po·

200 3113 264 3176 tuit
285 3112 452 3194 suseipere
471 3132 572 3195 grave
588 3111 669 3176 illud
693 3132 784 3189 onus,
807 3113 870 3178 nisi
888 3113 1043 3178 suffultos
1061 3112 1176 3176 fuisset

201 3196 361 3278 praesidio
385 3196 458 3262 Dei.
503 3197 576 3261 Hae
597 3197 700 3280 igitur
727 3199 853 3262 ratione
875 3218 962 3262 nuno
984 3197 1177 3280 pronuntiat

200 3282 293 3347 Deus
327 3282 420 3346 illum
452 3282 520 3364 fore
552 3283 655 3346 instar
683 3284 821 3348 maritae
850 3282 940 3349 urbis
967 3289 996 3348 et
1019 3282 1177 3348 colummae

197 3367 327 3449 ferreae.
358 3366 555 3449 Quanquam
567 3368 696 3449 proprie
708 3366 879 3451 quadrabit
891 3390 1009 3435 nomen
1022 3369 1175 3433 fulturae.

197 3452 284 3517 Nam
306 3467 384 3529 'ttae
409 3451 576 3519 deseendit
598 3453 747 3518 aradios
769 3467 845 3529 rav.
890 3453 969 3519 Ideo
990 3454 1052 3519 hoo
1075 3474 1175 3519 sensu

199 3537 355 3621 intelligit
388 3537 546 3620 propheta
579 3559 613 3602 se
646 3539 834 3603 columnam
866 3541 948 3615 fore,
982 3559 1049 3603 non
1081 3537 1176 3604 modo

200 3644 281 3705 quas
304 3636 412 3687 ereata
434 3625 497 3688 erit
522 3623 557 3687 in
581 3644 685 3689 vaouo
708 3625 785 3700 loeo,
817 3623 873 3689 aed
904 3645 985 3706 quae
1015 3625 1175 3688 sustineat

199 3708 252 3773 vel
285 3708 485 3785 aedilitium,
518 3709 570 3773 vel
604 3729 744 3774 murum.
796 3708 838 3773 In
872 3729 970 3774 sensu
1004 3708 1094 3774 nulla
1127 3719 1176 3774 est

199 3793 407 3875 ambiguitas.
462 3792 622 3876 Intelligit
654 3795 740 3858 enim
775 3794 865 3859 Deus
905 3814 1036 3859 servum
1078 3815 1175 3859 suum

200 3878 270 3941 fors
314 3877 615 3961 inexpugnabilem:
664 3877 824 3960 quidquid
868 3879 1098 3944 maehinentur
1140 3879 1175 3943 in

200 3963 308 4044 ipsum
331 3961 455 4041 hostes,
481 3972 591 4026 tamen
612 3985 679 4026 non
702 3964 949 4045 praevalituros,
972 3964 1066 4028 siouti
1090 3963 1177 4028 diost

200 4049 350 4130 proximo
368 4068 477 4111 versu.
511 4046 708 4130 Quanquam
727 4059 838 4114 autem
854 4049 914 4115 hoo
932 4049 1033 4115 semel
1052 4049 1176 4114 dietum

201 4134 263 4197 fuit
291 4133 459 4210 Ieremias,
492 4147 630 4217 possunt
663 4143 775 4200 tamen
807 4136 930 4235 optimo
963 4136 1033 4199 inre
1067 4136 1107 4199 ad
1141 4155 1176 4200 se

200 4218 380 4284 transferre
401 4238 513 4284 omnes
536 4219 581 4301 pii
604 4219 761 4297 doetores,
785 4241 840 4304 qur
857 4222 919 4287 sibi
938 4221 1037 4304 probe
1054 4219 1177 4286 ooneoii

200 4312 278 4369 sant
301 4304 432 4369 divinae
454 4304 641 4381 rotationis,
665 4315 699 4369 et
716 4315 803 4371 oerto
825 4308 970 4389 persuasi
992 4318 1069 4371 sunt
1092 4304 1176 4370 nihil

201 4412 237 4456 se
266 4401 386 4455 temere
414 4389 558 4474 aggredi,
588 4390 646 4455 sed
674 4411 790 4473 parere
818 4392 944 4457 iubenti
967 4390 1047 4457 Deo.
1095 4390 1174 4471 Qui-

203 4497 329 4560 ounque
353 4477 454 4559 igitur
475 4476 521 4540 ita
543 4475 670 4541 fundati
693 4482 772 4541 sunt
801 4477 835 4541 in
863 4478 1010 4561 legitima
1031 4477 1095 4543 Dei
1119 4498 1175 4542 vo·

201 4563 336 4639 oatione,
368 4564 505 4643 possunt
527 4560 770 4627 aooommodare
792 4562 827 4626 in
850 4583 945 4626 usum
968 4584 1064 4628 suum
1091 4563 1176 4628 hano

202 4647 462 4730 promissionem,
477 4646 563 4728 quod
579 4648 703 4712 soilioet
720 4647 836 4713 invioti
853 4646 1044 4729 perstabunt
1062 4658 1176 4714 eontra

1229 1667 1363 1736 statuat,
1394 1659 1519 1724 nullam
1542 1662 1609 1725 lore
1637 1681 1728 1743 spem
1752 1661 1879 1742 quietis,
1908 1659 2012 1726 donea
2042 1663 2208 1745 peregerit

1231 1754 1336 1811 totum
1365 1744 1447 1809 illud
1478 1755 1616 1828 tempus,
1646 1745 1732 1828 quod
1761 1746 1851 1812 Deus
1879 1745 1966 1829 apud
1995 1768 2031 1811 se
2064 1746 2208 1812 destina·

1231 1841 1332 1895 verat.
1377 1830 1509 1896 Soimus
1532 1831 1619 1895 enim
1647 1832 1746 1895 stiam
1769 1833 1823 1913 qui
1846 1832 1945 1914 probe
1973 1832 2109 1897 animati
2130 1846 2209 1898 sunt

1231 1917 1272 1981 ad
1294 1916 1486 1999 parendum,
1509 1927 1614 1981 tamon
1639 1927 1792 1998 expetere
1822 1918 1883 1982 sibi
1913 1919 2048 2001 praefigi
2079 1918 2208 2001 aliquod

1231 2012 1370 2084 tempus,
1394 2010 1430 2066 ut
1452 2009 1566 2083 postea
1589 2012 1744 2083 tanquam
1767 2002 1887 2067 milites
1915 2004 2043 2067 emeriti
2065 2005 2207 2069 vaoatio·

1230 2109 1306 2152 nem
1328 2087 1505 2152 obtineant.
1546 2087 1640 2152 Dens
1663 2098 1773 2152 autem
1795 2086 1849 2153 hio
1871 2088 2050 2170 prophetas
2073 2109 2132 2154 suo
2155 2088 2208 2152 de·

1231 2173 1370 2250 nuntiat,
1394 2172 1449 2237 ubi
1472 2172 1513 2237 ad
1535 2182 1675 2237 mortem
1698 2173 1795 2237 unias
1822 2174 1910 2257 regis
1939 2183 2074 2238 strenue
2102 2183 2208 2240 oerta·

1231 2258 1325 2338 verit,
1349 2258 1455 2322 nihilo
1478 2267 1589 2322 tamen
1611 2258 1779 2323 meliorem
1802 2259 1870 2322 lore
1888 2258 1959 2323 eius
1980 2259 2205 2334 conditionem,

1230 2345 1385 2427 quoniam
1402 2343 1579 2409 suooedent
1592 2343 1658 2418 alii,
1675 2343 1867 2426 quibusoam
1882 2363 2014 2409 neeesse
2030 2345 2094 2408 erit
2112 2346 2208 2409 etiam

1229 2429 1414 2513 oonfligere,
1443 2430 1596 2510 quoniam
1623 2427 1736 2494 eadem
1766 2429 1911 2495 manebit
1940 2439 1973 2494 et
1998 2430 2145 2512 pravitas
2175 2437 2209 2496 et

1229 2516 1413 2581 obstinatio.
1454 2514 1601 2598 Regibus
1623 2513 1774 2597 adiungit
1791 2515 1954 2596 prinoipes
1976 2520 2005 2579 et
2026 2517 2206 2598 sacerdotes,

1229 2611 1391 2682 postremo
1420 2599 1518 2663 etiam
1549 2604 1645 2663 totum
1671 2599 1836 2679 populum.
1889 2599 1928 2665 Si
1957 2622 2016 2665 rex
2046 2602 2205 2683 quispiam

1228 2684 1349 2750 oblitus
1371 2686 1468 2750 oifieii
1492 2686 1664 2768 tyrannioe
1691 2685 1840 2765 imperet,
1869 2705 1966 2767 saepe
1994 2699 2102 2750 tamen
2133 2709 2207 2750 eon-

1229 2772 1335 2854 tinget
1358 2780 1394 2835 ut
1417 2769 1526 2834 adsint
1548 2768 1647 2851 aliqui
1678 2770 1907 2847 moderatores,
1937 2772 1992 2853 qui
2023 2781 2208 2854 temperent

1230 2857 1300 2920 eius
1330 2855 1489 2932 libidines,
1524 2855 1552 2920 si
1581 2876 1647 2919 non
1679 2855 1806 2936 possint
1834 2856 1865 2918 in
1899 2865 2003 2920 totum
2033 2859 2206 2941 corrigere.

1229 2939 1389 3006 Videmus
1411 2941 1497 3006 enim
1520 2939 1763 3006 erudelissimos
1786 2950 1943 3023 tyrannos
1964 2962 2060 3025 saepe
2083 2943 2206 3025 plaoari

1229 3048 1249 3091 a
1271 3026 1364 3092 bonis
1385 3025 1590 3092 oonsiliariis.
1625 3024 1691 3092 Sed
1710 3024 1801 3091 Deus
1818 3026 1872 3090 hio
1894 3027 2086 3109 prophetam
2109 3049 2206 3094 suum

1228 3112 1390 3191 admonet,
1421 3132 1473 3176 res
1503 3112 1551 3175 ita
1573 3110 1761 3193 desperatas
1792 3132 1862 3177 esse
1891 3112 1925 3176 in
1949 3111 2080 3191 Iudaea,
2112 3123 2149 3177 ut
2178 3114 2208 3178 si

1229 3219 1322 3280 reges
1352 3196 1490 3280 improbi
1520 3198 1587 3261 sint
1617 3215 1654 3262 ao
1683 3196 1841 3276 seelerati,
1874 3198 1974 3263 etiam
2004 3198 2207 3264 oonsiliarios

1228 3282 1371 3347 habeant
1407 3302 1594 3365 perversae,
1635 3291 1667 3347 st
1707 3281 1821 3347 eodem
1861 3282 2023 3364 praeditos
2062 3285 2205 3367 ingenio.

1229 3367 1325 3449 Quod
1349 3367 1388 3432 de
1411 3368 1632 3433 sacerdotibus
1660 3369 1808 3450 sequitur
1837 3379 1945 3449 posset
1967 3367 2073 3432 rideri
2101 3370 2207 3450 magis

1228 3454 1467 3537 prodigiosum,
1501 3453 1565 3518 nisi
1595 3455 1672 3535 quia
1704 3454 1825 3535 passim
1860 3463 2000 3517 testatur
2033 3453 2205 3534 seriptura,

1228 3537 1412 3605 sacerdotes
1435 3538 1582 3602 leviticos
1605 3539 1706 3602 fuisse
1732 3558 1845 3601 omnes
1874 3538 1943 3601 fers
1973 3535 2208 3620 degeneraret

1229 3630 1401 3707 apostatas,
1430 3624 1477 3687 ita
1501 3632 1538 3687 ut
1561 3624 1615 3687 vir
1638 3623 1835 3688 centesimus
1857 3623 1996 3704 quisque
2019 3623 2207 3688 ostenderet

1228 3710 1400 3774 minimum
1422 3708 1552 3791 pietatis
1575 3708 1716 3790 signum.
1751 3707 1862 3788 Quom
1886 3728 1963 3792 ergo
1983 3708 2063 3772 ordo
2085 3709 2206 3776 illasio

1228 3803 1315 3859 esset
1337 3805 1520 3876 oorruptua,
1542 3814 1609 3858 non
1633 3800 1683 3857 est
1710 3793 1796 3874 quod
1826 3794 1984 3859 miremur
2016 3793 2205 3860 denuntiari

1228 3879 1386 3944 Ieremias
1405 3878 1525 3943 bellum
1544 3898 1618 3943 oum
1636 3878 1866 3957 stromatibus,
1890 3889 1922 3945 et
1940 3889 2051 3962 postea
2072 3880 2108 3943 in
2131 3901 2206 3964 pro·

1229 3986 1342 4049 gressu
1359 3962 1541 4028 videbimus
1560 3962 1621 4028 hoo
1636 3963 1737 4029 fuisse
1752 3964 1960 4047 completum.
1990 3964 2078 4046 Quia
2095 3977 2205 4030 autem

1229 4061 1356 4132 poterat
1387 4050 1494 4114 videri
1525 4048 1709 4114 exouaabile
1740 4049 1868 4132 vulgus,
1898 4052 1994 4116 siouti
2022 4052 2128 4116 maior
2158 4067 2208 4116 est

1228 4135 1296 4200 illio
1318 4134 1518 4218 simplicitas,
1540 4155 1636 4218 quam
1659 4135 1693 4199 in
1716 4134 1904 4217 prooeribus
1934 4134 2023 4221 (nam
2046 4139 2102 4220 qni
2126 4137 2206 4201 emi·

1229 4231 1318 4294 nent,
1351 4219 1404 4285 vel
1434 4220 1587 4301 snperbia
1617 4219 1669 4284 vel
1698 4219 1891 4285 erudelitate
1922 4221 2128 4304 delinquunt,
2152 4220 2206 4285 vel

1229 4304 1424 4388 permittunt
1446 4304 1506 4370 sibi
1529 4305 1668 4370 nimium
1697 4304 1857 4380 lieentias,
1886 4306 2000 4372 oonfisi
2029 4327 2087 4372 sua
2110 4326 2205 4388 pras·

1228 4393 1368 4458 stantia:
1396 4393 1428 4455 in
1453 4390 1546 4472 plebe
1572 4399 1692 4473 autem,
1715 4389 1987 4472 quemadmodum
2006 4392 2085 4471 dixi,
2108 4412 2206 4474 saepe

1228 4488 1364 4559 apparet
1386 4477 1420 4541 in
1442 4477 1581 4559 speeiem
1611 4475 1686 4558 plns
1715 4475 1906 4561 modestiae)
1939 4477 1996 4543 sed
2029 4476 2120 4542 Deus
2153 4475 2206 4542 hio

1228 4562 1420 4646 pronuntiat
1449 4572 1573 4626 tantam
1603 4561 1805 4643 impietatem
1836 4565 1976 4652 grassari
2007 4563 2042 4626 in
2072 4562 2206 4644 Iudaea,

1228 4656 1267 4713 ut
1289 4668 1308 4711 a
1330 4648 1465 4713 minimo
1487 4667 1588 4729 usque
1615 4646 1655 4710 ad
1686 4648 1867 4712 maximum
1898 4668 2011 4714 omnes
2039 4649 2104 4712 sint
2132 4668 2205 4729 per·

201 4755 315 4798 omnes
348 4733 479 4814 impios:
516 4739 550 4797 st
589 4733 855 4798 eiroumstantias
893 4732 1055 4798 notandae
1088 4745 1175 4799 sunt.
1228 4735 1322 4800 versi.
1367 4733 1448 4797 llnit
1469 4734 1571 4815 igitur
1594 4732 1771 4797 armandos
1798 4732 1965 4816 propheta,
1996 4734 2204 4815 quemadmo-

203 4817 318 4884 Videri
349 4826 458 4900 posset
491 4817 552 4882 hoo
592 4820 757 4896 sulfieere,
797 4816 883 4900 quod
916 4818 1008 4884 Deae
1041 4839 1176 4883 serrum
1229 4819 1307 4884 dum
1333 4839 1439 4901 nuper
1468 4818 1546 4882 dixi.
1592 4815 1680 4897 Quid
1711 4820 1797 4881 enim
1828 4827 1956 4901 poterat
1983 4828 2145 4901 reputare,
2176 4819 2204 4883 si

201 4925 298 4968 enum
332 4901 476 4986 appellat
508 4902 615 4967 tabem
645 4906 810 4970 munitam.
866 4902 1044 4987 Comparat
1077 4905 1175 4969 etiam
1228 4924 1293 4969 non
1317 4905 1431 4969 luisset
1452 4904 1486 4966 in
1509 4914 1655 4985 tempore
1677 4903 1873 4982 admonitus,
1896 4914 1928 4968 et
1951 4913 2061 4986 postea
2090 4924 2204 4986 expar-

199 4990 339 5072 falturoe
358 4990 479 5069 ferreae
499 4993 528 5052 et
547 5007 638 5052 muro
656 5010 756 5056 aeneo.
801 4989 892 5055 Haeo
915 4990 1004 5054 enim
1026 4989 1176 5073 repetitio
1228 4999 1283 5055 tus
1305 4989 1421 5054 luisset
1443 4996 1570 5052 tantam
1592 4988 1819 5070 petulantiam,
1841 4989 1908 5054 imo
1930 4998 2056 5053 tantam
2080 4991 2204 5054 rabiem

202 5076 373 5140 confirmat
394 5071 479 5155 qnod
503 5093 566 5138 uno
585 5075 682 5139 verbo
701 5077 920 5157 exposuimus,
943 5075 1067 5142 soilioet
1090 5076 1175 5140 Iere-
1228 5076 1264 5140 in
1287 5075 1424 5140 summis
1446 5082 1479 5138 et
1501 5073 1633 5157 intimis,
1664 5085 1701 5138 nt
1723 5074 1887 5139 hostiliter
1908 5072 2095 5140 bellandum
2118 5084 2203 5140 esset

203 5162 303 5226 miam
336 5162 403 5225 lare
426 5157 598 5223 viatorem:
633 5172 667 5223 et
698 5162 848 5242 quamvis
881 5160 1002 5226 multoe
1035 5162 1176 5243 impetus
1229 5181 1303 5226 oum
1326 5160 1427 5225 eleeto
1452 5159 1512 5224 Dei
1536 5161 1663 5242 populo,
1695 5180 1760 5226 aon
1782 5180 1875 5224 seous
1905 5171 2003 5243 atquo
2033 5181 2106 5227 oum
2135 5159 2202 5224 dia·

202 5256 316 5314 conus
331 5266 405 5311 eum
417 5253 547 5311 moreat
562 5242 677 5324 Satan,
694 5253 805 5311 tamen
824 5246 948 5311 exitum
968 5245 1037 5311 iore
1055 5246 1176 5312 laetum
1230 5243 1335 5312 bolis?
1380 5246 1499 5311 Postea
1520 5247 1675 5328 sequitur,
