4784 5970
205 366 244 429 77
1053 364 1203 432 CAPUT
1225 364 1358 429 XLIII.
2161 365 2200 429 ta

202 555 299 638 longe
332 553 499 619 dissimilis
532 563 618 618 esset
652 551 752 635 vulgo
784 553 972 634 hominum,
1003 573 1174 635 personam
1228 553 1474 617 animadvertit:
1509 552 1566 618 scd
1599 552 1763 619 indomitis
1796 555 1913 620 animis
1947 566 1980 618 et
2011 555 2201 639 praefractis

203 647 325 719 mutat,
357 650 453 722 atque
481 637 626 703 subiicit:
659 638 854 703 Noluerunt.
906 637 981 718 Quo
1011 639 1176 722 signifieat
1228 638 1385 704 adversus
1409 641 1515 724 ipsum
1535 661 1647 705 omnes
1670 639 1809 705 irruunt.
1844 640 1933 705 Nihil
1958 642 2061 724 igitur
2082 642 2200 706 mirum

203 738 329 790 tantam
352 725 590 791 contumaciam
614 724 675 788 sibi
698 723 877 806 displicere,
907 731 945 787 ut
967 724 1057 788 nullo
1080 724 1174 788 modo
1228 725 1311 807 quod
1335 738 1402 788 tam
1426 733 1551 789 atroces
1580 746 1699 807 poenas
1729 726 1848 810 infligit
1877 726 2072 810 hominibus,
2101 727 2200 792 iram·

203 821 262 875 aut
282 813 463 890 connivere,
485 822 542 874 aut
563 830 715 874 assensus
733 810 1000 883 significationem
1019 810 1175 891 praebere
1227 831 1290 892 que
1312 831 1402 874 suam
1426 811 1545 892 ubique
1567 811 1714 889 effundit,
1742 833 1840 894 quum
1863 833 1992 877 summa
2020 814 2201 895 pervicacia

202 896 305 963 liceat.
352 898 419 962 Nec
441 898 527 960 enim
552 898 659 977 agitur
682 896 734 960 hie
757 895 797 960 de
820 896 908 959 vitiis
931 896 1173 960 communibus:
1227 896 1369 959 mundus
1391 897 1548 962 adversus
1570 898 1679 979 ipsum
1701 918 1772 962 sese
1793 898 1945 962 obstinet.

202 983 257 1050 sed
289 983 329 1046 de
356 992 544 1065 contemptu
573 996 605 1046 et
629 982 802 1046 reiectione
824 981 897 1055 Dei,
931 980 1015 1062 quod
1039 1002 1175 1047 excusso

201 1070 289 1135 illius
319 1072 396 1153 iugo
426 1069 607 1132 ferocirent.
652 1067 725 1131 Hae
755 1068 842 1132 enim
866 1068 990 1131 ratione
1014 1067 1117 1132 Isaiae
1139 1088 1175 1131 se

201 1179 243 1220 ex
273 1176 385 1220 eorum
417 1175 553 1217 numero
583 1153 741 1217 subducit.
787 1150 932 1233 Quodsi
957 1153 1174 1217 haeemerito

201 1242 387 1308 acciderunt
421 1240 567 1315 Iudaeis,
608 1240 748 1302 sciemus
788 1239 873 1303 idem
915 1239 1007 1302 nobie
1047 1250 1080 1301 et
1113 1239 1173 1302 toti

199 1327 323 1391 mundo
346 1324 544 1409 impendere,
568 1325 630 1388 nisi
653 1325 768 1387 moniti
789 1325 1026 1406 resipiscamus.
1072 1323 1173 1387 Vide·
1523 1309 1715 1390 CAPUT
1748 1310 1899 1391 XLIII·
1947 1322 1949 1327 ’

200 1434 272 1477 mua
301 1412 389 1476 enim
422 1422 457 1474 ut
487 1431 544 1473 nos
575 1409 713 1489 benigne
737 1410 900 1474 Dominus
923 1409 963 1473 ad
988 1430 1023 1473 se
1045 1409 1173 1488 invitet,

199 1508 280 1581 quot
312 1496 416 1561 modis
450 1497 592 1559 declaret
633 1495 892 1559 benevolentiam
925 1514 1034 1572 suam,
1076 1515 1172 1578 quam
1312 1498 1340 1560 1.
1363 1494 1407 1560 Et
1427 1515 1509 1559 nune
1530 1497 1576 1559 sie
1597 1497 1673 1561 dicit
1694 1496 1810 1561 Iehoaa
1836 1502 1953 1563 cremor
1974 1502 2058 1581 tuus,
2090 1497 2199 1564 Iacob:

199 1586 333 1648 comiter
355 1603 390 1646 ee
413 1582 601 1663 placabilem
622 1582 689 1645 tore
706 1591 843 1644 testetur
859 1581 1009 1662 quamvis
1026 1581 1172 1645 offensus
1223 1582 1310 1662 fictor
1331 1588 1412 1660 tuus,
1441 1581 1564 1646 Israel:
1594 1580 1644 1646 Ne
1669 1582 1787 1661 timeas,
1817 1584 1964 1665 quoniam
1990 1585 2106 1650 redemi
2134 1585 2198 1670 (te),

198 1671 250 1735 sit.
295 1669 366 1732 Iam
396 1668 491 1733 toties
520 1687 557 1731 ac
587 1678 653 1729 tam
686 1667 873 1730 humaniter
895 1667 1027 1730 invitati
1051 1687 1069 1729 a
1092 1666 1172 1746 Deo,
1224 1669 1330 1732 uocaoi
1353 1668 1522 1731 tenemine
1541 1672 1609 1732 tuo:
1630 1688 1717 1732 meus
1749 1666 1793 1752 es)
1811 1673 1853 1733 tu.
1890 1669 1919 1732 2.
1947 1669 2048 1750 Qum
2065 1671 2198 1735 transie-

198 1767 231 1820 et
253 1754 457 1819 elementiam
481 1754 551 1818 eius
574 1752 709 1835 experti,
733 1753 759 1815 si
778 1752 890 1816 audire
908 1752 1058 1834 nolimus,
1083 1751 1169 1815 haud
1223 1754 1272 1817 ris
1298 1774 1358 1834 per
1390 1773 1499 1834 aquas,
1528 1773 1581 1835 epo
1609 1758 1706 1818 tecum
1747 1753 1821 1840 ero),
1849 1755 1884 1819 in
1907 1755 2108 1834 fluminibus:
2135 1776 2199 1821 non

197 1841 293 1906 dubie
323 1840 469 1916 exitium,
499 1838 583 1920 quod
610 1838 683 1901 istis
705 1837 830 1915 accidit,
860 1843 1066 1920 experiemur
1087 1857 1172 1900 com·
1224 1838 1420 1903 inundabunt
1447 1843 1483 1902 te.
1540 1839 1641 1919 Qum
1671 1840 1838 1904 transieris
1866 1861 1926 1921 per
1955 1842 2055 1922 ipnem
2083 1843 2197 1922 ipsum,

198 1947 297 1991 mune
320 1946 391 1989 esse
413 1923 563 1988 omnibus
585 1923 813 2006 immorigeris.
1223 1945 1285 1989 non
1313 1924 1515 1989 combureris:
1543 1944 1596 1988 nee
1621 1925 1750 2003 stamma
1780 1924 1899 1988 ardebit
1928 1925 1961 1988 in
1983 1929 2018 1990 te.
2063 1926 2093 1991 3.
2120 1928 2206 2008 Quo,

283 2013 335 2077 25.
359 2009 484 2095 (Itaque
501 2009 634 2091 effudit.)
665 2009 831 2088 Quoniam
848 2007 1022 2072 admodum
1040 2029 1172 2073 severae
1223 2013 1311 2076 niam
1333 2030 1384 2093 epo
1407 2009 1522 2074 Ieheua
1543 2008 1735 2091 Donamus,
1762 2010 1894 2075 Sanetus
1916 2008 2028 2093 Israel,
2058 2019 2198 2078 snaator

197 2110 293 2162 erant
337 2098 567 2180 castigationes
603 2095 718 2176 quibus
759 2094 919 2159 Dominus
958 2094 991 2157 in
1032 2093 1171 2158 Iudaeos
1223 2101 1311 2161 tuus:
1349 2095 1422 2160 dedi
1455 2095 1595 2175 pretium
1634 2096 1856 2174 redemptionis
1900 2101 1971 2159 tuae
2010 2100 2196 2182 Aepyptum

199 2183 460 2249 animadvertere
477 2197 636 2263 coeperat,
656 2190 688 2244 et
703 2200 786 2262 quae
805 2192 918 2263 postea
933 2179 1171 2244 continuandae
1223 2181 1427 2263 Aethiopiam
1449 2184 1477 2244 et
1499 2178 1584 2244 Saba
1605 2181 1641 2244 in
1661 2181 1758 2244 uicem
1784 2186 1881 2257 tuam,
1926 2181 1956 2245 4.
1984 2181 2067 2262 Quia
2083 2185 2198 2262 pretio

198 2279 302 2348 erant,
332 2267 403 2332 ideo
426 2267 665 2331 vehementiam
689 2268 833 2348 ipsarum
864 2265 1083 2348 metaphorice
1114 2287 1169 2329 ex·
1222 2289 1277 2333 sus
1297 2266 1390 2348 fuisti
1411 2267 1447 2329 in
1468 2265 1565 2329 ocutis
1585 2267 1671 2335 neeis.
1699 2265 1867 2332 imitorotus
1895 2288 1936 2346 es,
1964 2272 1991 2331 et
2018 2288 2072 2352 epo
2099 2269 2198 2333 ddeei

197 2356 309 2437 primit
332 2354 498 2437 propheta.
533 2353 617 2417 Nam
642 2353 820 2417 Dominum
840 2352 886 2415 ait
909 2352 1049 2415 furorem
1072 2372 1169 2415 suum
1223 2359 1259 2419 te.
1308 2354 1448 2418 Tradam
1469 2351 1622 2415 hominem
1648 2351 1683 2415 in
1709 2352 1804 2417 uicem
1831 2358 1927 2435 tuam,
1957 2358 1985 2417 et
2007 2355 2143 2434 populos
2163 2356 2198 2420 in

197 2439 375 2517 effundere,
397 2460 434 2504 ac
457 2442 483 2503 si
507 2438 631 2503 tulmen
655 2438 784 2520 aliquod
816 2458 889 2502 oum
920 2438 1045 2519 impetu
1075 2439 1170 2501 emit·
1222 2441 1317 2503 uicem
1343 2438 1470 2502 animae
1497 2441 1579 2502 tuae.
1624 2437 1654 2502 5.
1678 2437 1729 2501 Ne
1757 2439 1875 2515 timeas,
1905 2440 1982 2521 quia
2009 2459 2062 2523 epo
2090 2445 2196 2506 eum.

197 2537 332 2601 teretur,
360 2538 417 2588 aot
440 2536 650 2606 erumperent
672 2544 783 2606 aquae.
815 2543 898 2605 quae
919 2524 1043 2587 vicinas
1066 2525 1170 2605 regio·
1223 2524 1275 2590 Ab
1297 2525 1411 2588 oriente
1433 2523 1589 2588 adducam
1610 2543 1712 2588 semen
1734 2529 1839 2589 tuum:
1862 2530 1890 2589 et
1911 2525 1949 2589 ab
1971 2526 2119 2591 occidente
2139 2529 2198 2591 eot-

197 2634 254 2678 nes
276 2612 373 2693 longe
400 2611 528 2692 lateque
551 2620 733 2674 vastarent:
763 2608 1035 2690 quemadmodum
1066 2609 1100 2671 in
1122 2608 1170 2671 di·
1222 2611 1321 2693 tipum
1352 2615 1390 2672 te.
1434 2609 1464 2673 6.
1494 2608 1610 2674 Dicam
1644 2610 1804 2688 aquiloni:
1835 2609 1907 2675 Da:
1939 2615 1967 2674 et
1998 2617 2112 2690 austro,
2148 2611 2197 2677 Ne

197 2699 284 2763 luvio
318 2698 489 2761 cataractis
529 2696 609 2760 coeli
652 2695 755 2776 ruptis
796 2693 981 2775 apertisque
1021 2693 1171 2757 fenestris
1217 2694 1398 2776 prohibeas.
1443 2694 1599 2759 Addueito
1619 2695 1704 2774 filios
1725 2714 1808 2760 meos
1827 2715 1843 2758 e
1865 2696 2043 2777 Impiaque,
2065 2702 2092 2760 et
2111 2697 2198 2777 filias

196 2804 301 2867 aquae
322 2783 449 2864 ingenti
474 2782 626 2844 violent-ia
650 2793 682 2843 et
711 2782 834 2860 impetu
863 2791 1050 2860 eruperunt.
1095 2779 1172 2842 Alia
1222 2801 1308 2845 meas
1341 2782 1379 2844 ab
1412 2785 1547 2844 extremo
1578 2784 1688 2844 terrae.
1741 2780 1770 2843 t.
1797 2779 1910 2845 Omnes
1941 2783 2040 2845 noemi
2070 2784 2197 2848 nomine

197 2867 313 2932 deinde
334 2868 440 2949 figura
463 2867 576 2941 utitur,
600 2864 708 2928 Deum
735 2886 810 2929 suas
837 2865 946 2947 copias
975 2863 1016 2928 ad
1047 2863 1171 2927 bellan·
1222 2887 1301 2931 meo:
1333 2871 1360 2930 et
1389 2866 1430 2930 ad
1456 2865 1591 2947 pieriam
1620 2885 1720 2929 meam
1748 2867 1851 2929 erenei
1879 2886 1948 2932 eos:
1975 2867 2112 2948 formavi
2139 2889 2197 2949 eos,
2295 2934 2302 2948 ,

198 2954 276 3018 dum
299 2952 461 3035 colligere,
486 2962 523 3014 ut
546 2951 709 3015 hostiliter
731 2961 844 3014 eontra
866 2950 1019 3033 populum
1043 2971 1170 3033 grasse·
1222 2953 1357 3032 adeoque
1377 2951 1437 3033 feei
1455 2970 1514 3015 eos.
1555 2951 1585 3016 8.
1616 2950 1655 3016 Ut
1675 2951 1803 3016 educam
1820 2952 1972 3035 poputum
1994 2973 2125 3032 eaeorun,
2146 2957 2199 3020 aui

196 3056 260 3106 tur.
305 3039 342 3103 Si
366 3040 440 3121 quis
458 3057 517 3119 pro
535 3036 682 3102 hostibus
697 3035 758 3100 hoo
772 3036 888 3118 capiat,
911 3057 990 3116 quos
1006 3035 1170 3100 Dominus
1221 3038 1318 3103 andi:
1338 3042 1367 3101 et
1386 3037 1511 3116 surdos,
1533 3035 1646 3118 quihus
1667 3058 1769 3102 aures.
1814 3037 1844 3103 9.
1872 3037 1984 3103 Omnes
2003 3043 2106 3123 pentes
2127 3059 2197 3105 oon·

196 3124 354 3191 adversus
376 3123 513 3188 Iudaeas
532 3123 699 3200 excitavit,
722 3142 789 3186 non
808 3121 982 3186 admodum
1001 3120 1168 3187 contendo.
1220 3129 1385 3208 propnetur
1413 3122 1517 3201 mmm,
1548 3129 1575 3186 et
1607 3123 1791 3206 oehipantur
1814 3123 1936 3205 populi.
1987 3124 2065 3205 Quis
2092 3128 2199 3190 estin

195 3213 279 3277 Nam
303 3210 421 3276 iudicio
440 3209 504 3273 Dei
526 3211 686 3273 excitatos
708 3208 810 3273 fuisse
832 3217 957 3272 certum
980 3222 1037 3271 est.
1081 3206 1169 3287 Quid
1222 3211 1343 3291 eisqui
1365 3208 1452 3273 istud
1473 3209 1645 3286 annuntiet,
1669 3228 1705 3273 ae
1721 3210 1837 3289 priora
1858 3229 1916 3274 nos
1938 3211 2052 3275 audhe
2072 3210 2196 3291 factu?

196 3299 281 3362 enim
311 3294 401 3359 aliud
433 3308 504 3359 erat
536 3294 837 3360 Nabuchodonosor
870 3313 967 3376 quam
1001 3294 1169 3376 flagellum
1225 3295 1395 3374 Proserant
1409 3298 1498 3358 testes
1514 3314 1598 3375 neos,
1618 3294 1696 3358 iusti
1710 3295 1966 3375 pronuntientur:
1984 3296 2038 3361 sed
2055 3296 2197 3377 audiant,

197 3381 281 3447 Dei?
316 3382 387 3463 Ego
405 3400 483 3444 vero
501 3379 722 3462 metaphorice
740 3378 800 3443 hoo
819 3378 925 3443 adhuc
947 3378 1168 3460 accipiendum
1221 3381 1378 3462 etdieent,
1400 3398 1506 3443 oerum
1524 3384 1576 3443 est.
1618 3379 1666 3443 10.
1694 3378 1755 3444 Vos
1772 3385 1861 3444 testes
1878 3383 1948 3462 mei,
1970 3381 2047 3447 dicit
2069 3380 2195 3461 Iehooa,

196 3482 282 3551 puto,
305 3467 413 3531 Deam
436 3465 569 3540 scilieet,
598 3475 636 3529 ut
658 3476 820 3529 armatum
851 3463 989 3542 hostem,
1011 3464 1171 3529 violenter
1222 3471 1251 3530 et
1272 3486 1381 3530 seruus
1401 3484 1487 3527 meus
1510 3485 1600 3546 quem
1621 3465 1706 3546 etepi
1752 3463 1921 3546 Propterea
1943 3467 2056 3545 sunm,
2089 3473 2117 3530 et
2137 3488 2198 3531 ore-

195 3558 329 3629 irruere,
352 3561 384 3616 et
406 3555 487 3616 iram
511 3551 678 3616 effundere
696 3551 729 3614 in
748 3549 903 3632 populum
921 3569 1026 3614 suum.
1060 3548 1171 3614 Habet
1221 3553 1301 3619 daie
1322 3551 1410 3633 mihi,
1438 3550 1660 3632 etintettipetis
1681 3552 1762 3630 quod
1788 3571 1841 3632 epo
1861 3571 1947 3615 sum:
1975 3556 2045 3615 ante
2067 3571 2115 3615 me
2136 3573 2198 3617 non

196 3653 304 3704 autem
334 3639 443 3703 varias
471 3636 614 3702 bellandi
643 3637 801 3702 rationes:
836 3655 925 3700 nunc
955 3634 1043 3699 enim
1072 3635 1170 3713 fame,
1222 3642 1267 3702 est
1293 3637 1450 3718 formatus
1474 3637 1561 3716 deus,
1591 3655 1645 3700 nee
1667 3641 1741 3714 post
1766 3655 1814 3698 me
1842 3636 1909 3700 erit.
1956 3637 2006 3701 11.
2037 3635 2115 3718 Epo,
2145 3658 2197 3721 epo

197 3745 282 3789 nunc
303 3723 397 3801 bello,
420 3744 508 3789 nunc
530 3736 619 3804 peste
641 3743 717 3788 suos
739 3721 885 3804 castigat.
927 3720 1043 3802 Itaque
1064 3722 1171 3785 omnis
1221 3742 1292 3788 sum
1315 3719 1439 3795 lehona,
1463 3726 1491 3785 et
1511 3721 1619 3786 nutius
1635 3725 1763 3799 praeter
1783 3741 1832 3784 me
1860 3727 2007 3786 seruator.
2053 3722 2102 3787 12.
2126 3721 2198 3806 Epo

197 3810 326 3893 generis
360 3809 489 3892 flagella
524 3808 576 3872 hie
608 3806 840 3890 comprehendi
873 3804 1016 3870 arbitror
1054 3806 1171 3889 quibus
1222 3808 1418 3880 annuntiavi,
1447 3808 1629 3883 etsnuaoi,
1658 3807 1819 3871 etaudire
1846 3807 1998 3888 feceram:
2027 3813 2054 3872 et
2080 3829 2141 3874 non
2163 3810 2199 3874 in

196 3895 361 3959 Dominus
383 3896 415 3958 in
441 3894 595 3977 populum
620 3893 861 3959 animadvertit.
902 3891 1047 3973 Quodsi
1069 3894 1171 3956 inter·
1222 3893 1308 3958 nohis
1329 3892 1460 3958 alienus.
1506 3891 1566 3956 Vos
1587 3912 1658 3974 erpo
1679 3897 1768 3957 testes
1784 3893 1855 3975 mei,
1877 3894 1954 3959 dicit
1971 3892 2094 3971 Iehoea,
2117 3895 2199 3975 quad

197 3982 273 4045 dum
298 3980 391 4044 nobis
414 3979 546 4043 duriora
568 3991 665 4063 atque
688 3978 854 4043 acerbiora
877 3979 1060 4056 videantur,
1085 3978 1172 4061 ocgi—
1222 4001 1274 4064 epo
1295 3980 1357 4043 mm
1378 3979 1477 4044 Deus.
1523 3978 1572 4041 13.
1602 3977 1711 4042 Etiam
1738 3984 1904 4060 numquam
1932 3978 2001 4043 dies
2030 3985 2116 4058 esset,
2145 4000 2198 4064 epo

196 4079 301 4132 temus
324 4086 421 4148 quam
441 4065 554 4149 gravia
573 4066 639 4129 sint
661 4066 781 4130 scelera
803 4073 931 4130 nostra:
955 4084 1015 4128 neo
1037 4084 1111 4127 eum
1135 4064 1169 4127 in
1223 4086 1325 4130 uam:
1351 4070 1461 4129 etnon
1483 4066 1603 4144 estqui
1624 4085 1758 4128 emanu
1783 4085 1852 4129 mea
1881 4070 1986 4129 nunt:
2013 4066 2141 4147 faciam,
2172 4071 2200 4130 et

197 4154 310 4235 poenis
342 4151 527 4234 irrogandis
560 4151 769 4215 immodicum
803 4160 860 4214 aut
890 4149 988 4213 nimis
1017 4149 1169 4214 acerbum
1222 4153 1296 4232 quis
1327 4155 1441 4214 auerte
1469 4149 1574 4214 illud?
1618 4150 1668 4213 14.
1700 4149 1754 4216 Sic
1781 4152 1857 4216 dicit
1883 4149 1998 4215 Iehona
2026 4152 2199 4233 redemptor

196 4261 266 4303 esse
290 4238 497 4318 reperiemus.
1222 4241 1327 4313 uester,
1352 4235 1486 4299 Sanetus
1509 4236 1660 4300 Israelis:
1684 4235 1815 4318 Propter
1836 4256 1889 4301 aas
1911 4237 1985 4301 misi
2006 4238 2041 4301 in
2064 4237 2198 4319 Babylo

281 4323 361 4408 (Nee
390 4321 546 4407 adomtit.)
597 4320 722 4385 Iterum
755 4321 924 4385 invehitur
957 4320 991 4383 in
1021 4340 1169 4386 crassum
1223 4341 1308 4403 nem,
1348 4326 1374 4384 et
1406 4321 1585 4385 descendere
1622 4322 1692 4400 feei.
1751 4321 1862 4387 Omnes
1899 4323 1963 4404 ipsi
1994 4323 2137 4407 supitioi:
2169 4327 2197 4386 et

197 4411 288 4473 illum
320 4419 500 4491 stuporem,
531 4428 594 4489 quo
621 4408 667 4472 aio
696 4406 839 4488 perculsi
869 4416 963 4470 erant
992 4405 1105 4470 Iudaei
1134 4413 1171 4470 ut
1226 4405 1451 4472 Chaldaeorum
1483 4406 1600 4470 elamor
1632 4407 1666 4470 in
1697 4408 1839 4472 nauibus.
1892 4408 1942 4473 15.
1971 4408 2038 4491 Epo
2069 4408 2195 4486 Iehoua,

196 4494 318 4559 malum
338 4516 432 4559 suum
452 4516 516 4558 non
534 4493 702 4567 sentirent,
725 4510 785 4556 nee
802 4492 909 4556 oeulos
927 4491 1113 4557 attollerent
1134 4492 1170 4555 in
1225 4492 1360 4557 Sonans
1391 4497 1497 4571 uester,
1529 4497 1645 4556 creatu
1672 4491 1783 4570 Israel,
1815 4513 1871 4557 ren
1902 4500 2008 4559 vestu.
2062 4495 2110 4560 16.
2143 4492 2197 4558 Sic

197 4579 330 4658 coelam,
357 4591 394 4643 ut
415 4579 595 4643 Dominum
619 4579 758 4642 ultorem
781 4589 878 4659 atque
900 4585 1048 4642 autorem
1071 4598 1169 4661 agno·
1222 4579 1299 4644 dicit
1322 4577 1444 4656 Iehoua,
1471 4578 1527 4659 qui
1549 4578 1604 4642 dat
1625 4579 1660 4641 in
1681 4577 1880 4661 muriciam,
1909 4585 1936 4643 et
1965 4581 2000 4644 in
2021 4582 2114 4662 aquis
2134 4579 2197 4642 aio·

197 4674 336 4733 scerent.
1223 4665 1313 4730 tentis
1340 4665 1493 4728 semitam.
1544 4663 1593 4727 17.
1627 4668 1728 4743 Quum
1754 4663 1864 4740 educit,
1894 4684 2007 4729 currus
2033 4670 2060 4729 et
2087 4683 2194 4746 equus,

281 4750 405 4836 (Neque
433 4752 538 4830 posuit
569 4769 669 4829 supra
701 4749 775 4830 cor.)
821 4749 949 4813 Ponere
982 4767 1082 4830 supra
1114 4767 1170 4813 oar
1223 4751 1375 4815 exercitae
1396 4755 1424 4814 et
1443 4750 1539 4814 robur
1560 4748 1658 4813 amul
1679 4749 1788 4824 iacent,
1811 4753 1844 4812 ut
1861 4769 1923 4813 non
1940 4755 2082 4832 carpant.
2128 4747 2196 4812 En·

196 4849 246 4902 est
267 4847 391 4901 attente
413 4835 648 4918 diligenterque
666 4836 882 4901 considerare.
917 4834 1003 4899 Nam
1026 4836 1053 4898 si
1079 4835 1169 4898 veni·
1221 4837 1327 4902 stium
1348 4840 1437 4900 sunt:
1456 4836 1536 4900 sieut
1553 4834 1653 4898 tinum
1669 4835 1811 4898 exstincti
1827 4840 1910 4899 sunt.
1952 4835 2002 4900 18.
2027 4834 2077 4900 Ne
2097 4854 2195 4900 reeor-

195 4937 247 4988 ret
280 4922 373 4987 nobis
406 4922 439 4984 in
475 4931 617 4985 mentem
652 4921 732 4986 haee
772 4921 945 5004 cogitatio,
987 4922 1170 5001 animisque
1221 4922 1338 4986 demini
1356 4922 1514 5005 priorum:
1542 4920 1725 5002 etantiqua
1753 4939 1791 4984 ne
1818 4923 1998 4986 mammetis.
2043 4921 2094 4986 19.
2117 4919 2196 4987 Eece

199 5011 321 5075 nostrie
343 5007 443 5092 probe
465 5006 631 5082 insideret,
661 5005 754 5071 Deus
776 5019 826 5071 est
848 5004 957 5085 iudex,
989 5007 1105 5070 merito
1134 5007 1168 5068 in
1222 5027 1276 5091 epo
1297 5009 1380 5089 faeie
1397 5027 1462 5072 rem
1479 5027 1609 5071 novam:
1629 5009 1697 5072 iam
1713 5006 1846 5071 orietur:
1868 5028 1911 5072 an
1929 5028 1989 5070 non
2007 5027 2076 5072 eam
2090 5027 2195 5092 capno·

197 5116 256 5160 nos
275 5092 523 5158 animadvertit:
546 5093 656 5156 statim
679 5093 949 5175 resipisceremus.
989 5092 1096 5157 Hodie
1120 5101 1170 5156 tot
1221 5093 1335 5158 sadis?
1370 5091 1440 5157 Hae
1467 5093 1531 5157 vioe
1541 5090 1566 5178 ¹)
1589 5094 1768 5175 ponamin
1795 5093 1911 5159 dmerto
1937 5094 2033 5174 mam,
2059 5095 2196 5174 ftmnina

196 5180 436 5247 calamitatibus
459 5177 621 5260 premitur
643 5180 815 5243 universus
841 5177 938 5254 orbis,
969 5178 1078 5244 nullus
1101 5178 1169 5243 tere

195 5267 338 5350 angulus
372 5264 411 5330 ab
445 5267 494 5329 ira
528 5262 590 5328 Dei
626 5265 782 5329 immunis
820 5275 888 5339 est,
925 5283 1020 5329 nemo
1056 5276 1167 5329 tamen
1308 5282 1329 5348 ι)
1348 5280 1407 5347 vn,
1426 5278 1532 5349 Utique.
