4784 5970
190 236 260 417 ‘145
1053 349 1203 417 OAPU'P
1225 349 1335 415 XLV.
2128 355 2191 421 146

196 562 288 626 spem
310 541 366 624 qui
388 539 422 604 in
443 538 516 605 eius
533 539 631 604 verbo
649 539 891 622 acquieverunt.
924 537 1013 603 Hinc
1031 547 1165 621 apparet
1217 538 1268 603 dis
1290 539 1417 605 macula
1439 560 1606 622 aspersum
1634 561 1703 607 esse
1732 561 1912 607 sermonem
1943 562 2006 625 quo
2028 541 2090 607 sibi
2112 564 2193 609 con·

195 649 294 710 quam
315 626 435 710 impiae
457 627 524 690 sint
553 643 666 690 eorum
689 645 785 690 voces
815 624 870 708 qui
901 623 985 689 nihil
1015 624 1097 690 certi
1124 646 1165 689 ex
1217 624 1306 691 ciliat
1327 623 1446 691 electos
1468 647 1554 704 suos,
1583 626 1639 691 sed
1666 626 1880 692 rectissimam
1909 627 2085 711 puritatem
2114 649 2192 695 con·

197 716 299 781 verbo
320 711 428 796 colligi
449 730 544 794 posse
565 711 667 788 aiunt,
689 720 786 792 atque
809 729 924 775 nasum
943 729 1073 775 cereum
1096 730 1167 775 csse
1218 711 1330 775 tinere.
1358 710 1499 794 Eloquia
1509 711 1655 791 Domini,
1671 721 1709 777 ιιι
1722 713 1830 794 inquit
1843 710 1954 778 David
1968 711 2069 798 (Psal.
2083 713 2133 791 12,
2145 715 2188 799 7),

197 802 338 884 fingunt,
359 807 396 864 ut
418 796 458 861 ab
480 798 550 862 eius
578 794 717 861 lectione
743 795 824 862 alios
852 795 1066 860 absterreant.
1112 792 1167 861 Sic
1218 794 1341 860 munda
1369 806 1456 876 sunt,
1485 804 1522 861 ut
1543 809 1714 882 argentum
1738 805 1906 864 excoctum
1935 800 2044 863 catino
2074 807 2189 879 terreo,

198 887 285 951 enim
308 882 537 966 blasphemant
565 879 714 947 scelerati
743 880 899 958 homines,
929 879 1015 963 quod
1041 900 1168 946 errores
1219 883 1339 965 septies
1361 892 1545 966 purgatum.
1579 883 1739 950 Lucidam
1756 904 1834 967 ergo
1852 883 2013 949 iustitiam
2031 883 2191 952 habemus

198 991 273 1036 suos
295 969 364 1036 sola
386 969 477 1035 verbi
498 967 646 1033 doctrina
675 966 781 1050 detegi
804 986 842 1031 ac
870 966 1021 1032 convinci
1042 965 1167 1031 vident.
1219 968 1254 1031 in
1276 967 1376 1032 verbo
1398 965 1471 1044 Dei,
1501 987 1582 1049 quae
1604 969 1738 1036 sublatis
1760 969 1904 1035 tenebris
1932 969 2043 1034 statim
2071 971 2191 1036 animis

198 1056 263 1123 Sed
296 1052 530 1138 respondemus
568 1074 641 1119 cum
678 1050 807 1117 Davide
843 1051 943 1137 (Psal.
974 1052 1045 1131 119,
1076 1050 1168 1137 105):
1219 1054 1337 1119 nostris
1359 1053 1533 1119 illucescet.

197 1144 350 1208 Lucerna
370 1139 508 1223 pedibus
535 1138 654 1204 nostris
677 1138 814 1204 verbum
843 1149 936 1202 tuum
959 1137 1109 1217 Domine,
1136 1147 1169 1203 et
1305 1137 1356 1204 20.
1389 1137 1663 1224 (Conprcpcmici).
1707 1138 1868 1205 Provocat
1894 1160 2005 1206 omnes
2032 1142 2191 1222 supersti-

197 1228 309 1294 lumen
331 1226 456 1291 semitis
484 1224 611 1301 nostris.
653 1223 902 1306 Respondemus
930 1244 1005 1289 cum
1028 1223 1115 1288 Isaia
1137 1233 1169 1289 et
1220 1225 1318 1289 tiosos
1345 1225 1449 1307 iisque
1478 1226 1581 1290 veluti
1609 1223 1696 1289 diem
1725 1224 1813 1302 dicit,
1847 1233 1884 1289 ιιι
1916 1245 2019 1308 aequo
2054 1227 2191 1293 arbitrio

198 1312 330 1395 reliquis
361 1311 538 1394 prophetis,
567 1309 650 1373 nihil
676 1309 860 1387 obscurum,
891 1308 1081 1394 ambignum
1111 1318 1169 1374 aut
1219 1331 1289 1376 sese
1322 1310 1531 1376 submittant:
1564 1311 1659 1377 sicuti
1692 1319 1788 1376 antea
1815 1310 1888 1376 aliis
1918 1310 1996 1377 locis
2027 1311 2189 1378 vidimus:

197 1398 298 1464 fallax
317 1419 337 1462 a
355 1397 495 1461 Domino
515 1394 671 1460 traditum
689 1415 769 1460 esse.
803 1395 1051 1477 Respondemus
1069 1395 1168 1460 etiam
1220 1409 1257 1460 nt
1277 1395 1429 1462 ostendat
1461 1394 1542 1460 nihil
1573 1395 1613 1461 ab
1641 1395 1681 1460 iis
1713 1396 1844 1460 obtendi
1877 1417 1972 1479 posse
2004 1397 2088 1480 qnod
2122 1418 2190 1464 nou

197 1505 272 1551 cum
293 1484 401 1560 Petro,
428 1481 603 1546 firmiorem
627 1500 697 1546 esse
719 1480 946 1565 propheticum
968 1500 1167 1545 sermonem:
1219 1482 1312 1548 facile
1327 1490 1502 1549 evertatur.
1536 1481 1635 1546 Nunc
1649 1481 1782 1564 quidem
1796 1482 1858 1546 sibi
1873 1481 2002 1565 placent
2023 1484 2058 1547 in
2074 1503 2192 1566 super·

197 1572 249 1636 cui
272 1568 350 1633 dum
372 1567 549 1644 attenditis,
573 1567 688 1648 iuquit,
718 1585 776 1630 ceu
807 1566 960 1632 lucernae
982 1565 1111 1630 ardenti
1132 1566 1168 1630 in
1219 1567 1403 1632 stitionibus
1424 1567 1508 1632 suis:
1532 1566 1587 1632 sed
1604 1567 1696 1632 facile
1712 1567 1928 1632 discutientur
1947 1586 2060 1634 omnes
2078 1589 2190 1633 eorum

199 1656 267 1722 looo
289 1653 473 1738 caliginoso,
503 1660 589 1718 recte
611 1651 732 1717 facitis:
765 1651 866 1717 donec
894 1650 963 1715 dies
993 1650 1168 1728 illucescat,
1220 1653 1311 1732 fumi,
1333 1654 1361 1717 si
1382 1653 1517 1717 veniant
1535 1652 1575 1717 ad
1595 1653 1764 1717 dicendam
1782 1671 1931 1719 causam:
1955 1653 2111 1737 nulloque
2133 1675 2190 1719 ne·

197 1757 230 1807 et
245 1739 358 1806 lucifer
373 1739 540 1805 exoriatur
554 1737 590 1800 in
605 1737 756 1804 cordibus
767 1737 887 1802 vestris
903 1736 945 1822 (2.
958 1736 1047 1802 Petr.
1062 1738 1091 1817 l,
1104 1736 1166 1824 19).
1220 1740 1307 1822 gotio
1336 1739 1579 1804 convincentur.
1624 1737 1791 1821 Colligant
1820 1740 1920 1822 igitur
1952 1760 1987 1804 se
2019 1741 2191 1805 turmatim

198 1824 293 1908 Quod
314 1824 343 1890 si
365 1825 446 1890 haee
467 1823 507 1887 de
528 1824 600 1906 lege
622 1834 654 1887 et
676 1821 843 1906 prophetis
865 1821 952 1888 dicta
974 1832 1061 1905 sunt,
1089 1823 1168 1904 qnid
1221 1845 1333 1889 omnes
1355 1844 1392 1888 ac
1414 1824 1610 1905 conspirent,
1633 1823 1810 1906 fraudibus,
1832 1825 1930 1889 minis
1952 1845 1990 1890 ac
2011 1824 2190 1890 terroribus

198 1912 237 1977 de
255 1911 425 1994 cvangelio
443 1908 597 1987 dicemus,
620 1929 682 1989 quo
704 1908 762 1973 lux
777 1907 957 1974 clarissima
972 1907 1064 1974 nobis
1082 1922 1169 1989 pata·
1220 1910 1330 1975 omnia
1356 1909 1548 1974 moliantur:
1579 1910 1699 1974 veritas
1728 1908 1860 1975 taudem
1890 1911 2036 1992 superior
2065 1908 2192 1977 evadet.

196 1999 283 2064 facta
299 1995 371 2061 est?
405 1995 526 2061 Annon
546 1994 692 2059 dicemus
709 2014 783 2059 cum
803 1994 908 2059 Paulo
927 1991 970 2078 (2.
987 1994 1062 2058 Cor.
1077 1994 1109 2075 4,
1125 1993 1168 2078 3),
1220 1995 1312 2061 Haec
1325 1995 1529 2060 confirmatio
1544 1995 1637 2060 valde
1654 1996 1834 2060 necessaria
1852 1996 1913 2059 fcit
1927 1995 2068 2072 Iudaeis,
2088 2016 2192 2080 quum

196 2085 225 2149 si
247 2084 418 2148 obscurum
442 2091 492 2145 est
512 2079 731 2161 evangelium,
754 2080 794 2144 iis
816 2080 870 2163 qui
893 2088 1033 2162 pereunt
1054 2079 1169 2146 obscu-
1221 2082 1339 2164 ubique
1361 2080 1508 2163 gentium
1531 2087 1564 2145 et
1587 2080 1730 2146 locorum
1748 2081 1892 2163 grassari
1912 2081 2058 2146 viderent
2075 2082 2192 2165 impios

138 2204 141 2208 ·
198 2189 271 2233 rum
294 2188 374 2244 esse,
398 2185 480 2250 quos
502 2168 652 2249 princeps
674 2165 773 2230 huius
795 2165 909 2229 mundi
928 2163 1031 2232 Satan
1054 2186 1168 2231 excae·
1221 2186 1347 2232 errores
1366 2166 1483 2248 quibus
1505 2165 1702 2232 obruebatur
1723 2168 1793 2230 veri
1816 2165 1879 2231 Dei
1902 2165 2018 2232 cultus.
2054 2166 2106 2230 Ad
2129 2165 2191 2232 hoc

197 2252 308 2319 cavit?
352 2252 398 2318 Se
419 2253 506 2335 ipsos
528 2252 628 2335 igitur
650 2261 804 2316 accusent
834 2252 920 2316 caeci
950 2260 982 2314 et
1011 2250 1168 2317 luscitiosi
1220 2253 1322 2336 igitur
1345 2250 1541 2333 praesidium
1571 2251 1667 2317 hodie
1696 2271 1822 2334 quoque
1851 2251 2101 2334 confugiendum
2132 2259 2193 2332 est,

198 2340 357 2421 homines,
391 2359 490 2420 quum
523 2336 611 2401 huno
645 2336 851 2418 splendorem
879 2337 971 2402 verbi
1002 2345 1169 2419 nequeunt
1219 2359 1322 2419 quum
1344 2338 1541 2422 paucitatem
1564 2346 1766 2403 nostramet
1796 2338 1988 2402 tenuitatem
2017 2338 2191 2403 cernimus.

198 2426 368 2492 sustinere.
411 2423 482 2488 Nos
503 2442 581 2487 vero
603 2431 871 2504 quantascunque
889 2423 1040 2487 tenebras
1062 2423 1167 2487 offun-
1221 2424 1347 2489 Tcrcac
1381 2442 1533 2505 magnam
1567 2424 1655 2490 orbis
1687 2428 1814 2505 partem
1847 2423 2010 2488 obtinent:
2045 2423 2192 2506 papistae

198 2511 274 2577 dere
296 2519 464 2588 conentur,
494 2509 527 2572 in
550 2507 612 2572 hac
634 2507 764 2573 coelesti
787 2508 860 2573 lucc
882 2506 1017 2572 stabiles
1045 2517 1079 2572 et
1106 2508 1167 2572 fixi
1220 2510 1318 2593 longe
1336 2508 1463 2591 lateque
1481 2509 1597 2575 erectis
1614 2509 1720 2575 cristis
1739 2507 1957 2591 triumphant:
1981 2529 2040 2574 nos
2058 2509 2193 2574 interim

199 2599 309 2662 simus.
343 2596 447 2661 Porro
465 2592 595 2658 videtur
613 2594 772 2676 propheta
793 2592 937 2659 alludere
955 2591 996 2657 ad
1016 2593 1169 2658 vaticinia
1220 2595 1315 2677 pauci
1344 2613 1382 2659 ao
1415 2604 1528 2658 tenues
1556 2595 1613 2659 vix
1646 2595 1804 2659 habemur
1836 2615 1972 2658 numero
2005 2595 2192 2659 homiuum:

198 2703 280 2763 quae
313 2701 354 2745 ex
388 2680 491 2744 antris
522 2688 555 2743 et
589 2678 768 2760 tripodibus
804 2678 965 2743 idolorum
997 2677 1167 2743 dabantur.
1220 2679 1277 2746 sed
1299 2679 1421 2744 veritas
1443 2678 1575 2743 tandem
1603 2680 1809 2762 praevalebit,
1839 2699 2033 2761 omnemque
2060 2679 2192 2744 celsitu·

200 2768 286 2831 Nam
308 2768 433 2830 incerta
454 2775 487 2828 et
509 2763 636 2829 fallacia
665 2772 775 2828 erant:
808 2784 907 2844 quum
939 2761 1020 2827 nihil
1048 2765 1112 2828 tale
1134 2765 1168 2826 in
1222 2766 1329 2830 dinem
1364 2771 1547 2847 prosternet
1580 2784 1643 2846 qua
1678 2783 1765 2828 nnnc
1798 2765 1967 2828 hominum
2001 2763 2086 2830 oculi
2120 2784 2193 2845 per·

200 2853 365 2935 responsis
398 2850 462 2914 Dei
499 2854 690 2932 reperiatur.
746 2849 858 2912 Palam
892 2849 978 2912 enim
1018 2848 1169 2931 loquitur,
1222 2850 1437 2934 stringuntur.
1482 2834 1586 2928 mito,
1616 2851 1670 2914 alii
1692 2858 1827 2915 vertunt
1855 2851 2005 2929 abiectos,
2033 2849 2088 2915 alii
2116 2869 2192 2932 pro·

199 2959 260 3004 nec
287 2936 465 3019 quidquam
499 2945 557 2999 ant
590 2933 689 2998 fallax
723 2944 779 2998 aut
812 2933 1026 3016 flexiloqunm
1059 2933 1169 2998 tradit.
1222 2939 1324 3020 fugos,
1347 2935 1409 3017 vel,
1431 2935 1487 3017 qui
1509 2941 1702 3002 evaserunt:
1724 2957 1761 3001 ac
1783 2945 1899 3018 putant
1916 2934 2053 2999 Iudaeos
2071 2935 2129 3017 qui
2151 2934 2192 3000 ab

199 3024 302 3105 Atqui
332 3022 534 3104 experientia
563 3019 656 3085 docet
683 3021 878 3102 scripturam
906 3040 976 3084 esse
1006 3019 1169 3084 difficilem
1222 3021 1336 3087 exsilio
1376 3019 1541 3086 redierant
1579 3021 1775 3105 compellari.
1830 3020 1956 3086 Verum
1989 3041 2105 3085 sensus
2136 3019 2192 3085 ille

199 3119 233 3174 et
253 3107 493 3173 subobscuram.
534 3105 606 3169 Hoc
623 3106 753 3187 quidem
777 3126 891 3169 verum
914 3114 974 3187 est,
996 3105 1053 3170 sed
1077 3105 1172 3170 hebe·
1222 3108 1321 3173 nimis
1342 3116 1471 3174 coactus
1493 3116 1552 3171 est.
1587 3108 1694 3192 Magis
1713 3118 1878 3188 receptum
1900 3117 1951 3171 est
1973 3115 2009 3171 ut
2031 3104 2193 3190 intelligat

200 3194 308 3258 tudini
331 3215 444 3258 sensus
468 3193 570 3256 nostri
593 3204 626 3254 et
645 3191 800 3268 tarditati,
824 3211 889 3254 non
909 3192 1089 3272 scripturae
1111 3193 1170 3254 im·
1223 3195 1363 3260 abiectos
1385 3192 1542 3277 gentium,
1565 3194 1641 3275 quia
1663 3177 1729 3261 ube
1751 3193 1915 3275 significat
1937 3190 2083 3257 abiicere.
2119 3191 2192 3256 Non

200 3279 395 3362 putandum:
426 3298 487 3343 nec
514 3277 600 3343 enim
631 3276 832 3341 accusandus
861 3287 911 3340 est
939 3275 988 3341 sol
1017 3296 1037 3339 a
1066 3279 1170 3343 caecis
1222 3279 1307 3363 quod
1330 3279 1477 3359 designet
1498 3277 1671 3343 obscurum
1690 3277 1820 3359 vulgus,
1844 3278 1896 3343 vel
1915 3276 2085 3342 hominum
2108 3278 2194 3360 quis·

200 3376 257 3430 ant
278 3364 461 3440 luscitiosis,
490 3362 574 3444 quod
598 3383 674 3427 eum
696 3363 816 3425 intueri
846 3381 911 3426 non
935 3361 1069 3444 possint.
1114 3363 1169 3427 Iu·
1222 3365 1356 3447 quilius:
1379 3363 1456 3446 quin
1479 3364 1585 3445 potius
1608 3384 1792 3429 sermonem
1815 3362 1855 3427 ad
1877 3383 1932 3427 eos
1951 3364 2112 3428 convertit
2134 3363 2190 3444 qui

200 3462 290 3515 terea
312 3451 415 3514 fixum
439 3449 499 3513 hoo
521 3456 640 3521 manet,
667 3447 852 3530 quicunque
874 3446 993 3512 dociles
1016 3458 1049 3512 et
1071 3449 1169 3512 mori·
1222 3451 1391 3533 dignitate,
1424 3447 1546 3530 opibus.
1584 3449 1738 3530 potentia,
1777 3448 1914 3513 scientia
1952 3449 2038 3512 inter
2077 3458 2193 3530 gentes

200 3557 296 3619 geres
317 3557 352 3600 se
375 3533 533 3616 praebent
556 3533 637 3610 Deo,
667 3552 733 3596 non
756 3533 878 3599 frustra
899 3552 1032 3614 operam
1055 3553 1172 3600 consu·
1221 3535 1469 3620 praecellebant.
1520 3533 1587 3599 Eos
1617 3535 1705 3598 enim
1737 3534 1868 3599 abiectos
1901 3541 2005 3611 vocat,
2039 3533 2124 3615 quod
2157 3534 2192 3596 in

200 3639 306 3686 mere:
341 3620 418 3701 qnia
444 3619 537 3683 Deus
569 3617 709 3707 fideliter
741 3618 857 3701 optimi
890 3618 1030 3684 doctoris
1063 3618 1169 3684 officio
1222 3618 1400 3703 conspectu
1430 3618 1495 3683 Dei
1527 3618 1622 3683 nihili
1655 3621 1734 3685 sint:
1769 3617 1897 3682 temetsi
1930 3619 1970 3682 ab
2004 3615 2191 3684 hominibus

199 3707 346 3790 fungitur
373 3726 452 3788 erga
480 3703 621 3768 humiles
651 3716 683 3769 et
711 3703 874 3787 parvulos.
919 3702 990 3767 Iam
1019 3704 1169 3785 quamvis
1221 3708 1333 3790 magni
1361 3705 1582 3770 aestimentur.
1632 3703 1728 3785 Quod
1756 3703 1844 3767 enim
1873 3703 1976 3767 altum
2003 3713 2054 3769 est
2081 3724 2192 3769 coram

200 3813 265 3856 non
288 3812 400 3855 omnes
427 3790 468 3853 ad
495 3810 657 3854 summum
687 3791 825 3874 gradum
855 3789 1058 3871 perveniant,
1085 3810 1169 3853 nun·
1221 3791 1417 3870 hominibus,
1439 3808 1548 3855 coram
1571 3790 1641 3854 Deo
1664 3788 1879 3854 abominabile
1900 3798 1961 3854 est.
1994 3787 2192 3871 Quanquam

200 3898 298 3958 quam
333 3885 441 3940 tamen
474 3876 620 3957 profectu
650 3875 771 3940 carebit
801 3895 911 3939 eorum
940 3872 1084 3938 studium
1114 3874 1170 3956 qui
1222 3877 1345 3960 siquis
1368 3875 1461 3939 malit
1486 3874 1632 3958 accipere
1662 3896 1720 3958 pro
1750 3875 1894 3952 remotis,
1924 3895 1992 3938 non
2020 3874 2193 3940 admodum

201 3964 310 4027 Deum
331 3981 374 4026 ex
396 3959 505 4024 animo
527 3972 695 4041 quaerent.
739 3959 848 4041 Atque
873 3959 935 4024 hoc
958 3958 1056 4024 verbo
1077 3979 1170 4040 prae·
1221 3981 1378 4045 repugno.
1429 3961 1479 4025 Ao
1506 3961 1536 4025 si
1562 3960 1700 4027 diceret:
1729 3960 1938 4026 Conveniunt
1967 3959 2007 4024 ab
2038 3962 2194 4027 extremis

200 4050 330 4130 cipuum
365 4046 447 4130 legis
481 4046 580 4109 finem
610 4058 642 4110 et
670 4067 766 4110 usum
796 4055 888 4110 notat
909 4043 1021 4119 isaias,
1051 4056 1087 4109 ut
1115 4044 1171 4110 hc
1223 4060 1338 4113 terrae.

201 4136 306 4198 mines
322 4132 363 4197 ad
379 4133 486 4196 Deum
501 4130 630 4196 invitet.
665 4131 710 4195 Et
724 4139 811 4196 certe
834 4131 913 4196 haec
935 4129 1038 4195 solida
1059 4151 1171 4194 eorum
1308 4132 1385 4217 (Qui
1406 4133 1559 4218 efferunt.)
1600 4130 1753 4198 Ostendit
1774 4139 1894 4215 quanta
1914 4130 2078 4196 dementia
2100 4152 2195 4198 occu·

199 4231 250 4284 est
272 4218 418 4296 felicitas,
440 4216 594 4300 coniungi
622 4237 696 4281 cum
718 4214 807 4281 Deo:
837 4236 967 4281 sacrum
990 4235 1067 4281 vero
1096 4237 1171 4281 con·
1223 4228 1280 4302 pet
1307 4217 1503 4295 idololatras,
1533 4218 1589 4303 qui
1617 4218 1790 4284 simulacra
1819 4216 1965 4294 adorant,
1997 4236 2081 4299 quae
2113 4218 2195 4300 ipsis

200 4305 375 4370 iunctionis
408 4302 574 4367 vinculum
614 4301 694 4366 fides
733 4311 784 4368 est
816 4322 853 4367 ae
891 4301 1018 4366 sincera
1057 4303 1171 4383 pietas.
1223 4305 1369 4370 humeris
1391 4311 1528 4386 gestant,
1558 4312 1592 4369 et
1620 4303 1745 4369 thensis
1775 4302 2017 4369 circumferunt
2063 4301 2126 4365 Vel
2147 4304 2195 4368 ef·

201 4390 306 4454 Porro
328 4389 389 4454 hoc
411 4385 553 4454 secundo
575 4385 720 4452 membro
743 4408 807 4452 non
830 4386 924 4452 modo
947 4388 1117 4469 perspicue
1139 4397 1172 4452 et
1223 4391 1310 4455 ferre
1333 4389 1386 4454 hio
1408 4389 1603 4472 accipiemus
1632 4409 1691 4471 pro
1713 4387 1870 4454 collocare
1892 4389 1927 4452 in
1948 4387 2037 4453 edito
2060 4399 2094 4452 et
2115 4387 2196 4452 emi-

202 4475 273 4539 sine
302 4474 492 4558 ambagibus
525 4493 560 4537 se
592 4472 764 4555 loquutum
796 4471 898 4538 fuisse
929 4472 1082 4549 affirmat,
1114 4473 1171 4538 sed
1224 4477 1316 4542 nenti
1349 4475 1425 4540 loco.
1476 4473 1759 4554 Quemadmodum
1790 4473 1868 4539 haec
1899 4474 2043 4540 Satanae
2071 4472 2195 4539 astutia

203 4558 368 4642 praedicat
387 4561 572 4624 firmitatem
595 4570 629 4623 et
650 4559 867 4624 constantiam
885 4557 977 4623 verbi
1000 4558 1061 4637 sui,
1084 4577 1122 4622 ac
1144 4560 1171 4624 si
1222 4563 1293 4640 fuit,
1314 4561 1442 4645 erigere
1461 4570 1586 4626 statuas
1608 4561 1642 4624 in
1669 4559 1828 4625 columnis
1849 4562 1884 4624 et
1913 4558 2082 4624 altioribus
2104 4557 2193 4634 locis,

200 4645 326 4710 diceret
347 4666 382 4709 se
404 4665 470 4708 non
492 4644 624 4709 fallendi
652 4664 749 4709 cansa
776 4642 954 4708 liberaliter
975 4643 1172 4724 promittere,
1223 4657 1260 4712 ιιι
1283 4646 1431 4711 homines
1453 4657 1581 4728 raperet
1604 4647 1639 4709 in
1656 4645 1912 4725 admirationem,
1935 4653 1969 4709 et
1990 4644 2060 4710 solo
2081 4663 2195 4709 earum

205 4752 264 4796 nec
287 4731 394 4796 verbis
415 4728 536 4795 lactare
558 4729 733 4809 famelicos,
764 4727 822 4795 sed
843 4750 880 4793 re
907 4728 978 4811 ipsa
1007 4738 1172 4810 praestare
1223 4741 1374 4815 respectu
1412 4729 1453 4795 ad
1492 4732 1617 4797 cultum
1657 4741 1690 4795 et
1725 4731 1970 4796 venerationem
2006 4728 2193 4795 adduceret.

204 4815 359 4899 quidquid
377 4813 539 4898 pollicitus
560 4826 619 4881 est.
653 4815 742 4882 Hinc
763 4813 967 4880 convincitur
989 4833 1101 4879 eorum
1124 4816 1172 4879 in·
1223 4817 1349 4884 Verum
1372 4816 1562 4899 simpliciter
1593 4816 1803 4898 interpretari
1832 4835 2005 4898 possumus
2034 4813 2074 4879 de
2103 4813 2194 4879 omni

204 4900 367 4986 gratitudo
395 4900 451 4983 qui
477 4901 581 4964 vocati
611 4921 676 4966 non
705 4899 919 4983 respondent:
947 4899 1077 4982 quando
1108 4923 1171 4966 non
1224 4903 1313 4970 cultu
1342 4903 1397 4985 qui
1427 4903 1544 4967 statuis
1576 4899 1766 4967 exhibetur:
1801 4910 1838 4965 ut
1869 4922 1945 4966 eum
1974 4899 2128 4965 vanitatis
2161 4909 2196 4964 et

203 4987 294 5053 aliud
316 4986 388 5052 Deo
410 4984 581 5050 consilium
604 4995 662 5063 est,
685 4988 748 5051 nisi
770 4994 809 5051 ut
830 5005 889 5051 nos
918 4985 1076 5050 bonorum
1103 5006 1172 5051 om·
1223 4988 1369 5055 insaniae
1391 4989 1570 5053 convincat.
1611 4985 1729 5053 Sciunt
1750 4987 1836 5051 enim
1859 4985 2085 5067 superstitiosi,
2107 4982 2195 5051 idola

205 5073 296 5138 nium
331 5072 502 5155 participes
527 5069 651 5150 reddat,
681 5091 818 5154 quorum
848 5070 968 5155 alioqui
997 5071 1112 5136 inanes
1140 5080 1173 5137 et
1224 5074 1392 5141 hominum
1414 5093 1473 5155 ope
1495 5086 1527 5140 et
1550 5073 1672 5139 auxilio
1694 5072 1802 5155 potius
1830 5071 1986 5154 indigere,
2014 5090 2112 5154 quam
2135 5071 2195 5137 ho·

206 5157 300 5224 vacui
334 5177 455 5223 sumus.
511 5153 607 5236 Quod
640 5176 718 5222 mox
751 5157 905 5240 sequitur,
943 5156 1053 5222 Deum
1086 5156 1172 5241 loqui
1224 5163 1329 5227 mines
1351 5156 1462 5225 idolis:
1492 5179 1575 5242 quae
1596 5159 1667 5224 sine
1695 5157 1867 5223 hominum
1889 5175 1987 5238 opera
2015 5157 2194 5224 consistere

205 5243 374 5319 iustitiam,
397 5241 600 5325 exegeticum
621 5252 686 5308 est:
717 5244 809 5325 quasi
831 5241 952 5309 diceret
972 5240 1064 5307 nulla
1085 5242 1172 5309 frau-
1224 5267 1288 5312 non
1312 5254 1456 5329 possunt.
1500 5246 1612 5328 Atque
1632 5243 1698 5309 huc
1726 5241 1831 5308 tendit
1852 5241 1939 5324 quod
1965 5242 2115 5324 proxime
2142 5262 2193 5310 se·

310 5344 419 5401 Calcici
433 5359 528 5414 opera.
557 5343 616 5398 Vol.
632 5343 793 5398 XXXVII.
1956 5342 1990 5398 10
