4784 5970
253 337 319 401 575
1062 329 1447 397 PRAELE'OTIONES
2219 328 2287 395 etc

248 526 355 608 palam
379 525 485 587 Deum
511 527 672 603 invocent,
703 536 736 587 ct
758 534 894 586 esterno
917 521 1006 587 cultu
1032 521 1169 603 probent
1190 543 1225 586 se
1248 556 1253 597 ι
1277 533 1387 586 essent
1421 520 1534 586 multis
1568 520 1708 588 miseriis
1741 523 1904 606 oppressi,
1936 520 2106 604 qnoniam
2147 526 2289 584 contra-

248 633 318 676 essc
341 612 409 674 eius
434 610 604 690 populum:
640 609 699 672 hoc
732 607 812 671 nihil
847 619 906 681 est,
939 607 1058 689 inquit,
1092 607 1157 671 nisi
1190 607 1225 671 in
1278 617 1396 671 xerant
1418 605 1479 672 sibi
1501 627 1615 673 omnes
1636 607 1711 672 illas
1733 607 1943 687 calamitates,
1974 615 2010 672 et
2033 603 2152 671 simul
2179 604 2290 669 etiam

249 698 382 778 venitm,
401 700 428 759 et
446 696 480 757 in
497 695 616 759 indicio
635 700 663 759 et
680 694 804 758 institia
823 693 926 757 Deum
944 693 1060 758 celatis.
1095 692 1226 756 Veritas
1278 712 1410 756 causam
1435 690 1593 757 dederant
1620 694 1763 776 profanis
1793 694 1953 777 gentihus,
1981 704 2021 757 ut
2047 691 2119 755 Dei
2157 708 2291 754 nomen

248 780 336 846 haud
372 779 467 844 dubie
499 780 552 843 hic
589 779 747 860 accipitur
787 799 845 860 pro
882 779 1071 861 integritate
1110 777 1225 853 cordis,
1278 778 1346 843 suis
1370 777 1581 860 blasphemiis
1603 779 1651 843 ita
1673 778 1866 862 polluerent.
1911 778 2087 861 Sequitur,

247 864 520 950 quemadmodum
554 874 587 929 et
616 865 646 929 5.
670 885 739 947 cap.
771 863 960 929 videbimus.
1005 862 1115 944 Quum
1147 883 1226 945 ergo

247 953 338 1017 iubet
361 973 414 1016 eos
438 973 495 1033 per
518 972 635 1014 nomen
656 951 720 1014 Dei
743 950 850 1013 iurare
868 951 902 1013 in
923 949 1068 1026 veritate,
1091 948 1227 1030 perinde
1364 948 1395 1013 3.
1424 948 1577 1029 Quoniam
1598 949 1643 1015 sio
1664 950 1741 1015 dicit
1763 949 1900 1016 Iehoceb
1920 951 1987 1017 ciro
2011 945 2186 1015 lebadea
2210 944 2293 1031 (hoc

248 1050 297 1104 est
320 1059 356 1102 ac
379 1038 407 1101 si
430 1037 551 1101 diceret
573 1058 638 1100 non
663 1037 723 1100 rite
746 1035 806 1100 coli
828 1034 948 1114 Deum,
979 1035 1042 1099 nisi
1071 1033 1126 1097 ubi
1156 1035 1225 1097 ani·
1279 1047 1336 1110 est,
1360 1033 1503 1120 Iudaeis)
1525 1040 1553 1097 et
1576 1033 1794 1119 ierosolymae,
1824 1037 1944 1102 Novate
1968 1036 2061 1102 nebia
2089 1032 2232 1115 novale,
2264 1037 2294 1097 ef

249 1145 322 1188 mus
344 1123 432 1186 omni
459 1122 573 1187 fraude
602 1135 634 1185 et
666 1122 831 1186 mendacio
861 1142 963 1202 purus
991 1131 1057 1184 est:
1088 1119 1226 1200 denique
1279 1141 1317 1185 ne
1337 1121 1497 1185 seminetis
1518 1140 1613 1201 areper
1635 1122 1757 1203 spinea.

249 1209 412 1293 significat
445 1207 570 1271 nullum
601 1230 672 1271 csse
705 1207 767 1270 Dei
797 1207 920 1271 cultum
951 1205 1071 1287 ubsque
1100 1205 1226 1270 sincero

249 1293 354 1360 cordis
375 1293 504 1357 affeetu.
550 1292 616 1357 Sed
641 1293 770 1367 veritas,
796 1292 836 1355 da
859 1313 922 1374 qua
943 1290 1101 1373 propheta
1124 1291 1226 1371 loqui·
1366 1289 1483 1355 Adhuc
1506 1291 1713 1374 prosequitur
1728 1291 1862 1358 eandem
1880 1292 2068 1357 doctrinam
2089 1287 2293 1374 propheta:

250 1392 312 1458 tur,
335 1380 509 1462 praecipue
530 1379 737 1461 cognoscitur
759 1378 792 1441 in
816 1377 935 1442 iudicio
958 1381 991 1441 et
1013 1375 1147 1452 iustitia,
1172 1375 1227 1439 ubi
1280 1375 1490 1458 reprehendit
1512 1377 1601 1440 enim
1625 1377 1815 1461 hypocrisin
1837 1379 1870 1443 in
1894 1377 2076 1460 Israelitis,
2112 1374 2293 1458 quoniam

249 1466 372 1531 scilicet
393 1465 541 1527 homines
564 1465 650 1527 inter
674 1486 708 1527 se
735 1462 876 1526 fideliter
905 1473 1017 1545 egunt,
1048 1473 1082 1525 et
1110 1461 1227 1543 cuique
1280 1460 1403 1524 vellent
1426 1460 1559 1545 defungi
1578 1483 1656 1546 erga
1671 1463 1781 1527 Deum
1798 1463 1945 1528 externis
1964 1461 2147 1527 duntaxat
2168 1478 2293 1527 caere·

249 1551 397 1616 redditur
420 1553 470 1613 ius
489 1571 594 1623 suum,
619 1569 724 1630 neque
742 1548 825 1612 alter
840 1547 975 1612 alterius
991 1547 1110 1610 damno
1129 1566 1225 1615 suum
1281 1548 1407 1629 moniis,
1431 1566 1532 1628 quum
1555 1557 1666 1611 tamen
1689 1547 1787 1614 corda
1808 1557 1919 1613 essent
1940 1547 2112 1631 implicita
2140 1550 2181 1611 et
2198 1545 2293 1609 frau-

249 1636 378 1701 lucrum
399 1635 541 1716 quaerit:
564 1635 629 1699 Ubi
647 1655 724 1716 crgo
744 1633 890 1715 aequitas
911 1642 944 1698 et
963 1633 1124 1713 rectitudo
1142 1632 1227 1694 inter
1280 1632 1374 1696 dibus
1397 1641 1428 1695 ct
1451 1632 1541 1696 omni
1562 1653 1684 1716 genere
1705 1634 1884 1717 impietatis
1909 1652 1947 1698 ac
1975 1632 2152 1698 malitiae.
2206 1629 2294 1695 Ideo

251 1721 400 1785 homines
422 1722 468 1783 ita
495 1721 622 1797 colitur,
658 1730 736 1784 tunc
767 1719 923 1800 impletur
956 1716 1041 1800 quod
1070 1716 1228 1801 propheta
1280 1716 1358 1781 dicit
1395 1718 1455 1781 hoc
1485 1718 1594 1782 Deum
1624 1718 1757 1802 exigere
1784 1740 1804 1784 a
1832 1717 1962 1784 Iudaeis
1995 1723 2033 1783 nt
2064 1721 2195 1784 moen
2227 1716 2295 1781 sibi

251 1806 305 1872 hic
329 1806 479 1886 requirit:
512 1806 664 1886 quonium
698 1827 761 1868 non
785 1805 897 1869 colunt
920 1803 1027 1868 Deum
1059 1802 1226 1878 fallaciter,
1252 1800 1256 1933 1
1279 1802 1402 1881 novole,
1432 1822 1530 1882 neque
1550 1805 1701 1869 seminent
1721 1804 1783 1869 sihi
1806 1805 1888 1869 inter
1908 1803 2029 1887 minna.
2080 1802 2295 1885 Aptissima

252 1912 357 1973 nequa
390 1889 541 1954 inanibus
574 1890 689 1966 verbis,
723 1890 779 1954 sed
814 1912 850 1954 ro
879 1890 950 1971 ipsa
983 1888 1161 1953 ostendunt
1194 1909 1228 1950 se
1280 1894 1331 1953 est
1362 1887 1560 1952 similitudo:
1597 1910 1672 1954 nam
1707 1890 1867 1971 scriptura
1899 1888 1981 1955 solet
2015 1908 2080 1953 noa
2122 1888 2294 1954 conform

253 1976 374 2058 absque
408 1977 480 2041 fuco
511 1975 619 2038 Deum
647 1977 761 2039 timere
790 1985 824 2040 ct
852 1976 1005 2040 revereri.
1057 1973 1151 2053 Quod
1181 1994 1229 2038 se-
1252 1938 1256 2065 *
1281 1994 1370 2058 agro,
1394 1973 1450 2037 ubi
1474 1982 1568 2038 vocat
1591 1973 1828 2040 haereditatem
1843 1975 1915 2052 Dei,
1937 1982 1971 2038 et
1992 1975 2027 2040 in
2055 1973 2160 2040 hanc
2177 1972 2294 2037 finem

252 2063 364 2146 quitur
387 2061 484 2127 etiam
511 2064 598 2123 varie
625 2070 795 2142 exponunt
825 2060 1037 2143 interpretes:
1072 2060 1127 2124 sed
1162 2079 1228 2122 non
1281 2060 1376 2124 electi
1410 2079 1429 2123 a
1460 2057 1531 2123 Dec
1565 2081 1677 2126 sumus
1710 2062 1746 2124 in
1780 2059 1975 2143 peculiarem
2009 2059 2215 2142 populum,
2253 2068 2294 2123 ut

252 2148 364 2211 dubito
387 2148 464 2228 quin
489 2146 649 2228 propheta
671 2146 725 2209 hic
748 2145 876 2228 obliqua
899 2146 1099 2228 perstringat
1120 2144 1228 2207 Israe·
1282 2143 1425 2208 fructum
1459 2143 1601 2226 aliquem
1634 2168 1653 2210 a
1688 2145 1780 2211 nobis
1810 2146 1947 2210 referat:
1979 2142 2293 2227 quemadmodum

252 2231 343 2310 litas,
386 2232 540 2313 quoniam
577 2232 637 2295 Dei
674 2253 791 2295 nomen
825 2243 905 2295 tunc
939 2233 1124 2312 expositum
1158 2238 1229 2293 erat
1282 2229 1512 2312 paterfamilias
1534 2230 1659 2314 colligit
1680 2239 1876 2314 proventum
1898 2252 1939 2296 ex
1959 2230 2052 2314 agria
2075 2230 2170 2295 suis.
2211 2230 2292 2294 Deo

253 2319 365 2382 multis
396 2318 522 2400 probris
545 2324 579 2380 et
608 2315 766 2390 ludibriis,
800 2337 900 2398 quum
931 2318 1085 2397 profanae
1115 2324 1229 2397 gentes
1282 2315 1413 2399 quidem
1441 2314 1524 2378 nihil
1554 2335 1613 2398 per
1647 2338 1704 2381 nes
1738 2314 1875 2400 accedit,
1907 2314 1965 2381 sed
1999 2314 2142 2381 fructus
2183 2336 2293 2398 quem

252 2401 399 2468 dicerent
429 2402 512 2465 nihil
542 2422 612 2466 esse
640 2405 805 2483 potentiae
832 2402 868 2464 in
893 2401 962 2465 Deo
990 2400 1140 2465 Israelis:
1169 2419 1227 2483 po·
1283 2400 1426 2483 postulat
1448 2409 1514 2478 est,
1547 2409 1585 2465 ut
1609 2410 1678 2467 tota
1699 2403 1769 2466 vita
1789 2407 1902 2467 nostra
1923 2401 2089 2467 referatur
2127 2400 2178 2465 ad
2212 2400 2292 2465 eius

252 2488 349 2573 pnlus
370 2495 480 2552 autem
504 2490 573 2569 ipse
596 2508 669 2551 cum
694 2487 764 2551 Deo
787 2486 1028 2568 expostulabat,
1055 2507 1092 2551 ac
1115 2487 1143 2551 si
1161 2486 1228 2549 ius·
1282 2485 1430 2569 gloriam.
1484 2485 1653 2570 Quidquid
1683 2489 1741 2562 sit,
1776 2489 1868 2553 Deus
1898 2508 1962 2552 non
1992 2484 2068 2551 vult
2103 2507 2177 2551 nos
2210 2506 2291 2552 ease

253 2586 318 2638 tam
341 2572 477 2637 haberet
500 2571 649 2654 litigandi
671 2592 834 2659 causam„
857 2570 967 2652 Quid?
991 2570 1083 2636 Deus
1105 2570 1228 2653 pollici·
1282 2572 1402 2636 otiosos
1424 2570 1477 2636 vel
1507 2573 1650 2648 steriles,
1680 2573 1737 2638 sed
1768 2573 1911 2655 profarre
1939 2570 2084 2654 aliquem
2110 2571 2289 2638 fructum.

253 2670 306 2724 tua
324 2667 375 2724 est
393 2678 453 2722 nos
472 2657 541 2721 fore
557 2658 725 2740 exemplar
743 2656 986 2733 benedictionis,
1005 2657 1095 2740 atqui
1113 2676 1229 2721 sumus
1281 2657 1352 2721 lam
1386 2656 1464 2738 quid
1498 2667 1600 2740 agunt
1636 2657 1849 2742 hypocritae?
1890 2658 2070 2735 seminant,
2119 2656 2194 2723 hoc
2231 2666 2289 2721 est

252 2745 392 2827 expositi
419 2745 569 2826 gentium
599 2744 821 2808 contumeliis:
852 2741 931 2824 quid
960 2742 1021 2808 hoc
1050 2742 1110 2806 sihi
1135 2740 1227 2805 vult?
1254 2796 1256 2801 .
1282 2742 1462 2806 ostendunt
1494 2742 1626 2825 aliquod
1659 2743 1820 2824 studium,
1860 2745 1925 2807 imo
1957 2743 2060 2807 etiam
2105 2741 2288 2808 simulant

253 2830 364 2912 Quum
388 2851 465 2912 ergo
488 2829 657 2893 israelitae
680 2839 801 2892 sortem
823 2848 916 2892 suam
936 2828 984 2892 ita
1006 2829 1174 2906 deflerent,
1197 2841 1230 2890 et
1281 2847 1439 2910 magnum
1462 2828 1619 2905 ardorem,
1652 2828 1708 2892 ubi
1730 2828 1824 2893 Deus
1846 2829 1934 2911 ipsos
1955 2825 1996 2891 ad
2017 2828 2285 2909 poenitentiam

252 2916 380 2998 culpam
412 2916 610 2978 coniicerent
643 2915 678 2977 in
703 2915 820 2992 Deum,
855 2913 1028 2995 respondet
1060 2913 1229 2996 propheta,
1282 2913 1440 2987 hortatur,
1465 2914 1518 2978 vel
1541 2915 1596 2978 ubi
1618 2935 1674 2979 eos
1696 2915 1823 2978 invitat.
1868 2912 2034 2997 Satagunt
2055 2913 2184 2995 igitur,
2219 2910 2283 2977 aad

253 3001 443 3065 Benedicent
471 3020 503 3064 se
529 3004 630 3082 pentes
663 3000 698 3062 in
727 3000 793 3064 Deo
822 3005 850 3063 et
876 2999 1095 3082 gloriabuntur
1124 3000 1159 3062 in
1187 3017 1229 3062 eo.
1282 3010 1497 3080 corrumpunt
1519 3000 1628 3063 omnia
1651 3000 1719 3063 suis
1742 2998 1905 3081 mixturis,
1927 2996 2065 3081 perinde
2087 3018 2133 3064 ac
2151 2997 2284 3082 siquis

254 3085 397 3167 Quidam
421 3086 482 3148 hcc
500 3086 540 3146 ad
564 3084 719 3148 Israelem
738 3084 895 3161 referunt,
919 3084 975 3148 sed
996 3085 1092 3149 nimis
1110 3096 1228 3148 coacte.
1283 3104 1395 3148 semen
1427 3104 1520 3148 suum
1555 3092 1725 3168 spargeret
1756 3085 1844 3149 inter
1876 3085 1995 3166 spinas.
2039 3082 2154 3166 Atqui
2186 3082 2280 3148 nihil

256 3172 390 3235 Dictum
425 3168 554 3250 quidem
587 3169 695 3232 fuerat
729 3168 899 3232 Abrahae:
941 3169 982 3232 In
1016 3168 1141 3234 semine
1174 3178 1230 3232 tuo
1283 3168 1425 3250 proderit
1448 3189 1560 3233 semen
1583 3171 1630 3233 ita
1651 3170 1810 3251 proiicere
1831 3170 1918 3234 inter
1938 3167 2059 3251 spinas,
2089 3169 2280 3235 nisibeno
2346 3210 2350 3217 -

253 3254 488 3323 benedicentur
511 3274 624 3318 omnes
647 3257 772 3336 gentes,
803 3254 853 3317 vol
876 3275 911 3318 se
932 3253 1142 3319 benedicent:
1173 3252 1230 3318 sed
1284 3254 1414 3320 exculta
1447 3255 1490 3317 sit
1522 3263 1618 3319 terra.
1665 3254 1756 3320 Deus
1790 3276 1867 3338 ergo
1902 3255 1986 3320 hanc
2014 3264 2277 3336 praeposteram

254 3342 335 3407 haec
369 3337 551 3405 benedictio
585 3339 726 3404 habebat
758 3360 853 3403 suum
895 3339 1110 3422 principium,
1146 3337 1231 3419 quod
1284 3339 1508 3416 sedulitatem,
1543 3360 1608 3422 qua
1629 3362 1664 3405 se
1687 3339 1859 3405 venditant
1881 3339 2086 3423 hypocritae,
2126 3337 2275 3413 deridet,

255 3427 307 3491 hic
332 3435 463 3491 notatur
486 3446 504 3488 a
527 3425 694 3508 propheta.
729 3423 917 3507 Spectanda
935 3424 1024 3488 enim
1042 3433 1114 3488 crat
1135 3444 1233 3490 causa
1284 3445 1321 3490 ae
1344 3425 1422 3489 dicit
1444 3425 1751 3508 cossincprofectu
1769 3439 1927 3508 satagere,
1950 3423 2106 3506 qnoniam
2125 3423 2275 3508 perinde

253 3515 325 3595 ipsa
347 3510 588 3586 benedictionis,
614 3511 664 3574 vel
687 3510 769 3575 fons.
815 3508 987 3590 Quomodo
1017 3519 1169 3591 poterant
1198 3530 1233 3574 se
1285 3519 1335 3574 est
1355 3531 1393 3575 ac
1415 3511 1443 3575 si
1466 3511 1627 3593 quispiam
1652 3509 1794 3596 agricola
1824 3531 1934 3575 semen
1964 3528 2059 3575 suum
2088 3509 2269 3591 perderet:

255 3596 445 3662 benedicere
467 3610 581 3679 gentes
604 3598 636 3659 in
660 3596 781 3661 semine
806 3595 856 3659 vel
878 3595 956 3661 filiis
979 3594 1143 3674 Abrahae,
1168 3594 1233 3659 nisi
1285 3596 1340 3660 nbi
1362 3596 1450 3660 enim
1477 3606 1565 3660 tarra
1594 3596 1690 3679 plena
1718 3607 1769 3661 est
1798 3596 1900 3678 spinis
1927 3603 1961 3659 ct
1989 3595 2162 3676 sentibus,
2200 3616 2270 3659 non

257 3683 347 3746 Deus
380 3695 472 3744 autor
507 3681 740 3745 benedictionis
774 3682 913 3764 gratiam
947 3701 1039 3746 suam
1074 3682 1234 3763 proferret
1285 3692 1391 3765 potest
1406 3703 1528 3759 semen,
1545 3684 1643 3747 etiam
1660 3683 1688 3747 si
1703 3682 1743 3746 ad
1756 3688 1899 3765 segetem
1915 3678 2094 3764 perveniat,
2115 3680 2268 3746 fructum

256 3787 334 3851 erga
357 3767 511 3830 Abrahae
536 3765 638 3828 filios?
684 3766 817 3847 Optime
847 3767 950 3850 igitur
979 3765 1033 3831 hic
1062 3766 1232 3849 propheta,
1285 3779 1395 3830 tamen
1428 3769 1582 3851 proferre.
1628 3766 1724 3833 Iubet
1754 3767 1816 3832 hac
1843 3786 1941 3832 causa
1970 3766 2060 3830 Deus
2088 3764 2269 3830 Israelitaa

260 3854 357 3929 Tunc,
381 3852 496 3932 inquit,
519 3851 691 3914 haereditent
708 3871 740 3914 se
757 3852 791 3914 in
809 3851 877 3916 Deo
896 3871 1000 3917 omnes
1015 3856 1127 3935 pentec,
1150 3856 1177 3917 et
1199 3853 1234 3915 in
1284 3873 1398 3918 novare
1418 3853 1480 3917 cibi
1500 3853 1625 3918 concie:
1657 3854 1750 3936 quasi
1774 3851 1897 3917 diceret
1916 3851 2004 3933 ipsos
2032 3869 2105 3915 ease
2135 3850 2267 3915 similes

258 3937 312 4001 illo
337 3936 563 4018 gloriabuntur,
597 3935 657 3999 hoc
686 3946 745 4011 est,
778 3955 834 4000 vos
864 3939 942 4002 estis
974 3938 1008 4001 in
1039 3936 1146 4020 culpa,
1176 3957 1234 4002 cur
1286 3959 1365 4022 agro
1387 3938 1563 4019 senticosa,
1597 3939 1652 4021 qui
1681 3937 1798 4020 plenus
1828 3937 1891 4001 fuit
1921 3937 2040 4018 spinis:
2073 3933 2150 4001 ideo
2180 3956 2266 4019 opus

260 4021 322 4085 Dei
355 4019 539 4084 maledictio
574 4040 632 4083 vos
666 4028 797 4102 urgeat,
839 4031 872 4082 et
905 4021 1021 4086 reddat
1061 4023 1234 4104 probrosos
1286 4044 1357 4088 esse
1377 4022 1528 4100 insolita,
1560 4032 1593 4088 ct
1615 4024 1751 4088 minime
1773 4023 1903 4106 vulgari
1925 4020 2069 4088 cultura:
2104 4020 2266 4103 quemad·

259 4105 385 4170 cunctis
408 4106 552 4185 populis:
584 4104 700 4168 deinde
728 4105 837 4180 etiam,
866 4126 925 4170 cur
955 4126 1071 4171 nomen
1096 4106 1161 4170 Dei
1183 4127 1233 4172 ac·
1287 4109 1416 4174 modum
1448 4110 1478 4173 si
1499 4109 1705 4175 excreverint
1737 4110 1851 4191 spinae
1883 4119 1916 4173 et
1943 4113 2052 4172 sentes
2081 4104 2120 4169 in
2150 4105 2264 4189 aliquo

259 4190 379 4273 cipiant
410 4189 449 4251 nd
474 4189 591 4269 probra
621 4199 653 4252 et
681 4188 893 4253 contumelias
926 4191 1080 4271 profanae
1110 4202 1234 4275 gentes.
1287 4214 1383 4277 agro,
1414 4194 1492 4276 quid
1516 4193 1660 4276 proderit
1682 4194 1749 4259 illic
1773 4192 1911 4257 multum
1935 4210 2048 4256 semen
2076 4190 2263 4273 proiicaref

258 4277 342 4340 Nam
373 4275 459 4356 cogit
490 4282 597 4336 vestra
631 4274 780 4356 impietas
810 4275 916 4338 Deum
945 4275 1109 4341 vobiscum
1139 4297 1234 4360 agere
1286 4280 1352 4341 imo
1379 4280 1448 4342 solo
1478 4294 1587 4345 aratro
1617 4300 1685 4344 non
1714 4287 1821 4363 potest
1849 4299 1927 4362 ager
1955 4276 2036 4340 bena
2065 4274 2193 4357 excoli,
2227 4284 2266 4341 ut

260 4361 372 4425 durius
396 4380 493 4440 quam
518 4359 631 4422 vellet:
655 4367 741 4423 esset
763 4359 851 4422 enim
870 4378 1049 4443 propensus
1068 4361 1107 4424 ad
1129 4372 1234 4443 pater·
1287 4364 1412 4447 frugem
1437 4365 1596 4444 proferat:
1619 4364 1677 4430 sed
1699 4384 1830 4430 necesse
1853 4375 1902 4428 est
1923 4363 2020 4428 etiam
2042 4360 2119 4445 plus
2139 4359 2266 4427 laboris

261 4467 336 4511 narn
369 4444 593 4521 clementium,
634 4445 730 4509 sicuti
770 4444 884 4507 solitus
917 4456 976 4509 est.
1035 4443 1124 4525 Quid
1158 4466 1235 4528 crgo
1287 4468 1433 4512 sumere:
1469 4469 1587 4531 nempe
1617 4448 1891 4532 quamadmodum
1920 4449 1955 4512 in
1982 4445 2156 4512 novalibus
2190 4448 2265 4512 fieri

261 4552 349 4595 nunc
372 4531 487 4605 obstat,
510 4528 681 4608 quominus
704 4550 739 4593 se
762 4528 957 4593 benedicant
980 4530 1013 4592 in
1030 4530 1100 4595 Deo
1122 4550 1235 4594 omncs
1287 4533 1379 4597 solet.
1425 4533 1589 4599 Vocamus
1611 4534 1671 4601 hoc
1693 4540 1828 4601 ecscrwr
1847 4534 1961 4617 lingua
1982 4539 2102 4597 nmtra.
2147 4530 2264 4617 Signi·

260 4626 387 4701 gentes,
420 4622 453 4677 et
483 4616 516 4677 in
545 4615 615 4695 ipso
644 4613 848 4695 glorientur?
880 4613 941 4678 hoc
971 4623 1032 4693 est,
1062 4614 1235 4697 quominus
1287 4619 1362 4681 ficat
1395 4617 1497 4699 igitur
1530 4620 1689 4703 propheta
1721 4618 1912 4686 obduruisse
1944 4614 2100 4701 populum
2133 4616 2171 4681 in
2192 4618 2265 4683 suia

261 4702 373 4786 rigeat
395 4719 478 4782 pura
502 4698 615 4781 religio
644 4699 679 4761 in
708 4706 776 4761 toto
807 4699 895 4780 orbe,
929 4706 962 4762 et
995 4708 1108 4780 gentes
1141 4699 1235 4764 vohis
1287 4700 1480 4777 sceleribus,
1515 4724 1573 4768 neo
1600 4714 1729 4769 tantum
1761 4706 1894 4788 planum
1924 4721 1996 4768 esse
2023 4700 2138 4767 multia
2160 4702 2263 4783 vitiis,

260 4787 426 4864 accedant,
457 4792 490 4849 et
513 4782 719 4849 subscribant
752 4784 784 4846 in
808 4804 924 4848 verum
955 4785 1052 4847 unius
1076 4785 1138 4848 Dei
1167 4785 1235 4847 cul·
1287 4784 1559 4868 quemadmodum
1581 4790 1609 4852 si
1632 4810 1710 4872 ager
1732 4811 1791 4872 per
1814 4790 1893 4855 duos
1915 4808 2017 4852 annos
2039 4785 2263 4854 relictnsfue·

261 4872 354 4938 tum?
384 4892 498 4953 nempe
522 4878 634 4933 vestra
655 4868 846 4950 improbitas
868 4877 900 4931 et
924 4867 1049 4932 malitia
1071 4867 1235 4932 obstaculo
1287 4871 1331 4932 rit
1353 4870 1513 4945 incultus,
1546 4873 1697 4939 sedasse
1721 4874 2015 4958 magisreccndita
2045 4872 2142 4952 vitia,
2178 4894 2264 4957 quac

260 4967 326 5040 est,
357 4958 533 5040 quominus
563 4954 766 5038 glorificatur
798 4953 904 5030 Deus,
935 4964 968 5016 et
997 4964 1108 5018 vestra
1136 4954 1234 5016 etiam
1287 4974 1351 5017 non
1376 4956 1500 5036 possint
1521 4957 1588 5022 solo
1612 4969 1719 5023 aratro
1742 4961 1824 5026 benc
1847 4962 1988 5044 purgari,
2016 4957 2081 5023 nisi
2103 4959 2265 5025 radicitus

261 5044 399 5109 felicitas
433 5043 555 5125 passim
589 5039 677 5122 apud
718 5057 830 5102 omncs
869 5039 1004 5120 populos
1044 5037 1233 5102 celebretur.
1287 5039 1520 5104 extrahantur:
1544 5042 1816 5124 quemadmodum
1837 5046 1892 5110 ubi
1908 5044 2043 5128 spineta,
2065 5054 2097 5107 ct
2113 5045 2264 5127 arbusta,

261 5129 358 5193 Nunc
391 5138 539 5192 tenemus
579 5125 758 5208 prophetae
797 5143 946 5200 sensum,
987 5123 1073 5205 quod
1112 5122 1234 5187 scilicet
1286 5132 1320 5186 et
1344 5144 1458 5205 vepres
1481 5136 1658 5191 creverunt
1680 5130 1712 5191 in
1737 5129 1846 5212 aliquo
1870 5151 1948 5213 agro
1969 5149 2028 5211 per
2049 5129 2174 5195 multos
2206 5153 2265 5195 an·

262 5213 374 5278 Iudaei
407 5233 576 5295 perperam
606 5210 733 5293 culpam
763 5208 833 5272 Deo
864 5209 1042 5289 imputent,
1072 5206 1157 5290 quod
1188 5208 1235 5270 ita
1288 5227 1356 5271 nos.
1402 5207 1559 5276 Videmus
1582 5232 1659 5294 ergo
1685 5218 1791 5279 notari
1814 5238 1833 5279 a
1854 5215 2013 5298 propheta
2039 5235 2106 5278 non
2131 5224 2267 5282 tantum
