4784 5970
196 381 257 444 en
1002 381 1391 450 Pannneomouns
2139 336 2211 444 eir

196 574 223 636 et
244 575 414 634 renuerunt
435 571 573 652 cupere
592 571 818 638 correctionem.
864 571 975 652 Quum
997 572 1077 637 dicit
1101 593 1169 639 cou-
1223 573 1259 637 in
1281 572 1375 656 plebe
1397 571 1558 636 duntaxat
1579 578 1743 656 grassatae
1770 571 1872 637 fuisse
1899 568 2115 653 corruptelas,
2146 566 2211 632 sad

196 661 334 735 sumptos
351 656 462 737 fuisse,
480 658 613 739 signum
632 668 682 722 ast
696 658 831 722 ultimae
849 658 1057 742 pervicaciae.
1085 658 1170 724 Nam
1224 659 1258 723 in
1280 658 1359 741 ipsis
1377 657 1573 741 proceribus,
1596 668 1634 722 ut
1652 657 1734 722 nihil
1754 655 1918 722 residuum
1935 664 2021 721 esset
2042 653 2210 721 sanitatis

196 743 223 806 si
246 741 363 806 leviter
386 763 444 806 nos
463 740 556 807 Deus
579 745 724 826 castiget,
749 764 816 808 non
839 745 959 809 mirum
981 754 1040 824 est,
1063 744 1092 809 si
1111 763 1170 826 pro
1224 745 1372 827 acapite
1391 765 1494 826 usque
1509 742 1550 808 ad
1565 742 1695 822 caleam,
1717 741 1986 825 quemadmodum
2004 741 2208 824 loquuntur.

196 838 309 892 nostra
336 828 489 892 tarditate
519 838 553 892 et
575 829 708 911 ignavia
741 851 807 894 non
830 830 940 895 statim
964 831 1169 914 expergisca-
1224 831 1269 896 Et
1288 831 1401 895 eadem
1420 831 1486 895 lere
1505 831 1668 895 sententia
1690 829 1888 913 (quanquam
1912 827 1985 892 aliis
2007 825 2136 910 verbis)
2162 824 2209 890 le·

194 934 287 977 mur:
309 913 367 978 sed
389 913 416 978 si
439 914 528 979 Deus
550 914 731 997 ingeminat
752 916 845 992 istus,
867 917 933 981 imo
955 937 1020 980 non
1043 925 1168 981 tantum
1223 916 1312 1000 gitur
1340 913 1426 998 apud
1455 914 1576 980 Isaiam
1604 915 1710 997 capite
1737 914 1895 999 vigesimo
1924 923 2047 979 octavo.
2103 912 2209 976 Post·

194 999 357 1081 percutiat
379 1001 448 1063 suis
471 999 593 1078 ferulis,
624 1001 679 1064 sed
703 1003 802 1066 etiam
825 1000 971 1084 gladium
993 1023 1089 1067 suum
1112 1022 1168 1065 ex·
1223 1023 1321 1085 qnam
1344 1003 1430 1066 euim
1453 1003 1602 1066 invectus
1620 1011 1669 1066 est
1686 999 1882 1084 generaliter
1898 1008 2009 1064 contra
2025 997 2208 1081 populum,

195 1100 282 1150 serat
304 1085 345 1149 ad
369 1107 427 1149 nes
457 1086 588 1167 penitus
618 1087 864 1153 consumendos.
908 1086 973 1154 Ubi
1002 1108 1080 1171 ergo
1109 1108 1169 1152 nos
1223 1087 1414 1171 aggreditur
1436 1087 1524 1169 ipsos
1554 1086 1669 1152 duces:
1700 1086 1779 1151 dicit
1806 1103 1876 1151 esse
1905 1084 2099 1163 inebriatos,
2137 1103 2208 1147 non

195 1172 241 1234 ita
259 1180 387 1247 tractat,
407 1183 440 1234 et
456 1171 625 1237 horrendis
643 1173 771 1239 iudiciis
789 1174 978 1255 exsequitur
992 1172 1168 1238 vindictam
1223 1176 1333 1239 minus
1361 1193 1460 1255 quam
1481 1173 1601 1255 vulgus
1628 1173 1739 1255 ipsum
1766 1169 1926 1256 ignobile:
1954 1170 2034 1235 dicit
2062 1167 2208 1251 quidem

195 1277 298 1336 suam,
321 1258 349 1322 si
368 1269 445 1321 tunc
468 1268 633 1339 torpemus
655 1259 763 1324 adhuc
786 1260 821 1324 in
839 1258 933 1326 malis
956 1259 1085 1336 nostris,
1109 1279 1169 1324 nec
1224 1280 1242 1324 a
1265 1259 1342 1327 vino
1365 1271 1397 1322 et
1419 1260 1538 1324 sicera:
1561 1258 1618 1322 sed
1641 1278 1758 1324 sensus
1776 1267 1835 1334 est,
1856 1256 1978 1321 similes
1996 1274 2071 1320 esse
2089 1255 2208 1329 ebriis,

195 1345 355 1407 sentimus
384 1364 482 1424 quam
513 1343 670 1409 horribile
698 1347 742 1409 sit
770 1344 913 1410 incidere
936 1345 970 1408 in
993 1346 1062 1410 eius
1084 1344 1168 1408 iudi·
1222 1345 1373 1427 queniam
1396 1343 1506 1409 nullus
1521 1355 1592 1409 erat
1612 1345 1647 1408 in
1669 1343 1736 1407 illis
1758 1343 1873 1426 pudor,
1893 1363 1936 1406 ex
1950 1361 2012 1424 quo
2031 1340 2209 1422 intempe-

195 1430 291 1505 cium‚
314 1450 425 1493 nonne
447 1436 575 1510 oportet
598 1451 656 1494 nos
679 1440 867 1496 excaecatos
889 1450 959 1495 esse
982 1429 1167 1495 adiabolo?
1222 1440 1334 1495 ranter
1355 1449 1427 1495 sese
1449 1431 1653 1513 proiecerant
1674 1428 1714 1494 ad
1746 1430 1933 1512 turpissima
1960 1446 2113 1508 quaeque
2145 1427 2209 1490 fla-

194 1515 295 1580 Hunc
329 1536 405 1598 ergo
439 1526 603 1596 stuporem
638 1538 725 1582 nune
759 1515 906 1600 deplorat
942 1515 1101 1598 propheta
1133 1517 1167 1580 in

194 1600 336 1683 Iudaeis,
366 1601 453 1682 quod
476 1622 541 1664 non
567 1609 696 1666 tantum
718 1622 817 1667 sensu
841 1602 960 1667 doloris
982 1603 1077 1667 vacui
1099 1601 1186 1673 ine,

194 1688 279 1769 rint,
314 1706 415 1768 quum
438 1685 529 1751 Deus
564 1709 619 1751 eos
648 1697 840 1769 percuteret,
875 1688 931 1753 sed
962 1689 1058 1752 edam
1092 1709 1167 1753 con-

194 1773 317 1854 sumpti
341 1793 406 1835 non
430 1773 612 1854 receperint
641 1794 746 1856 nequa
777 1773 967 1840 admiserint
997 1775 1166 1839 correctio·

194 1879 279 1922 nem.
324 1858 369 1921 Et
390 1857 451 1922 hoc
474 1858 615 1923 secundo
648 1858 794 1924 membro
822 1859 964 1925 ostendit
994 1859 1168 1942 quodiam

194 1942 352 2021 diximus,
383 1964 501 2025 nempe
524 1943 666 2009 dolorem
691 1945 730 2009 de
753 1964 817 2027 quo
838 1945 992 2028 loquutus
1013 1956 1072 2020 est,
1102 1967 1167 2010 non

194 2027 312 2093 debere
346 2031 529 2111 promiscue
558 2030 676 2111 accipi:
711 2032 767 2096 sed
791 2030 831 2096 de
853 2030 1079 2115 seriqdelora
1111 2032 1167 2113 qui

193 2114 288 2178 nobis
321 2117 472 2197 proponit
500 2114 564 2179 Dei
597 2114 764 2194 iudicium,
799 2118 845 2182 ita
878 2130 915 2181 ut
944 2137 1019 2181 eum
1053 2117 1168 2181 timere

194 2198 365 2265 discamus.
400 2200 573 2283 Adiungit,
601 2201 836 2267 obduraverunt
854 2204 953 2285 socies
973 2222 1052 2267 suus
1075 2203 1168 2283 quus-i

187 2290 321 2369 peram,
352 2287 484 2367 denique
512 2287 678 2351 uoluerunt
705 2290 825 2353 reuerti.
872 2287 1037 2371 Propheta
1067 2290 1167 2370 signi·

192 2371 269 2435 fiaat
287 2392 354 2435 non
373 2383 501 2435 tantam
520 2372 659 2437 Iudaeos
679 2374 876 2454 praefractos
894 2394 974 2449 esse,
993 2374 1165 2438 sedetiam

192 2476 303 2520 carere
331 2457 464 2540 pudore.
509 2457 620 2522 Etiam
643 2458 671 2522 si
695 2460 806 2523 omnia
828 2457 1044 2525 verecundiae
1073 2459 1166 2542 signa

193 2539 373 2619 dedissent,
406 2554 514 2607 tamen
538 2543 653 2608 fuisset
674 2544 840 2623 frivolum,
871 2546 933 2610 nisi
955 2545 1060 2610 cordis
1082 2545 1165 2609 inte·

191 2630 295 2710 gritas
328 2631 495 2711 praeisset,
530 2629 802 2711 quemadmodum
836 2631 990 2696 diximus.
1035 2628 1101 2697 Sed
1129 2645 1166 2695 ut

190 2713 369 2795 plurimum
388 2715 514 2792 accidit,
535 2717 632 2780 etiam
651 2718 809 2797 pessimos
827 2738 982 2800 quosque,
1002 2718 1057 2781 uhi
1075 2717 1165 2782 intus

190 2798 278 2880 pleni
302 2808 381 2864 sunt
403 2802 579 2882 impietate,
613 2810 646 2865 et
668 2812 859 2885 contemptu
881 2802 960 2880 Dei,
994 2812 1028 2868 et
1049 2814 1163 2868 contu·

189 2886 310 2962 mania,
345 2898 453 2949 tamen
484 2888 626 2950 retinere
656 2886 778 2968 aliquid
807 2888 951 2970 pudoris.
996 2888 1164 2972 Propheta

189 2978 227 3033 ιιι
249 2970 397 3034 ostendat
421 2971 587 3052 prolapsos
610 2993 680 3036 esse
702 2972 841 3039 Iudaeos
864 2994 965 3055 usque
988 2972 1029 3038 ad
1050 2994 1162 3040 cumu-

190 3053 255 3117 lum
277 3069 443 3119 extremae
465 3057 653 3136 impietatis,
678 3057 756 3123 dicit
776 3078 825 3124 ees
844 3059 1044 3125 obdurauieee
1063 3060 1164 3141 facies

189 3158 284 3204 suus:
319 3140 380 3204 hoc
410 3149 468 3221 eat,
499 3162 570 3205 esse
599 3163 732 3223 prorsus
762 3144 976 3226 impudentes,
1010 3145 1162 3226 quoniam

190 3224 367 3288 abiecerint
395 3246 526 3289 omnem
541 3248 543 3252 ⁴
558 3229 728 3306 rationem,
760 3243 793 3292 et
816 3229 989 3294 discrimen
1019 3232 1100 3295 recti
1130 3239 1163 3293 et

191 3310 330 3392 honesti,
360 3313 506 3393 perversi
528 3324 625 3394 atque
649 3314 762 3395 turpis.
808 3312 973 3393 Quoniam
995 3334 1074 3397 ergo
1096 3316 1161 3379 iam

189 3406 348 3460 exuerant
370 3418 499 3461 omnem
523 3397 702 3463 humanum
725 3420 868 3477 sensum,
890 3399 963 3464 idea
982 3399 1061 3465 dicit
1079 3401 1162 3465 nihil

189 3481 276 3546 aliud
307 3491 439 3564 restare,
473 3485 535 3549 nisi
564 3496 600 3548 ut
626 3485 728 3564 Deus,
761 3484 1033 3567 quemadmodum
1066 3507 1161 3570 prae·

189 3567 285 3649 dixit,
320 3577 519 3651 exsequatur
541 3570 690 3635 ultimam
714 3571 895 3638 vindictam
916 3572 1074 3638 adversus
1096 3594 1161 3638 eos.

188 3652 234 3716 Et
257 3655 376 3734 repetit
407 3654 493 3734 quod
524 3656 624 3731 dixit,
659 3656 778 3739 Nempe
799 3677 849 3723 ece
869 3678 999 3724 reuuere
1020 3661 1161 3725 macuti.

188 3737 274 3803 Nam
298 3739 461 3821 signifieat
483 3761 538 3804 eos
561 3762 626 3803 non
651 3763 762 3808 errore
784 3743 837 3808 vel
865 3744 993 3808 inscitia
1019 3765 1161 3827 peccare,

189 3823 240 3888 vel
264 3845 335 3889 esse
360 3823 558 3889 abstractos:
581 3826 638 3889 sed
657 3828 841 3893 voluntaria
862 3828 997 3909 malitia,
1020 3841 1163 3896 atcerte

188 3908 420 3974 deliberatione
443 3911 581 3975 abiicere
604 3932 733 3975 omnem
755 3934 867 3977 curam
886 3936 965 3980 anae
983 3915 1107 3991 salutis,
1130 3925 1161 3980 et

190 3997 282 4075 quasi
304 4017 344 4058 ex
364 3996 506 4076 professo
524 3997 631 4059 Deum
650 3996 831 4078 repudiare,
854 4000 901 4063 ita
918 4010 954 4064 ut
969 4000 1074 4065 nolint
1092 4022 1160 4083 per-

189 4080 256 4163 peti
279 4081 331 4145 sel
353 4080 534 4145 doctrinam
558 4084 627 4145 eius
650 4082 704 4145 vel
727 4083 952 4149 correctiones.

276 4251 306 4314 4.
336 4248 380 4313 Et
402 4272 455 4332 epo
477 4252 557 4334 etet,
583 4252 668 4316 Certe
697 4250 767 4335 (alii
789 4259 931 4331 vertunt,
963 4255 1081 4333 forsan,
1105 4257 1161 4343 Ἱιι)

183 4356 342 4420 pauperes
363 4342 438 4402 suut
459 4335 503 4417 lu',
526 4337 616 4401 stulte
638 4341 771 4420 eperunt,
801 4339 877 4418 quies
898 4359 959 4403 uou
980 4347 1163 4424 copraeecuut

189 4427 275 4489 oium
296 4421 437 4502 Iebooae,
461 4423 613 4486 iudicium
635 4423 700 4488 Dei
720 4424 781 4487 eui.

275 4510 304 4573 5.
341 4508 401 4571 Ibo
428 4508 470 4572 ad
492 4509 652 4587 optimates
685 4507 738 4591 (ad
762 4527 907 4590 magnos,
937 4508 1160 4595 adverbum),

72 4665 75 4669 ,
189 4600 216 4661 et
238 4597 349 4676 loquar
371 4593 457 4675 opud
479 4612 546 4655 eos:
576 4594 652 4671 quic
678 4594 743 4672 ipsi
764 4596 947 4675 cepuoscuut
968 4595 1052 4657 uuus
1073 4593 1159 4660 Ieho-

188 4703 254 4764 oce,
284 4682 436 4746 iudicium
458 4678 524 4743 Dei
544 4678 606 4741 sui.
651 4677 751 4759 Atqui
775 4678 842 4756 ipsi
861 4677 1019 4759 fregerunt
1040 4680 1158 4762 lupum,

187 4773 340 4848 ruperunt
360 4765 494 4831 viuculo.

274 4938 368 5018 Quod
392 4935 525 5018 quidam
547 4932 736 4998 existimant
762 4931 952 5014 prophetam
983 4931 1035 4996 hic
1064 4954 1159 4998 excu-

1222 1517 1313 1601 gitia.
1357 1515 1480 1580 Eodem
1506 1523 1631 1598 spectat
1652 1536 1739 1580 nunc
1761 1514 1917 1579 Ieremias
1938 1533 2040 1596 quum
2065 1511 2154 1576 dicit
2176 1532 2212 1576 ec

1222 1603 1369 1686 cogdceee
1391 1614 1506 1669 tenues
1528 1621 1607 1680 esse,
1630 1602 1686 1683 qui
1709 1601 1755 1665 ita
1776 1608 1959 1683 peccarunt,
1989 1608 2023 1662 et
2045 1596 2211 1662 homines

1221 1688 1382 1765 obscuros,
1405 1708 1442 1752 ac
1465 1687 1588 1751 nullius
1610 1686 1724 1769 pretii:
1748 1686 1803 1751 sed
1827 1686 1860 1748 in
1882 1685 1960 1765 ipsis
1982 1703 2120 1765 quoque
2146 1683 2211 1746 du-

1221 1773 1312 1839 cibus
1334 1795 1370 1838 se
1391 1773 1550 1855 reperisse
1572 1771 1656 1855 quod
1682 1775 1716 1837 in
1739 1770 1840 1855 ιιιΙςο
1869 1768 2012 1853 ignobili.
2061 1768 2212 1832 Poterat

1221 1859 1410 1941 simpliciter
1432 1858 1547 1935 dicere,
1582 1856 1658 1922 Non
1681 1866 1810 1922 tantum
1838 1855 1955 1938 plebeii
1984 1863 2019 1918 et
2052 1855 2211 2004 gregarii

1221 1945 1377 2021 homines,
1399 1945 1455 2010 sed
1478 1946 1532 2027 qui
1555 1943 1719 2027 praecipui
1748 1951 1836 2022 sunt,
1866 1952 1899 2007 et
1926 1941 1982 2023 qui
2011 1937 2055 2004 de
2079 1949 2212 2004 nerant

1221 2030 1292 2096 aliia
1314 2031 1450 2113 praeire,
1473 2030 1521 2094 illi
1543 2031 1641 2094 etiam
1659 2040 1737 2093 sunt
1754 2028 1909 2110 corrupti.
1942 2025 2009 2091 Sed
2032 2025 2210 2090 efficacior

1220 2116 1317 2200 longe
1338 2128 1388 2180 eet
1409 2117 1472 2181 iata
1495 2116 1702 2197 comparatio,
1726 2134 1825 2196 quum
1846 2113 1932 2189 dicit,
1955 2112 2061 2176 Forte
2084 2111 2209 2175 miseri

1221 2202 1379 2283 homines,
1402 2202 1457 2284 qui
1480 2223 1544 2266 non
1567 2213 1679 2265 tenant
1703 2200 1809 2283 legem
1833 2199 1905 2275 Dei,
1934 2198 1980 2262 ita
2000 2209 2206 2279 peccarunt:

1221 2308 1326 2369 neque
1348 2288 1484 2353 mirum:
1512 2286 1568 2351 sed
1597 2287 1701 2351 maior
1723 2288 1756 2349 in
1779 2284 1860 2367 ipsis
1881 2281 2021 2348 ducibus
2052 2283 2209 2347 exstabit

1219 2373 1401 2456 integritas.
1446 2371 1556 2452 Quum
1581 2392 1658 2454 ergo
1687 2370 1846 2453 propheta
1874 2369 1921 2434 sic
1950 2367 2116 2450 loquitur,
2148 2366 2207 2431 ad·

1220 2458 1308 2525 ducit
1329 2459 1469 2524 lectores
1491 2459 1525 2521 in
1554 2479 1621 2522 rem
1652 2469 1866 2539 praesentem,
1895 2469 1926 2518 et
1955 2452 2107 2518 ostendit
2139 2474 2206 2517 non

1220 2553 1349 2609 tantum
1371 2543 1530 2627 quoslihet
1552 2562 1684 2625 paccare
1706 2543 1739 2606 in
1767 2542 1892 2625 populo,
1920 2539 1975 2603 sed
2006 2538 2205 2603 sacerdotes

1219 2640 1250 2694 et
1266 2630 1447 2714 prophetas,
1464 2642 1497 2695 et
1511 2631 1695 2711 quicunque
1709 2628 1883 2710 primatum
1899 2623 2068 2690 tenebant.
2101 2624 2206 2689 Patet

1217 2717 1320 2800 igitur
1349 2715 1520 2781 consilinm
1550 2713 1737 2797 prophetae.
1788 2711 1887 2791 Dicit,
1917 2709 1985 2794 Epo
2011 2702 2100 2792 diei,
2134 2729 2202 2774 non

1217 2802 1302 2885 quod
1335 2803 1380 2865 ita
1412 2800 1560 2866 senserit.
1613 2797 1754 2864 Videbat
1787 2800 1873 2862 enim
1905 2797 2014 2860 omnia
2045 2794 2098 2861 aia
2129 2815 2204 2860 esse

1217 2888 1389 2970 permixte,
1418 2896 1454 2952 ut
1476 2886 1578 2951 nihilo
1601 2884 1674 2969 plus
1703 2883 1902 2968 sperandum
1930 2891 2018 2946 esset
2041 2901 2061 2945 a
2087 2900 2203 2962 proce·

1216 2972 1315 3050 ribus,
1334 2993 1430 3055 quam
1450 2971 1601 3056 evulgo:
1626 2971 1688 3035 hoe
1705 2970 1786 3034 satis
1804 2979 2008 3051 perspectum
2028 2977 2107 3030 erat
2126 2985 2201 3048 pro·

1216 3059 1352 3141 phetae:
1387 3057 1443 3122 sed
1473 3055 1744 3139 quemadmodum
1773 3054 1851 3133 dixi,
1884 3052 1987 3119 voluit
2017 3051 2073 3115 hic
2104 3053 2202 3134 quasi

1216 3144 1276 3209 sub
1292 3145 1369 3208 viva
1391 3144 1518 3227 pictura
1534 3141 1703 3207 ostendere
1718 3161 1817 3223 quam
1840 3141 1959 3205 misera
1981 3146 2071 3202 esset
2095 3139 2201 3203 totius

1216 3229 1328 3312 populi
1349 3227 1501 3294 conditio.
1535 3228 1635 3306 Dicit,
1658 3226 1770 3291 Oerte:
1794 3237 1838 3311 Ὶιι
1859 3226 2002 3289 alfirmat
2017 3222 2110 3304 apud
2126 3223 2200 3288 He·

1215 3315 1346 3392 bracos,
1379 3313 1433 3377 vel
1463 3323 1511 3377 est
1540 3314 1749 3378 adversativa
1777 3311 1950 3393 particula,
1980 3318 2016 3373 ut
2045 3309 2199 3375 vidimus

1215 3399 1362 3482 proximo
1378 3420 1490 3464 versu:
1515 3398 1567 3464 hic
1586 3400 1717 3482 quidam
1736 3397 1897 3479 accipiunt
1915 3416 1975 3478 pro
1996 3378 2075 3470 bite,
2097 3395 2199 3460 forte:

1215 3497 1265 3551 est
1286 3485 1340 3549 hic
1361 3485 1431 3550 vice
1454 3485 1680 3551 concessionis.
1725 3482 1851 3548 Demus
1873 3481 1942 3558 hoe,
1965 3480 2093 3563 inquit:
2117 3490 2201 3545 snut

1214 3591 1385 3657 pauperes,
1408 3580 1486 3634 sunt
1508 3570 1656 3634 homines
1679 3568 1801 3634 nullius
1814 3568 1920 3650 pretii,
1943 3577 1975 3630 et
1990 3567 2091 3648 quasi
2106 3568 2200 3648 quis·

1215 3658 1343 3741 quiliae,
1363 3657 1419 3738 qui
1437 3656 1483 3720 ita
1501 3667 1652 3738 peceant:
1675 3675 1739 3719 non
1761 3653 1879 3718 mirum
1899 3662 1957 3731 eat,
1979 3655 2007 3716 si
2023 3653 2075 3716 ita
2093 3651 2200 3716 stulte

1214 3766 1250 3808 se
1272 3752 1397 3826 gerant,
1428 3743 1504 3824 quic
1526 3762 1586 3807 uou
1607 3745 1706 3806 teuetu
1726 3738 1812 3804 cium
1834 3738 1963 3804 Iebouac
1984 3742 2014 3801 et
2033 3737 2200 3803 iudicium

1214 3828 1279 3895 Dei
1306 3828 1368 3892 sui.
1419 3827 1492 3892 Lex
1524 3828 1653 3908 quidem
1687 3824 1839 3890 omnibus
1871 3823 2057 3908 promiscue
2088 3825 2200 3906 posita

1214 3916 1289 3978 fuit:
1317 3915 1365 3977 ita
1387 3912 1478 3976 nulla
1499 3923 1570 3975 erat
1592 3913 1626 3975 in
1649 3911 1743 3994 plebe
1765 3912 1945 3976 excusatio:
1975 3908 2030 3973 aed
2057 3910 2200 3974 morbus

1214 3998 1267 4064 hic
1290 4000 1356 4063 iere
1378 3994 1526 4061 omnibus
1549 3999 1685 4063 saeculis
1709 3999 1870 4080 regnavit,
1893 4005 1930 4060 ut
1950 3995 2047 4077 pauci
2072 3996 2199 4061 attenti

1215 4094 1324 4149 essent
1346 4080 1387 4146 ad
1410 4082 1491 4165 legis
1521 4080 1712 4160 doctrinam,
1742 4084 1894 4164 quoniam
1925 4100 2021 4145 nemo
2053 4091 2108 4145 est
2140 4081 2198 4162 qni

1215 4191 1282 4233 non
1305 4167 1441 4231 libenter
1462 4168 1577 4250 iugum
1605 4169 1757 4233 excutiat.
1803 4168 1925 4233 Putant
1947 4175 2061 4230 autem
2086 4165 2197 4230 homi·

1214 4275 1273 4319 nes
1307 4251 1449 4335 gregarii
1481 4250 1542 4315 sibi
1583 4253 1703 4334 aliquid
1744 4253 1961 4320 excusationis
2002 4260 2198 4334 suppetere,

1215 4338 1368 4421 quoniam
1391 4357 1457 4399 non
1480 4336 1575 4401 datur
1605 4339 1719 4416 otium,
1747 4362 1851 4422 neque
1877 4340 1976 4402 etiam
2006 4338 2083 4400 nati
2113 4346 2197 4401 sunt

1214 4424 1253 4487 ad
1276 4444 1329 4487 res
1351 4441 1495 4502 magnas.
1530 4422 1694 4505 Propheta
1708 4446 1786 4510 erga
1806 4425 1948 4506 loquitur
1962 4443 2004 4487 ex
2020 4423 2198 4487 eommuni

1214 4527 1319 4572 more:
1350 4507 1475 4569 interea
1497 4528 1560 4571 nen
1584 4520 1740 4575 extenuat
1762 4512 1902 4593 culpam,
1932 4508 2042 4590 siqui
2066 4509 2197 4574 vellent

1213 4593 1375 4657 inscitiam
1409 4590 1597 4671 obtendere,
1638 4597 1712 4676 quia
1746 4618 1809 4660 non
1844 4597 1976 4659 luerunt
2009 4593 2125 4660 edocti
2160 4595 2197 4658 in

1214 4677 1342 4743 scholis.
1378 4674 1471 4755 Nam,
1495 4686 1530 4740 ut
1546 4677 1667 4743 dictum
1688 4683 1756 4756 fuit,
1781 4677 1850 4746 siha
1871 4680 2066 4762 exceptione
2085 4680 2198 4764 legem

1213 4784 1304 4826 suam
1328 4760 1419 4823 Deua
1448 4762 1598 4842 prodesse
1626 4765 1729 4829 voluit
1756 4769 1814 4830 toti
1842 4766 1969 4848 populo.
2015 4764 2085 4829 Per
2106 4768 2198 4831 oium

1214 4848 1346 4910 Ieltooee
1367 4850 1395 4908 et
1411 4864 1471 4923 per
1490 4848 1641 4911 iudicium
1655 4849 1719 4913 Dei
1737 4852 1820 4916 idem
1837 4853 1999 4934 signifieat
2016 4853 2196 4934 propheta.

1213 4933 1276 4996 Est
1298 4929 1445 5010 repetitio
1467 4933 1546 4996 satis
1569 4936 1643 4997 trita
1665 4935 1834 5002 Hebraeis.
1868 4938 1951 5001 Nam
1971 4937 2067 5002 Deus
2091 4960 2198 5021 quum

188 5047 263 5090 aare
287 5024 441 5106 populum
464 5042 569 5098 suum,
595 5029 627 5083 et
648 5017 776 5098 eulpam
801 5028 978 5080 extenuare
1001 5029 1158 5098 quantum
1213 5014 1360 5098 regulam
1385 5015 1515 5079 vivendi
1538 5019 1631 5081 nebia
1654 5024 1853 5101 praescribit,
1876 5022 2011 5105 perinde
2028 5037 2083 5089 est
2104 5046 2146 5090 ac
2170 5025 2198 5088 si

188 5120 304 5193 potest,
329 5114 362 5174 in
385 5129 423 5173 eo
446 5108 544 5190 longe
567 5105 735 5169 falluntur.
780 5103 893 5183 Neque
915 5103 1003 5164 enim
1026 5102 1157 5166 dubium
1214 5103 1300 5164 viam
1328 5098 1418 5164 nobis
1447 5109 1651 5166 monstraret.
1703 5107 1780 5170 Vita
1810 5111 1896 5172 enim
1928 5121 2041 5172 nestra
2074 5111 2200 5176 similis

188 5206 246 5275 est,
269 5196 345 5277 quin
370 5195 431 5259 hac
462 5191 703 5274 comparatione
733 5188 852 5252 clarius
882 5186 1032 5250 ostendat
1061 5208 1159 5268 quam
1214 5196 1264 5249 eat
1286 5184 1400 5247 cursui.
1447 5187 1535 5249 Deus
1559 5201 1666 5251 autem
1690 5213 1753 5255 non
1777 5194 1846 5258 vult
1869 5215 1927 5258 nos
1951 5195 2095 5262 fortuito
2119 5218 2199 5263 cur·

149 5277 154 5287 ’
187 5282 333 5365 perditae
356 5301 407 5345 res
431 5291 508 5344 tunc
532 5280 663 5342 luerint.
710 5272 848 5341 Summa
875 5273 976 5354 igitur
1006 5281 1063 5350 est,
1093 5295 1160 5335 non
1214 5291 1294 5346 rere,
1323 5269 1379 5333 sed
1409 5291 1540 5352 scopum
1573 5274 1666 5339 nobis
1700 5280 1861 5360 proponit.
1905 5279 2040 5346 Deinde
2077 5284 2201 5370 dirigit
