4784 5970
194 349 257 415 359
1063 350 1112 416 IN
1134 348 1299 417 ISAIAM
2113 346 2176 414 ³60

193 547 306 605 ustum
326 547 375 602 est
392 536 503 618 altare,
522 548 554 599 et
571 537 751 600 offeruntur
768 537 935 618 sacrificia,
955 547 992 601 ut
1009 537 1158 603 homines
1208 538 1381 602 illuminati
1404 559 1577 621 agnoscere
1600 538 1760 622 incipiunt
1782 546 1907 602 coetum
1927 557 2035 611 suum,
2057 556 2124 618 quo
2141 558 2173 602 se

193 624 301 690 Deum
325 623 385 687 sihi
408 622 583 704 propitium
603 642 640 686 ac
659 623 820 686 laventem
841 622 995 687 habeant:
1019 632 1051 687 et
1065 622 1156 687 Deus
1209 622 1425 689 abhorrenda
1444 623 1650 705 dissipatione
1668 624 1835 706 recipiant.
1864 622 1972 702 Quam
1992 624 2173 687 necessaria

193 713 290 777 etiam
314 710 407 773 iuxta
428 729 517 771 suam
541 708 790 790 promissionem
819 709 977 773 sacrificia
999 728 1039 772 ex
1063 708 1155 772 altari
1207 709 1306 773 fuerit
1339 710 1418 774 haec
1450 710 1600 792 monitio,
1638 709 1730 774 taeile
1762 716 1940 774 anoscent
1972 728 2087 773 omnes
2120 713 2172 790 qui

193 818 251 861 suo
273 805 365 879 grata
395 792 500 858 habet.
532 789 627 857 'Nam
652 804 731 859 tunc
757 793 858 857 altare
880 794 921 859 ad
945 793 1155 858 obtinendum
1208 803 1328 859 statum
1357 795 1445 858 illius
1474 797 1628 877 temporis
1658 730 1856 859 horrendum
1878 814 1915 859 aa
1938 794 2094 858 miserum
2123 815 2171 858 re·

192 883 255 948 Dei
285 881 428 945 favorem
459 898 605 943 accessus
628 888 707 943 erat.
752 879 829 943 Tria
851 878 904 944 hic
927 879 1078 944 distincte
1101 901 1156 943 ex·
1208 879 1377 961 putabunt.
1413 879 1497 944 Nam
1521 882 1547 943 si
1571 879 1750 963 prophetae
1773 890 1819 944 tot
1841 880 1936 945 annis
1956 878 2076 962 quibus
2098 883 2173 946 assi·

191 968 303 1050 primit
341 963 505 1047 propheta.
568 965 716 1028 Primum
757 965 842 1028 enim
883 964 959 1032 dum
999 963 1157 1044 sacrificia
1208 963 1270 1030 due
1292 966 1478 1030 institerant
1501 965 1637 1044 Iudaeis,
1671 966 1754 1031 nihil
1776 975 1832 1029 aut
1854 985 1969 1048 parum
1997 964 2171 1030 admodum

192 1053 367 1118 ascendere
400 1050 496 1126 dixit,
530 1050 639 1114 allusit
668 1050 708 1114 ad
739 1063 880 1114 veterem
911 1052 1155 1125 caeremoniam,
1207 1051 1334 1115 efficere
1356 1057 1543 1133 potuerunt,
1566 1052 1642 1132 quid
1661 1051 1856 1132 sperandum
1877 1064 1947 1115 erat
1964 1049 2006 1114 de
2023 1052 2172 1134 gentibus

193 1158 255 1221 qua
280 1137 357 1201 olim
379 1138 411 1200 iu
436 1137 599 1200 sacrificiis
628 1135 810 1200 utebantur.
855 1136 941 1200 Nam
964 1135 1157 1200 attollebant
1207 1138 1335 1217 penitus
1358 1157 1377 1199 a
1400 1135 1470 1201 Deo
1493 1135 1631 1201 alienis?
1661 1137 1780 1201 Annon
1802 1145 1873 1201 erat
1894 1135 2092 1217 paradoxon,
2118 1157 2171 1202 eas

192 1224 357 1289 victimas:
387 1242 449 1303 quo
473 1221 698 1304 significabant
727 1221 898 1305 erigendos
919 1242 989 1286 esse
1011 1222 1155 1285 omnium
1207 1221 1382 1304 aliquando
1410 1221 1444 1286 in
1473 1221 1640 1287 ecelesiam
1672 1220 1850 1288 venturas?
1884 1220 1958 1286 Non
1985 1232 2036 1286 eet
2063 1232 2170 1286 tamen

192 1311 331 1386 animos,
362 1328 403 1370 ne
428 1309 461 1370 in
490 1318 577 1370 terra
603 1307 659 1369 fixi
690 1308 879 1388 haererent,
913 1318 969 1372 aut
993 1308 1154 1370 victimam
1208 1306 1414 1389 hyperbolice
1443 1306 1597 1390 loquutus
1623 1308 1799 1391 propheta:
1829 1306 1885 1371 sed
1907 1307 1953 1370 its
1974 1306 2171 1389 obstupescit

191 1393 392 1458 solummodo
421 1403 612 1473 spectarent.
657 1392 787 1456 Deinde
816 1413 855 1456 ea
876 1393 1032 1458 sacrificia
1062 1404 1155 1474 grata
1207 1398 1244 1455 ut
1266 1412 1324 1455 nos
1347 1393 1444 1455 etiam
1467 1394 1498 1456 iu
1523 1391 1658 1457 eandem
1682 1392 1930 1458 admirationem
1953 1391 2103 1458 adducat.

191 1480 290 1544 tuisse
323 1478 410 1551 Deo,
451 1486 487 1540 ut
522 1499 540 1540 a
577 1478 720 1559 profanis
759 1476 973 1542 oblationibus
1009 1478 1153 1560 gentium
1292 1477 1320 1541 9.
1350 1475 1419 1560 (Me
1440 1484 1518 1543 certe
1538 1476 1685 1564 anuas.)
1729 1479 1906 1560 Postquam
1929 1476 2034 1542 Isaiae
2055 1477 2170 1559 quibus

191 1565 444 1646 distinguantur,
467 1583 547 1643 quae
570 1563 724 1626 carebant
745 1563 818 1627 fide.
852 1563 970 1643 Tertio,
992 1564 1025 1627 in
1044 1562 1153 1626 altari:
1206 1562 1312 1645 potuit
1334 1563 1448 1645 elogiis
1465 1564 1593 1647 insigne
1612 1564 1692 1628 illud
1711 1563 1956 1629 instaurationis
1978 1562 2170 1629 beneficium

100 1700 104 1707 .
190 1650 274 1734 quod
297 1649 401 1714 solum
424 1646 601 1711 oblationes
623 1648 825 1712 sanctificare
844 1659 958 1728 potest.
990 1647 1154 1731 Quidquid
1207 1649 1335 1725 extulit,
1357 1647 1464 1713 Deum
1483 1650 1589 1731 ipsum
1608 1650 1783 1714 introducit
1800 1649 1994 1731 loquentem,
2017 1669 2082 1730 quo
2101 1649 2171 1733 plus

190 1737 276 1801 enim
300 1744 394 1798 extra
416 1734 523 1816 ipsum
554 1733 749 1798 offerebatur
771 1735 932 1815 impurum
956 1755 993 1799 ac
1015 1734 1154 1798 detesta-
1207 1734 1391 1798 autoritatis
1408 1734 1524 1799 habeat
1539 1735 1651 1799 oratio.
1675 1734 1943 1816 Exspectats'onem
1956 1734 2010 1799 hic
2023 1734 2171 1801 nonnulli

191 1821 254 1884 bile
277 1826 357 1884 erat.
402 1817 573 1882 (laetorum
597 1818 676 1883 haec
704 1821 809 1901 figura
837 1839 896 1883 nos
919 1819 957 1882 ad
981 1820 1154 1883 veritatem
1207 1819 1369 1901 accipiunt
1391 1839 1449 1900 pro
1471 1817 1638 1896 desiderio,
1662 1840 1699 1884 ac
1721 1822 1748 1884 si
1771 1820 1900 1897 diceret,
1923 1819 1985 1885 hoc
2009 1819 2081 1884 ideo
2103 1821 2170 1885 lieri

191 1907 308 1971 ducere
331 1904 435 1968 debet.
480 1903 631 1968 Christus
654 1905 740 1968 enim
764 1915 812 1968 est
834 1904 935 1969 altare
959 1906 1030 1989 Dei,
1057 1915 1154 1986 atque
1207 1906 1290 1987 quod
1322 1906 1561 1969 transmarinae
1590 1915 1718 1989 gentes,
1748 1905 1838 1970 velut
1865 1905 2034 1970 famelicae
2065 1906 2170 1988 ipsum

190 1992 313 2074 inipso
334 1988 544 2064 offerendum,
567 1990 594 2052 si
614 1989 762 2055 victimas
780 1999 906 2054 nostras
921 1988 992 2055 Deo
1009 2002 1154 2072 acceptas
1206 2000 1369 2072 appetent,
1391 1991 1467 2071 quia
1489 1992 1632 2055 sentient
1653 2010 1688 2055 se
1710 1990 1815 2055 salute
1837 1999 1870 2054 et
1889 1990 1961 2055 vita
1982 2012 2054 2056 esse
2075 1990 2172 2056 desti

191 2099 261 2142 esse
280 2075 426 2139 velimus.
460 2074 560 2138 Porro
579 2074 638 2138 sub
658 2074 770 2157 templi
793 2075 1025 2158 glorificatione
1046 2096 1154 2140 varam
1206 2086 1303 2140 tutas.
1350 2075 1415 2139 Alii
1437 2076 1628 2158 simpliciter
1650 2077 1814 2158 accipiunt
1838 2096 1897 2158 pro
1919 2095 2062 2158 sperare.
2106 2076 2171 2142 Sed

189 2162 301 2244 populi
332 2161 598 2225 instaurationem
631 2158 783 2225 declarat.
826 2160 919 2225 Haec
948 2161 1034 2224 enim
1063 2182 1153 2242 prae·
1206 2158 1369 2225 interdum
1403 2181 1530 2243 quoque
1563 2162 1725 2244 significat
1756 2160 1940 2226 observare.
1990 2166 2100 2244 Atque
2128 2163 2172 2227 ita

190 2249 285 2328 cipua
307 2246 471 2311 felicitatis
495 2267 569 2327 pars
592 2256 663 2310 erat
682 2256 718 2310 ut
735 2255 836 2310 staret
859 2245 1015 2327 templum
1039 2246 1073 2309 in
1092 2266 1155 2329 quo
1206 2255 1342 2327 usurpat
1375 2244 1483 2310 David
1519 2246 1606 2311 Psal.
1637 2247 1678 2312 56
1711 2246 1755 2331 (v.
1784 2244 1817 2331 7)
1851 2247 1947 2329 impii
1980 2255 2172 2330 exspectant

191 2334 282 2400 Deus
306 2353 384 2413 pure
407 2332 621 2396 invocaretur.
666 2332 750 2396 Nam
774 2331 905 2395 initium
937 2331 1014 2395 hinc
1035 2331 1152 2395 facien·
1206 2331 1350 2396 animam
1372 2353 1492 2395 meam:
1516 2332 1626 2406 idest,
1652 2334 1846 2396 vitaemaae
1867 2332 2003 2397 insidias
2024 2333 2172 2397 tendunt.

191 2421 267 2482 dum
291 2427 398 2482 estut
421 2416 512 2480 Deus
536 2418 621 2479 inter
645 2428 853 2501 nosregnet.
884 2436 947 2498 quo
970 2436 1046 2480 vere
1069 2417 1154 2482 beati
1206 2416 1245 2479 In
1268 2437 1334 2499 qua
1357 2417 1592 2499 significatione
1620 2418 1682 2483 hoe
1712 2417 1781 2481 loco
1810 2417 1911 2500 accipi
1944 2427 2062 2500 potest.
2106 2417 2171 2483 Ex·

191 2506 300 2568 simus.
353 2503 532 2584 Propterea
560 2500 739 2578 Dominus,
795 2522 873 2566 uum
906 2502 1070 2567 ecclesiam
1104 2504 1154 2566 in·
1206 2502 1415 2585 spectabunt,
1456 2501 1488 2564 id
1525 2511 1590 2577 est,
1630 2501 1852 2568 observabunt
1890 2512 2007 2566 nutum
2047 2523 2173 2568 meum:

190 2597 372 2653 stauratum
405 2587 448 2651 iri
480 2588 659 2669 significat,
691 2523 804 2669 templi
836 2587 1034 2652 mentionem
1068 2588 1153 2667 facit,
1206 2587 1474 2670 quemadmodum
1513 2589 1598 2653 servi
1633 2609 1653 2651 a
1686 2588 1820 2653 Domini
1859 2588 1992 2653 arbitrio
2032 2589 2173 2670 paudere

191 2673 276 2757 quod
304 2674 373 2737 eius
396 2672 531 2757 gloriam
562 2674 728 2737 restituet:
761 2674 847 2738 acsi
870 2672 1006 2750 diceret,
1041 2672 1154 2737 domus
1206 2673 1322 2738 solent.
1366 2672 1476 2738 Nolite
1502 2694 1580 2756 ergo
1610 2673 1730 2750 mirari,
1763 2672 1847 2755 quod
1877 2682 1943 2737 tam
1974 2672 2070 2737 multi
2098 2693 2174 2738 oon·

189 2780 262 2824 mea
284 2781 370 2824 nunc
392 2756 531 2823 ludibrio
560 2759 704 2842 gentium
735 2761 880 2840 exposita
909 2767 972 2838 est,
1005 2758 1060 2823 sed
1084 2760 1153 2840 glo·
1205 2759 1308 2822 fluent
1340 2759 1373 2822 in
1406 2758 1588 2823 eeclesiam:
1626 2759 1776 2841 quoniam
1812 2759 1937 2823 insulae
1970 2778 2054 2841 quae
2088 2780 2173 2825 nuuc

189 2847 271 2909 riam
295 2842 443 2926 tandem,
472 2863 535 2926 qua
557 2866 645 2909 nuno
667 2843 804 2925 spoliata
825 2855 891 2924 est,
920 2845 950 2908 ei
972 2844 1152 2908 restituam.
1205 2844 1322 2927 partim
1347 2865 1398 2909 me
1417 2853 1639 2923 contemnunt,
1662 2844 1782 2927 partim
1805 2854 2004 2927 oppugnant,
2027 2845 2076 2911 sic
2093 2845 2172 2910 mihi

189 2931 336 3013 Apparet
364 2939 472 2993 autem
503 2949 545 2991 cx
572 2928 738 3006 Zacharia,
770 2932 902 3012 Aggaeo
933 2939 965 2993 et
992 2929 1153 2994 Malachia
1206 2937 1350 2993 attentae
1372 2935 1470 2994 erunt
1490 2937 1527 2993 ut
1543 2927 1698 3013 quidquid
1720 2929 1919 2994 mandavero
1941 2939 2172 3013 exsequantur.

190 3037 256 3078 non
280 3016 390 3078 statim
413 3036 432 3078 a
455 3014 563 3096 populi
595 3014 699 3078 reditu
731 3013 792 3080 hoe
821 3014 920 3080 tuisse
949 3015 1152 3098 completum.
1206 3013 1250 3078 Et
1277 3023 1364 3079 certe
1393 3036 1434 3078 ex
1462 3014 1587 3096 reliquo
1617 3036 1712 3080 versu
1744 3019 1833 3097 patet
1863 3015 1902 3079 de
1931 3014 1989 3079 tali
2019 3014 2173 3099 obsequio

190 3099 259 3164 Nec
292 3120 368 3163 vero
401 3100 435 3163 in
469 3108 656 3179 sumptuosa
688 3098 744 3163 illa
777 3099 877 3175 mole,
911 3119 975 3181 qua
1004 3100 1153 3164 Herodes
1206 3120 1294 3165 nunc
1316 3100 1377 3182 agi.

191 3194 297 3248 astute
327 3187 470 3248 savorem
494 3183 554 3247 sibi
577 3184 740 3266 acquirere
763 3183 881 3262 voluit,
910 3205 1020 3248 veram
1049 3183 1154 3268 digni·
1291 3182 1413 3269 (Navae
1441 3184 1583 3270 tharsis.)
1626 3185 1704 3263 Hic,
1735 3186 1761 3248 si
1785 3186 1838 3250 cui
1861 3185 1998 3268 placeat,
2028 3186 2172 3269 suppleri

190 3278 290 3333 tatem
327 3271 427 3334 tuisse
466 3268 645 3349 putandum
686 3278 755 3333 est:
800 3267 934 3351 ideoque
974 3290 1037 3333 non
1078 3279 1154 3335 aute
1206 3277 1311 3351 potest
1335 3269 1492 3350 particula
1513 3269 1735 3335 similitudinis
1760 3285 1797 3338 3:
1831 3271 1891 3336 hoc
1913 3290 2030 3351 seusu,
2061 3293 2172 3355 quam·

190 3356 323 3420 emersit
352 3355 493 3439 dignitas
522 3367 579 3418 aut
609 3354 721 3431 decus,
755 3354 847 3420 cuius
876 3355 911 3418 lit
941 3353 994 3419 hic
1021 3355 1153 3435 mentio,
1206 3353 1376 3418 admodum
1406 3376 1506 3418 naves
1529 3355 1664 3420 Tharais
1696 3355 1773 3420 olim
1803 3357 2029 3422 commeabant
2058 3358 2093 3422 in
2118 3357 2172 3423 Iu·

189 3462 285 3524 quum
319 3442 374 3507 ubi
408 3441 538 3505 ianuam
571 3439 735 3507 coelorum
770 3438 991 3522 lerosolymae
1027 3441 1153 3522 aperuit
1206 3441 1328 3517 daeam,
1356 3447 1453 3522 atque
1475 3440 1679 3505 advehebant
1702 3460 1754 3506 res
1776 3441 1817 3505 ad
1838 3440 1951 3523 templi
1972 3451 2172 3508 structuram

189 3526 290 3602 Deus,
313 3537 346 3591 et
364 3526 440 3591 inde
460 3526 566 3608 palam
589 3526 717 3591 vocavit
740 3545 853 3591 omnes
875 3532 988 3609 gentes
1006 3525 1045 3590 ad
1064 3546 1151 3607 spem
1205 3535 1237 3590 et
1261 3546 1353 3590 usum
1377 3525 1544 3589 hominum
1568 3527 1775 3605 necessarias,
1805 3528 1851 3591 ita
1872 3526 2018 3592 futurum
2042 3536 2081 3594 ut
2101 3549 2171 3594 rur·

189 3623 340 3676 aeternae
362 3613 485 3677 salutis.
1205 3631 1261 3675 sus
1283 3620 1473 3687 commeent,
1496 3621 1595 3693 atque
1616 3611 1754 3694 abrupta
1774 3611 1831 3677 illa
1854 3612 2020 3696 navigatio
2042 3633 2171 3680 sumum

275 3697 304 3761 8.
339 3697 416 3782 (Qut
444 3702 515 3761 esunt
541 3696 617 3780 isti.)
661 3696 824 3775 Quoniam
853 3696 1011 3779 propheta
1040 3695 1073 3758 iu
1097 3717 1153 3759 ex·
1205 3716 1300 3761 suum
1324 3704 1504 3779 recuperet.
1538 3697 1604 3761 Per
1622 3695 1764 3777 Tharais,
1785 3696 1818 3762 id
1839 3708 1889 3762 est
1906 3696 2066 3775 Ciliciam,
2089 3719 2171 3782 quae

192 3783 360 3863 primendo
392 3782 452 3846 hoc
488 3783 547 3846 Dei
584 3782 737 3845 beneficio
773 3781 834 3846 sibi
870 3780 1055 3847 satisfacere
1088 3801 1153 3844 non
1205 3781 1352 3863 opposita
1373 3792 1445 3846 erat
1461 3781 1602 3857 ludaeis,
1626 3782 1861 3868 συνεκδοχικῶς
1882 3781 2038 3868 intelligit
2060 3805 2172 3850 ornnes

191 3878 314 3949 potest,
347 3869 469 3948 ipsein
494 3866 738 3929 admirationem
771 3877 882 3948 raptus
911 3866 1071 3932 exclamat
1099 3867 1155 3947 qai
1206 3867 1431 3950 navigationes
1453 3878 1485 3932 et
1507 3868 1700 3934 commercia
1722 3889 1805 3952 quae
1827 3890 1900 3935 cum
1923 3869 2047 3935 exteris
2069 3871 2172 3935 natio·

191 3962 269 4016 sunt
290 3952 365 4018 isti?
398 3955 458 4017 hoc
481 3953 565 4016 euim
591 3952 693 4014 multo
715 3951 788 4034 plus
812 3952 909 4017 habet
928 3951 1154 4018 vehementiae
1205 3951 1300 4016 uibus
1321 3953 1567 4018 exercebantur.
1597 3954 1710 4019 Potest
1728 3955 1824 4018 etiam
1847 3953 2038 4036 simpliciter
2060 3957 2169 4039 accipi.

192 4059 288 4120 quam
329 4040 355 4101 si
396 4037 585 4120 simpliciter
624 4036 760 4100 dixisset
799 4036 952 4102 advolare
990 4038 1152 4101 infinitum
1204 4057 1304 4101 naves
1327 4036 1470 4112 Tharais,
1494 4058 1575 4119 quae
1598 4060 1686 4104 nunc
1708 4039 1845 4120 superbe
1868 4038 2053 4122 despiciunt
2073 4041 2171 4108 eccla·

190 4123 446 4187 multitudinem:
471 4122 648 4203 iisdemque
671 4121 939 4188 similitudinibus
958 4123 1055 4187 etiam
1075 4142 1154 4186 usus
1203 4122 1285 4187 siam
1316 4141 1435 4200 meam,
1469 4122 1603 4205 imperio
1636 4144 1708 4189 mco
1740 4124 1966 4202 subiicientur,
1999 4137 2100 4209 atque
2130 4126 2170 4192 ad

191 4219 284 4274 esset.
325 4209 459 4272 Plenius
482 4230 558 4292 ergo
580 4208 763 4288 exprimere
786 4207 889 4272 voluit
910 4229 1006 4290 quam
1028 4208 1153 4290 magni·
1204 4208 1306 4289 ipsam
1351 4207 1436 4272 filios
1480 4229 1498 4272 e
1538 4207 1726 4292 longinquis
1770 4209 1956 4293 regionibus
1998 4211 2169 4279 adducent

190 4299 251 4361 fica
274 4296 355 4357 toret
381 4294 443 4357 ista
474 4294 671 4376 propagatio,
703 4312 801 4374 quum
826 4293 926 4357 verba
948 4315 1012 4357 non
1035 4292 1153 4373 repetit
1204 4295 1332 4357 Aurum
1359 4311 1427 4356 acm
1448 4292 1538 4372 speia.
1582 4292 1705 4358 Iterum
1730 4295 1849 4377 repetit
1869 4294 1956 4376 quod
1979 4306 2078 4361 antea
2098 4296 2169 4362 dix·

189 4381 306 4463 quibus
339 4400 408 4443 rem
438 4381 538 4460 ipsam
573 4387 722 4459 exponat.
775 4378 883 4443 Instar
913 4378 1005 4442 sabis
1037 4378 1152 4442 uoluat.
1204 4388 1287 4456 erat,
1315 4378 1361 4441 sio
1385 4388 1540 4442 venturas
1562 4388 1677 4462 gentes
1699 4380 1732 4443 in
1755 4380 1945 4463 obsequium
1967 4380 2046 4464 Dei,
2076 4391 2115 4447 ut
2136 4403 2170 4448 se

190 4467 254 4532 Hie
278 4465 439 4547 apostolos
468 4464 573 4527 notari
600 4474 728 4544 putant,
757 4464 810 4546 qui
834 4462 1013 4527 incredibili
1043 4462 1152 4526 celeri·
1204 4474 1237 4527 et
1257 4482 1318 4528 sua
1340 4462 1449 4525 omnia
1475 4463 1536 4546 ipsi
1565 4464 1712 4529 offerant.
1756 4464 1911 4547 Papistici
1941 4465 2105 4550 doetores,
2134 4475 2169 4532 ut

190 4562 256 4616 tate
279 4571 382 4633 usquc
405 4549 444 4613 ad
468 4549 599 4612 ultimos
621 4550 703 4612 fines
725 4547 839 4611 mundi
863 4557 1091 4629 penetrarunt:
1120 4553 1153 4610 et
1204 4568 1309 4630 nuper
1330 4548 1435 4629 attigi,
1457 4569 1614 4613 summam
1637 4550 1870 4633 impudentiam
1894 4549 2049 4632 produnt,
2071 4573 2168 4636 quum

188 4637 337 4701 nonnihil
366 4635 480 4701 coloris
503 4633 599 4698 habet
622 4633 778 4698 eiusmodi
807 4633 1042 4716 interpretatio.
1087 4630 1151 4698 Sed
1204 4633 1254 4698 his
1277 4633 1470 4698 testimoniis
1499 4634 1680 4700 abutuntur
1702 4634 1742 4700 ad
1765 4636 1903 4701 tuendas
1925 4637 2118 4720 tyrannicas
2138 4646 2169 4704 et

188 4723 347 4806 propheta
363 4721 504 4802 loquitur
520 4717 558 4781 de
575 4719 726 4783 universa
741 4718 894 4784 ecelesiae
909 4718 1153 4801 aggregatione:
1203 4718 1379 4782 theatrales
1410 4739 1541 4800 pompas
1568 4716 1683 4802 quibus
1705 4720 1930 4787 Antichristus
1958 4742 2117 4788 romanus
2137 4733 2168 4787 ct

188 4809 264 4891 quia
277 4807 481 4889 undiquaque
491 4805 635 4868 homiues
647 4825 784 4888 propere
797 4814 828 4868 et
839 4803 988 4868 alacriter
1001 4804 1039 4866 ed
1050 4804 1152 4885 ipsam
1202 4805 1272 4868 eius
1302 4804 1442 4868 asseclae
1472 4805 1642 4885 perlucent
1670 4816 1703 4870 et
1732 4807 1894 4889 conspicui
1925 4806 2017 4871 reddi
2047 4808 2167 4874 volunt.

188 4904 368 4960 accurrant.
413 4891 640 4957 columbarum
666 4890 843 4954 similitudo
867 4909 930 4970 qua
952 4888 1056 4952 utitur
1078 4889 1153 4953 huic
1203 4888 1312 4968 Quum
1336 4890 1472 4952 affluant
1493 4889 1573 4954 luxu
1597 4912 1740 4975 auroque
1762 4904 1794 4956 et
1816 4893 1954 4975 gemmis
1977 4894 2116 4974 niteant,
2137 4905 2169 4959 et

187 4981 235 5044 rei
258 4979 425 5062 aptissima
442 4987 501 5042 est.
534 4976 617 5039 Nam
638 4995 737 5056 quum
761 4978 792 5037 in
813 4976 900 5058 agris
923 4994 1053 5054 sparsae
1076 4986 1152 5036 sunt
1203 4974 1383 5038 meretricio
1405 4975 1495 5038 cultu
1519 4996 1588 5039 sese
1606 4987 1732 5057 ornent,
1755 4998 1820 5040 non
1839 4977 1941 5059 pudet
1961 4979 2050 5061 ipsos
2073 4979 2168 5044 huius

187 5065 271 5129 nihil
295 5087 314 5129 a
336 5064 411 5128 laris
435 5061 547 5128 avibus
576 5060 705 5124 differre
728 5060 898 5123 videntur:
932 5067 1009 5124 sunt
1042 5068 1151 5122 tamen
1203 5059 1366 5140 nequitiae
1388 5059 1538 5141 spiritum
1561 5071 1707 5125 sanctum
1731 5071 1875 5128 autorem
1895 5064 2012 5129 tacere:
2038 5073 2075 5128 ut
2093 5086 2167 5148 quo

188 5150 390 5228 domesticae,
419 5157 450 5213 et
478 5147 711 5212 columbarium
742 5166 837 5208 suum
868 5145 988 5210 habeut
1010 5146 1043 5207 in
1068 5144 1149 5225 quod
1204 5145 1264 5208 lies
1298 5145 1369 5208 auri
1402 5153 1435 5208 et
1467 5147 1593 5228 argenti
1631 5148 1753 5212 mentio
1789 5150 1826 5213 fit
1858 5149 1891 5212 iu
1927 5149 2094 5231 prophetis
2128 5149 2167 5215 ad

187 5259 222 5302 se
244 5235 422 5317 recipiunt,
452 5242 547 5316 atque
576 5233 610 5296 in
634 5252 670 5295 eo
694 5230 892 5295 nidulantur.
937 5229 988 5293 Ita
1015 5230 1062 5311 pii
1088 5229 1151 5294 fido
1202 5229 1316 5293 luxum
1340 5251 1433 5295 suum
1452 5229 1484 5293 id
1504 5231 1708 5298 transferant.
1740 5233 1779 5297 In
1799 5233 1859 5300 hoc
1877 5245 1964 5300 certe
1986 5236 2168 5318 persimiles
