<?xml version="1.0" encoding="UTF-8"?>
<!DOCTYPE html PUBLIC "-//W3C//DTD XHTML 1.0 Transitional//EN"
    "http://www.w3.org/TR/xhtml1/DTD/xhtml1-transitional.dtd">
<html xmlns="http://www.w3.org/1999/xhtml" xml:lang="en" lang="en">
 <head>
  <title>
</title>
<meta http-equiv="Content-Type" content="text/html;charset=utf-8" />
  <meta name='ocr-system' content='tesseract 3.04.00' />
  <meta name='ocr-capabilities' content='ocr_page ocr_carea ocr_par ocr_line ocrx_word'/>
</head>
<body>
  <div class='ocr_page' id='page_1' title='image "./corpusreformato04melagoog_0341.png"; bbox 0 0 4784 5970; ppageno 0'>
   <div class='ocr_carea' id='block_1_1' title="bbox 192 345 2202 436">
    <p class='ocr_par' dir='ltr' id='par_1_1' title="bbox 192 345 2202 436">
     <span class='ocr_line' id='line_1_1' title="bbox 192 345 2202 436; baseline 0 -23"><span class='ocrx_word' id='word_1_1' title='bbox 192 352 252 417; x_wconf 79' lang='lat'><strong>651</strong></span> <span class='ocrx_word' id='word_1_2' title='bbox 995 345 1381 416; x_wconf 77' lang='lat' dir='ltr'><strong>PRAELIIOTIONIIS</strong></span> <span class='ocrx_word' id='word_1_3' title='bbox 1720 432 1722 436; x_wconf 17' lang='grc' dir='ltr'><strong><em>ι</em></strong></span> <span class='ocrx_word' id='word_1_4' title='bbox 2138 349 2202 414; x_wconf 79' lang='lat'><strong>652</strong></span> 
     </span>
    </p>
   </div>
   <div class='ocr_carea' id='block_1_2' title="bbox 187 536 2214 5243">
    <p class='ocr_par' dir='ltr' id='par_1_2' title="bbox 187 536 2214 5243">
     <span class='ocr_line' id='line_1_2' title="bbox 188 536 2203 622; baseline -0.001 -16"><span class='ocrx_word' id='word_1_5' title='bbox 188 565 221 607; x_wconf 86' lang='lat' dir='ltr'><strong>ee</strong></span> <span class='ocrx_word' id='word_1_6' title='bbox 246 564 311 605; x_wconf 93' lang='lat' dir='ltr'><strong>non</strong></span> <span class='ocrx_word' id='word_1_7' title='bbox 334 552 429 618; x_wconf 87' lang='lat' dir='ltr'><strong>stare,</strong></span> <span class='ocrx_word' id='word_1_8' title='bbox 460 550 616 622; x_wconf 89' lang='lat' dir='ltr'><strong>quantum</strong></span> <span class='ocrx_word' id='word_1_9' title='bbox 639 537 678 600; x_wconf 86' lang='lat' dir='ltr'><strong>ad</strong></span> <span class='ocrx_word' id='word_1_10' title='bbox 703 536 881 603; x_wconf 82' lang='lat' dir='ltr'><strong>doctrinam</strong></span> <span class='ocrx_word' id='word_1_11' title='bbox 910 548 1044 619; x_wconf 85' lang='lat' dir='ltr'><strong>spectat,</strong></span> <span class='ocrx_word' id='word_1_12' title='bbox 1078 558 1159 619; x_wconf 91' lang='lat' dir='ltr'><strong>qno·</strong></span> <span class='ocrx_word' id='word_1_13' title='bbox 1211 537 1327 614; x_wconf 90' lang='lat' dir='ltr'><strong>cordis,</strong></span> <span class='ocrx_word' id='word_1_14' title='bbox 1361 550 1394 602; x_wconf 90' lang='lat' dir='ltr'><strong>et</strong></span> <span class='ocrx_word' id='word_1_15' title='bbox 1423 538 1630 621; x_wconf 89' lang='lat' dir='ltr'><strong>praeputium</strong></span> <span class='ocrx_word' id='word_1_16' title='bbox 1660 540 1807 604; x_wconf 90' lang='lat' dir='ltr'><strong>aurium:</strong></span> <span class='ocrx_word' id='word_1_17' title='bbox 1841 538 1908 606; x_wconf 87' lang='lat' dir='ltr'><strong>Vos</strong></span> <span class='ocrx_word' id='word_1_18' title='bbox 1937 540 2021 606; x_wconf 84' lang='lat' dir='ltr'><strong>estis</strong></span> <span class='ocrx_word' id='word_1_19' title='bbox 2052 537 2203 621; x_wconf 86' lang='lat' dir='ltr'><strong>populus</strong></span> 
     </span>
     <span class='ocr_line' id='line_1_3' title="bbox 188 621 2202 706; baseline -0.001 -14"><span class='ocrx_word' id='word_1_20' title='bbox 188 628 298 692; x_wconf 91' lang='lat' dir='ltr'><strong>minus</strong></span> <span class='ocrx_word' id='word_1_21' title='bbox 321 626 586 691; x_wconf 90' lang='lat' dir='ltr'><strong>reconciliaretur</strong></span> <span class='ocrx_word' id='word_1_22' title='bbox 609 624 725 706; x_wconf 92' lang='lat' dir='ltr'><strong>populo</strong></span> <span class='ocrx_word' id='word_1_23' title='bbox 745 644 814 689; x_wconf 89' lang='lat' dir='ltr'><strong>suo.</strong></span> <span class='ocrx_word' id='word_1_24' title='bbox 848 622 945 687; x_wconf 87' lang='lat' dir='ltr'><strong>Nune</strong></span> <span class='ocrx_word' id='word_1_25' title='bbox 967 643 1045 705; x_wconf 81' lang='lat' dir='ltr'><strong>ergo</strong></span> <span class='ocrx_word' id='word_1_26' title='bbox 1067 621 1158 686; x_wconf 91' lang='lat' dir='ltr'><strong>vide·</strong></span> <span class='ocrx_word' id='word_1_27' title='bbox 1211 643 1302 689; x_wconf 81' lang='lat' dir='ltr'><strong>socer</strong></span> <span class='ocrx_word' id='word_1_28' title='bbox 1318 621 1400 689; x_wconf 92' lang='lat' dir='ltr'><strong>Dei:</strong></span> <span class='ocrx_word' id='word_1_29' title='bbox 1423 624 1573 706; x_wconf 85' lang='lat' dir='ltr'><strong>probate:</strong></span> <span class='ocrx_word' id='word_1_30' title='bbox 1596 626 1623 690; x_wconf 91' lang='lat' dir='ltr'><strong>si</strong></span> <span class='ocrx_word' id='word_1_31' title='bbox 1643 646 1700 690; x_wconf 89' lang='lat' dir='ltr'><strong>vos</strong></span> <span class='ocrx_word' id='word_1_32' title='bbox 1722 625 1849 691; x_wconf 87' lang='lat' dir='ltr'><strong>iactatis</strong></span> <span class='ocrx_word' id='word_1_33' title='bbox 1870 646 1941 691; x_wconf 84' lang='lat' dir='ltr'><strong>esse</strong></span> <span class='ocrx_word' id='word_1_34' title='bbox 1962 625 2202 690; x_wconf 86' lang='lat' dir='ltr'><strong>circumcisos:</strong></span> 
     </span>
     <span class='ocr_line' id='line_1_4' title="bbox 191 708 2203 791; baseline -0.002 -14"><span class='ocrx_word' id='word_1_35' title='bbox 191 735 264 778; x_wconf 92' lang='lat' dir='ltr'><strong>mus</strong></span> <span class='ocrx_word' id='word_1_36' title='bbox 286 721 475 777; x_wconf 90' lang='lat' dir='ltr'><strong>contextum</strong></span> <span class='ocrx_word' id='word_1_37' title='bbox 510 711 592 774; x_wconf 89' lang='lat' dir='ltr'><strong>bene</strong></span> <span class='ocrx_word' id='word_1_38' title='bbox 624 711 736 786; x_wconf 88' lang='lat' dir='ltr'><strong>fluere,</strong></span> <span class='ocrx_word' id='word_1_39' title='bbox 770 709 845 791; x_wconf 86' lang='lat' dir='ltr'><strong>quic</strong></span> <span class='ocrx_word' id='word_1_40' title='bbox 868 708 1023 773; x_wconf 80' lang='lat' dir='ltr'><strong>Ieremias</strong></span> <span class='ocrx_word' id='word_1_41' title='bbox 1054 708 1160 773; x_wconf 88' lang='lat' dir='ltr'><strong>officio</strong></span> <span class='ocrx_word' id='word_1_42' title='bbox 1211 715 1298 774; x_wconf 90' lang='lat' dir='ltr'><strong>certe</strong></span> <span class='ocrx_word' id='word_1_43' title='bbox 1320 709 1472 790; x_wconf 89' lang='lat' dir='ltr'><strong>pellicula</strong></span> <span class='ocrx_word' id='word_1_44' title='bbox 1494 709 1550 775; x_wconf 91' lang='lat' dir='ltr'><strong>illa</strong></span> <span class='ocrx_word' id='word_1_45' title='bbox 1571 711 1680 781; x_wconf 87' lang='lat' dir='ltr'><strong>ablata</strong></span> <span class='ocrx_word' id='word_1_46' title='bbox 1702 731 1767 774; x_wconf 93' lang='lat' dir='ltr'><strong>non</strong></span> <span class='ocrx_word' id='word_1_47' title='bbox 1790 709 1952 776; x_wconf 82' lang='lat' dir='ltr'><strong>satisfacit</strong></span> <span class='ocrx_word' id='word_1_48' title='bbox 1968 711 2065 776; x_wconf 89' lang='lat' dir='ltr'><strong>Deo:</strong></span> <span class='ocrx_word' id='word_1_49' title='bbox 2090 720 2203 775; x_wconf 91' lang='lat' dir='ltr'><strong>esten-</strong></span> 
     </span>
     <span class='ocr_line' id='line_1_5' title="bbox 189 792 2203 878; baseline -0.001 -16"><span class='ocrx_word' id='word_1_50' title='bbox 189 820 247 863; x_wconf 88' lang='lat' dir='ltr'><strong>suo</strong></span> <span class='ocrx_word' id='word_1_51' title='bbox 267 799 399 862; x_wconf 87' lang='lat' dir='ltr'><strong>iunctus</strong></span> <span class='ocrx_word' id='word_1_52' title='bbox 418 809 476 872; x_wconf 87' lang='lat' dir='ltr'><strong>est,</strong></span> <span class='ocrx_word' id='word_1_53' title='bbox 495 795 688 860; x_wconf 93' lang='lat' dir='ltr'><strong>dumvoluit</strong></span> <span class='ocrx_word' id='word_1_54' title='bbox 706 802 833 859; x_wconf 88' lang='lat' dir='ltr'><strong>tentare</strong></span> <span class='ocrx_word' id='word_1_55' title='bbox 849 793 1057 858; x_wconf 89' lang='lat' dir='ltr'><strong>ansanabilis</strong></span> <span class='ocrx_word' id='word_1_56' title='bbox 1076 802 1161 858; x_wconf 90' lang='lat' dir='ltr'><strong>esset</strong></span> <span class='ocrx_word' id='word_1_57' title='bbox 1212 792 1277 858; x_wconf 92' lang='lat' dir='ltr'><strong>dite</strong></span> <span class='ocrx_word' id='word_1_58' title='bbox 1299 794 1391 859; x_wconf 92' lang='lat' dir='ltr'><strong>vobis</strong></span> <span class='ocrx_word' id='word_1_59' title='bbox 1423 796 1613 862; x_wconf 88' lang='lat' dir='ltr'><strong>circumcisa</strong></span> <span class='ocrx_word' id='word_1_60' title='bbox 1645 815 1716 861; x_wconf 89' lang='lat' dir='ltr'><strong>esse</strong></span> <span class='ocrx_word' id='word_1_61' title='bbox 1745 796 1844 861; x_wconf 87' lang='lat' dir='ltr'><strong>corda</strong></span> <span class='ocrx_word' id='word_1_62' title='bbox 1871 801 1906 862; x_wconf 91' lang='lat' dir='ltr'><strong>et</strong></span> <span class='ocrx_word' id='word_1_63' title='bbox 1931 817 2044 862; x_wconf 80' lang='lat' dir='ltr'><strong>eures.</strong></span> <span class='ocrx_word' id='word_1_64' title='bbox 2095 796 2203 878; x_wconf 81' lang='lat' dir='ltr'>Atqui</span> 
     </span>
     <span class='ocr_line' id='line_1_6' title="bbox 188 879 2203 967; baseline -0 -20"><span class='ocrx_word' id='word_1_65' title='bbox 188 883 335 967; x_wconf 87' lang='lat' dir='ltr'><strong>populus.</strong></span> <span class='ocrx_word' id='word_1_66' title='bbox 372 882 437 949; x_wconf 87' lang='lat' dir='ltr'><strong>Sed</strong></span> <span class='ocrx_word' id='word_1_67' title='bbox 461 882 514 946; x_wconf 91' lang='lat' dir='ltr'><strong>ubi</strong></span> <span class='ocrx_word' id='word_1_68' title='bbox 534 881 624 946; x_wconf 93' lang='lat' dir='ltr'><strong>videt</strong></span> <span class='ocrx_word' id='word_1_69' title='bbox 646 890 772 945; x_wconf 82' lang='lat' dir='ltr'><strong>tantam</strong></span> <span class='ocrx_word' id='word_1_70' title='bbox 794 879 1054 959; x_wconf 78' lang='lat' dir='ltr'>obstinationem,</span> <span class='ocrx_word' id='word_1_71' title='bbox 1077 898 1160 961; x_wconf 92' lang='lat' dir='ltr'><strong>qnae</strong></span> <span class='ocrx_word' id='word_1_72' title='bbox 1211 881 1416 963; x_wconf 90' lang='lat' dir='ltr'><strong>praeputium</strong></span> <span class='ocrx_word' id='word_1_73' title='bbox 1441 891 1553 946; x_wconf 90' lang='lat' dir='ltr'><strong>manet</strong></span> <span class='ocrx_word' id='word_1_74' title='bbox 1569 882 1605 946; x_wconf 92' lang='lat' dir='ltr'><strong>in</strong></span> <span class='ocrx_word' id='word_1_75' title='bbox 1620 879 1726 961; x_wconf 90' lang='lat' dir='ltr'><strong>eorde,</strong></span> <span class='ocrx_word' id='word_1_76' title='bbox 1748 890 1861 946; x_wconf 86' lang='lat' dir='ltr'><strong>manet</strong></span> <span class='ocrx_word' id='word_1_77' title='bbox 1882 883 1981 949; x_wconf 88' lang='lat' dir='ltr'><strong>etiam</strong></span> <span class='ocrx_word' id='word_1_78' title='bbox 1999 883 2042 946; x_wconf 93' lang='lat' dir='ltr'><strong>in</strong></span> <span class='ocrx_word' id='word_1_79' title='bbox 2060 883 2203 946; x_wconf 81' lang='lat' dir='ltr'><strong>auribus</strong></span> 
     </span>
     <span class='ocr_line' id='line_1_7' title="bbox 188 966 2204 1052; baseline -0 -19"><span class='ocrx_word' id='word_1_80' title='bbox 188 991 252 1034; x_wconf 92' lang='lat' dir='ltr'><strong>non</strong></span> <span class='ocrx_word' id='word_1_81' title='bbox 276 969 428 1034; x_wconf 88' lang='lat' dir='ltr'><strong>admittat</strong></span> <span class='ocrx_word' id='word_1_82' title='bbox 450 968 552 1032; x_wconf 92' lang='lat' dir='ltr'><strong>ullum</strong></span> <span class='ocrx_word' id='word_1_83' title='bbox 574 966 765 1049; x_wconf 92' lang='lat' dir='ltr'><strong>remedium,</strong></span> <span class='ocrx_word' id='word_1_84' title='bbox 788 966 949 1031; x_wconf 79' lang='lat' dir='ltr'><strong>exclamat</strong></span> <span class='ocrx_word' id='word_1_85' title='bbox 967 966 1061 1049; x_wconf 86' lang='lat' dir='ltr'><strong>quasi</strong></span> <span class='ocrx_word' id='word_1_86' title='bbox 1079 971 1160 1029; x_wconf 91' lang='lat' dir='ltr'><strong>atto·</strong></span> <span class='ocrx_word' id='word_1_87' title='bbox 1211 966 1348 1030; x_wconf 87' lang='lat' dir='ltr'><strong>vestris:</strong></span> <span class='ocrx_word' id='word_1_88' title='bbox 1383 987 1461 1050; x_wconf 80' lang='lat' dir='ltr'><strong>ergo</strong></span> <span class='ocrx_word' id='word_1_89' title='bbox 1494 967 1622 1050; x_wconf 87' lang='lat' dir='ltr'><strong>profani</strong></span> <span class='ocrx_word' id='word_1_90' title='bbox 1655 968 1743 1033; x_wconf 88' lang='lat' dir='ltr'><strong>estis.</strong></span> <span class='ocrx_word' id='word_1_91' title='bbox 1793 967 1890 1032; x_wconf 91' lang='lat' dir='ltr'><strong>Nune</strong></span> <span class='ocrx_word' id='word_1_92' title='bbox 1923 988 2002 1052; x_wconf 79' lang='lat' dir='ltr'><strong>ergo</strong></span> <span class='ocrx_word' id='word_1_93' title='bbox 2041 976 2204 1032; x_wconf 89' lang='lat' dir='ltr'><strong>tenemus</strong></span> 
     </span>
     <span class='ocr_line' id='line_1_8' title="bbox 188 1050 2206 1136; baseline -0.001 -17"><span class='ocrx_word' id='word_1_94' title='bbox 188 1058 285 1133; x_wconf 90' lang='lat' dir='ltr'><strong>nitus,</strong></span> <span class='ocrx_word' id='word_1_95' title='bbox 312 1056 409 1136; x_wconf 75' lang='lat' dir='ltr'><strong>Quem</strong></span> <span class='ocrx_word' id='word_1_96' title='bbox 430 1053 599 1134; x_wconf 75' lang='lat' dir='ltr'><strong>alloquar?</strong></span> <span class='ocrx_word' id='word_1_97' title='bbox 622 1059 650 1116; x_wconf 91' lang='lat' dir='ltr'><strong>et</strong></span> <span class='ocrx_word' id='word_1_98' title='bbox 671 1073 760 1135; x_wconf 81' lang='lat' dir='ltr'><strong>quem</strong></span> <span class='ocrx_word' id='word_1_99' title='bbox 781 1051 991 1117; x_wconf 76' lang='lat' dir='ltr'><strong>contestabor?</strong></span> <span class='ocrx_word' id='word_1_100' title='bbox 1022 1050 1160 1117; x_wconf 87' lang='lat' dir='ltr'><strong>Summa</strong></span> <span class='ocrx_word' id='word_1_101' title='bbox 1212 1051 1390 1135; x_wconf 89' lang='lat' dir='ltr'><strong>prophetae</strong></span> <span class='ocrx_word' id='word_1_102' title='bbox 1422 1072 1572 1131; x_wconf 91' lang='lat' dir='ltr'><strong>sensum,</strong></span> <span class='ocrx_word' id='word_1_103' title='bbox 1608 1062 1641 1118; x_wconf 91' lang='lat' dir='ltr'><strong>et</strong></span> <span class='ocrx_word' id='word_1_104' title='bbox 1673 1053 1770 1117; x_wconf 90' lang='lat' dir='ltr'><strong>simul</strong></span> <span class='ocrx_word' id='word_1_105' title='bbox 1803 1072 1861 1119; x_wconf 88' lang='lat' dir='ltr'><strong>eur</strong></span> <span class='ocrx_word' id='word_1_106' title='bbox 1894 1054 1991 1119; x_wconf 90' lang='lat' dir='ltr'><strong>toties</strong></span> <span class='ocrx_word' id='word_1_107' title='bbox 2027 1053 2206 1135; x_wconf 75' lang='lat' dir='ltr'><strong>scripturn</strong></span> 
     </span>
     <span class='ocr_line' id='line_1_9' title="bbox 188 1136 2206 1223; baseline -0.002 -17"><span class='ocrx_word' id='word_1_108' title='bbox 188 1154 247 1223; x_wconf 90' lang='lat' dir='ltr'><strong>est,</strong></span> <span class='ocrx_word' id='word_1_109' title='bbox 270 1142 426 1223; x_wconf 91' lang='lat' dir='ltr'><strong>populum</strong></span> <span class='ocrx_word' id='word_1_110' title='bbox 450 1141 496 1205; x_wconf 92' lang='lat' dir='ltr'><strong>sic</strong></span> <span class='ocrx_word' id='word_1_111' title='bbox 519 1138 682 1203; x_wconf 79' lang='lat' dir='ltr'><strong>addictum</strong></span> <span class='ocrx_word' id='word_1_112' title='bbox 706 1158 776 1202; x_wconf 90' lang='lat' dir='ltr'><strong>esse</strong></span> <span class='ocrx_word' id='word_1_113' title='bbox 798 1137 958 1219; x_wconf 81' lang='lat' dir='ltr'>impietati</span> <span class='ocrx_word' id='word_1_114' title='bbox 983 1147 1018 1200; x_wconf 91' lang='grc' dir='ltr'><strong>ιιι</strong></span> <span class='ocrx_word' id='word_1_115' title='bbox 1039 1138 1160 1201; x_wconf 82' lang='lat' dir='ltr'><strong>frustra</strong></span> <span class='ocrx_word' id='word_1_116' title='bbox 1212 1138 1363 1219; x_wconf 91' lang='lat' dir='ltr'><strong>loquatur</strong></span> <span class='ocrx_word' id='word_1_117' title='bbox 1386 1136 1426 1202; x_wconf 91' lang='lat' dir='ltr'><strong>de</strong></span> <span class='ocrx_word' id='word_1_118' title='bbox 1448 1139 1618 1221; x_wconf 91' lang='lat' dir='ltr'><strong>praeputio</strong></span> <span class='ocrx_word' id='word_1_119' title='bbox 1640 1139 1747 1204; x_wconf 89' lang='lat' dir='ltr'><strong>cordis</strong></span> <span class='ocrx_word' id='word_1_120' title='bbox 1768 1145 1803 1203; x_wconf 90' lang='lat' dir='ltr'><strong>et</strong></span> <span class='ocrx_word' id='word_1_121' title='bbox 1824 1140 1961 1219; x_wconf 75' lang='lat' dir='ltr'><strong>aunum,</strong></span> <span class='ocrx_word' id='word_1_122' title='bbox 1996 1159 2130 1223; x_wconf 90' lang='lat' dir='ltr'><strong>nempe</strong></span> <span class='ocrx_word' id='word_1_123' title='bbox 2168 1146 2206 1203; x_wconf 91' lang='lat' dir='ltr'><strong>ut</strong></span> 
     </span>
     <span class='ocr_line' id='line_1_10' title="bbox 188 1222 2207 1311; baseline -0.001 -21"><span class='ocrx_word' id='word_1_124' title='bbox 188 1227 367 1311; x_wconf 91' lang='lat' dir='ltr'><strong>prophetae</strong></span> <span class='ocrx_word' id='word_1_125' title='bbox 396 1227 428 1288; x_wconf 94' lang='lat' dir='ltr'><strong>in</strong></span> <span class='ocrx_word' id='word_1_126' title='bbox 459 1247 496 1290; x_wconf 91' lang='lat' dir='ltr'><strong>eo</strong></span> <span class='ocrx_word' id='word_1_127' title='bbox 525 1224 672 1288; x_wconf 75' lang='lat' dir='ltr'><strong>sanando</strong></span> <span class='ocrx_word' id='word_1_128' title='bbox 703 1233 898 1288; x_wconf 80' lang='lat' dir='ltr'><strong>consumant</strong></span> <span class='ocrx_word' id='word_1_129' title='bbox 927 1243 1066 1306; x_wconf 87' lang='lat' dir='ltr'><strong>operam.</strong></span> <span class='ocrx_word' id='word_1_130' title='bbox 1100 1223 1161 1286; x_wconf 65' lang='lat' dir='ltr'><strong>‘Et</strong></span> <span class='ocrx_word' id='word_1_131' title='bbox 1212 1222 1343 1288; x_wconf 90' lang='lat' dir='ltr'><strong>Iudaeis</strong></span> <span class='ocrx_word' id='word_1_132' title='bbox 1365 1222 1541 1306; x_wconf 89' lang='lat' dir='ltr'><strong>exprobret</strong></span> <span class='ocrx_word' id='word_1_133' title='bbox 1568 1224 1828 1307; x_wconf 83' lang='lat' dir='ltr'><strong>profanationem</strong></span> <span class='ocrx_word' id='word_1_134' title='bbox 1851 1225 1940 1292; x_wconf 88' lang='lat' dir='ltr'><strong>illius</strong></span> <span class='ocrx_word' id='word_1_135' title='bbox 1968 1225 2077 1309; x_wconf 77' lang='lat' dir='ltr'><strong>signi,</strong></span> <span class='ocrx_word' id='word_1_136' title='bbox 2114 1222 2207 1307; x_wconf 89' lang='lat' dir='ltr'><strong>qued</strong></span> 
     </span>
     <span class='ocr_line' id='line_1_11' title="bbox 188 1306 2207 1394; baseline -0 -18"><span class='ocrx_word' id='word_1_137' title='bbox 188 1316 274 1377; x_wconf 89' lang='lat' dir='ltr'><strong>hane</strong></span> <span class='ocrx_word' id='word_1_138' title='bbox 295 1313 490 1376; x_wconf 82' lang='lat' dir='ltr'><strong>sententiam</strong></span> <span class='ocrx_word' id='word_1_139' title='bbox 514 1311 684 1374; x_wconf 91' lang='lat' dir='ltr'><strong>confirmat</strong></span> <span class='ocrx_word' id='word_1_140' title='bbox 706 1306 849 1373; x_wconf 88' lang='lat' dir='ltr'><strong>secundo</strong></span> <span class='ocrx_word' id='word_1_141' title='bbox 867 1307 976 1384; x_wconf 90' lang='lat' dir='ltr'><strong>verbo,</strong></span> <span class='ocrx_word' id='word_1_142' title='bbox 1000 1308 1054 1372; x_wconf 93' lang='lat' dir='ltr'><strong>ubi</strong></span> <span class='ocrx_word' id='word_1_143' title='bbox 1073 1309 1159 1384; x_wconf 90' lang='lat' dir='ltr'><strong>dicit,</strong></span> <span class='ocrx_word' id='word_1_144' title='bbox 1212 1307 1349 1373; x_wconf 91' lang='lat' dir='ltr'><strong>debebat</strong></span> <span class='ocrx_word' id='word_1_145' title='bbox 1371 1329 1443 1373; x_wconf 90' lang='lat' dir='ltr'><strong>esse</strong></span> <span class='ocrx_word' id='word_1_146' title='bbox 1464 1310 1584 1394; x_wconf 87' lang='lat' dir='ltr'><strong>pignus</strong></span> <span class='ocrx_word' id='word_1_147' title='bbox 1606 1309 1799 1391; x_wconf 91' lang='lat' dir='ltr'><strong>adoptionis,</strong></span> <span class='ocrx_word' id='word_1_148' title='bbox 1822 1310 1939 1376; x_wconf 91' lang='lat' dir='ltr'><strong>deinde</strong></span> <span class='ocrx_word' id='word_1_149' title='bbox 1957 1309 2066 1375; x_wconf 88' lang='lat' dir='ltr'><strong>simul</strong></span> <span class='ocrx_word' id='word_1_150' title='bbox 2087 1311 2207 1375; x_wconf 82' lang='lat' dir='ltr'><strong>valere</strong></span> 
     </span>
     <span class='ocr_line' id='line_1_12' title="bbox 193 1393 2207 1480; baseline -0.001 -18"><span class='ocrx_word' id='word_1_151' title='bbox 193 1399 288 1480; x_wconf 70' lang='grc' dir='ltr'>ριιιιιι</span> <span class='ocrx_word' id='word_1_152' title='bbox 309 1397 519 1462; x_wconf 80' lang='lat' dir='ltr'><strong>contestabor?</strong></span> <span class='ocrx_word' id='word_1_153' title='bbox 543 1396 705 1478; x_wconf 84' lang='lat' dir='ltr'><strong>significat</strong></span> <span class='ocrx_word' id='word_1_154' title='bbox 727 1395 825 1474; x_wconf 91' lang='lat' dir='ltr'><strong>enim,</strong></span> <span class='ocrx_word' id='word_1_155' title='bbox 848 1415 913 1458; x_wconf 92' lang='lat' dir='ltr'><strong>non</strong></span> <span class='ocrx_word' id='word_1_156' title='bbox 937 1404 1063 1457; x_wconf 90' lang='lat' dir='ltr'><strong>tantum</strong></span> <span class='ocrx_word' id='word_1_157' title='bbox 1087 1415 1161 1459; x_wconf 88' lang='lat' dir='ltr'><strong>cou-</strong></span> <span class='ocrx_word' id='word_1_158' title='bbox 1212 1393 1252 1459; x_wconf 89' lang='lat' dir='ltr'><strong>ad</strong></span> <span class='ocrx_word' id='word_1_159' title='bbox 1283 1395 1512 1477; x_wconf 81' lang='lat' dir='ltr'><strong>professionem</strong></span> <span class='ocrx_word' id='word_1_160' title='bbox 1547 1416 1653 1460; x_wconf 90' lang='lat' dir='ltr'><strong>novae</strong></span> <span class='ocrx_word' id='word_1_161' title='bbox 1683 1397 1778 1461; x_wconf 89' lang='lat' dir='ltr'><strong>vitae.</strong></span> <span class='ocrx_word' id='word_1_162' title='bbox 1822 1396 1896 1461; x_wconf 87' lang='lat' dir='ltr'><strong>Non</strong></span> <span class='ocrx_word' id='word_1_163' title='bbox 1929 1396 2045 1460; x_wconf 86' lang='lat' dir='ltr'><strong>elevat</strong></span> <span class='ocrx_word' id='word_1_164' title='bbox 2082 1416 2207 1462; x_wconf 83' lang='lat' dir='ltr'><strong>eorum</strong></span> 
     </span>
     <span class='ocr_line' id='line_1_13' title="bbox 189 1478 2208 1565; baseline 0 -18"><span class='ocrx_word' id='word_1_165' title='bbox 189 1484 289 1549; x_wconf 91' lang='lat' dir='ltr'><strong>temni</strong></span> <span class='ocrx_word' id='word_1_166' title='bbox 314 1482 353 1545; x_wconf 85' lang='lat' dir='ltr'><strong>ab</strong></span> <span class='ocrx_word' id='word_1_167' title='bbox 376 1484 456 1564; x_wconf 88' lang='lat' dir='ltr'><strong>ipsis</strong></span> <span class='ocrx_word' id='word_1_168' title='bbox 479 1481 658 1563; x_wconf 88' lang='lat' dir='ltr'><strong>simplicem</strong></span> <span class='ocrx_word' id='word_1_169' title='bbox 681 1481 872 1555; x_wconf 80' lang='lat' dir='ltr'><strong>doctrinam,</strong></span> <span class='ocrx_word' id='word_1_170' title='bbox 895 1478 952 1544; x_wconf 92' lang='lat' dir='ltr'><strong>sed</strong></span> <span class='ocrx_word' id='word_1_171' title='bbox 974 1478 1160 1544; x_wconf 89' lang='lat' dir='ltr'><strong>obtestatio·</strong></span> <span class='ocrx_word' id='word_1_172' title='bbox 1185 1558 1187 1563; x_wconf 23' lang='grc' dir='ltr'>Ι</span> <span class='ocrx_word' id='word_1_173' title='bbox 1212 1479 1339 1562; x_wconf 81' lang='lat' dir='ltr'><strong>culpem</strong></span> <span class='ocrx_word' id='word_1_174' title='bbox 1362 1480 1520 1545; x_wconf 87' lang='lat' dir='ltr'><strong>Ieremias</strong></span> <span class='ocrx_word' id='word_1_175' title='bbox 1542 1501 1643 1563; x_wconf 94' lang='lat' dir='ltr'><strong>quum</strong></span> <span class='ocrx_word' id='word_1_176' title='bbox 1667 1480 1754 1557; x_wconf 87' lang='lat' dir='ltr'><strong>dicit,</strong></span> <span class='ocrx_word' id='word_1_177' title='bbox 1790 1481 1864 1547; x_wconf 81' lang='lat' dir='ltr'><strong>Non</strong></span> <span class='ocrx_word' id='word_1_178' title='bbox 1888 1486 2072 1565; x_wconf 69' lang='lat' dir='ltr'><strong>putruerunt</strong></span> <span class='ocrx_word' id='word_1_179' title='bbox 2106 1487 2208 1548; x_wconf 63' lang='lat' dir='ltr'><strong>auae</strong></span> 
     </span>
     <span class='ocr_line' id='line_1_14' title="bbox 188 1563 2210 1651; baseline -0.001 -16"><span class='ocrx_word' id='word_1_180' title='bbox 188 1591 256 1648; x_wconf 91' lang='lat' dir='ltr'><strong>nes,</strong></span> <span class='ocrx_word' id='word_1_181' title='bbox 286 1568 404 1651; x_wconf 89' lang='lat' dir='ltr'><strong>quibus</strong></span> <span class='ocrx_word' id='word_1_182' title='bbox 433 1574 542 1631; x_wconf 88' lang='lat' dir='ltr'><strong>tamen</strong></span> <span class='ocrx_word' id='word_1_183' title='bbox 566 1567 677 1630; x_wconf 91' lang='lat' dir='ltr'><strong>subest</strong></span> <span class='ocrx_word' id='word_1_184' title='bbox 699 1566 803 1630; x_wconf 90' lang='lat' dir='ltr'><strong>maior</strong></span> <span class='ocrx_word' id='word_1_185' title='bbox 825 1565 977 1630; x_wconf 87' lang='lat' dir='ltr'><strong>efficacia.</strong></span> <span class='ocrx_word' id='word_1_186' title='bbox 1023 1563 1161 1631; x_wconf 84' lang='lat' dir='ltr'><strong>Summa</strong></span> <span class='ocrx_word' id='word_1_187' title='bbox 1212 1567 1292 1631; x_wconf 83' lang='lat' dir='ltr'><strong>dere.</strong></span> <span class='ocrx_word' id='word_1_188' title='bbox 1339 1564 1471 1649; x_wconf 87' lang='lat' dir='ltr'><strong>Siquis</strong></span> <span class='ocrx_word' id='word_1_189' title='bbox 1494 1565 1633 1643; x_wconf 88' lang='lat' dir='ltr'><strong>obiiciat,</strong></span> <span class='ocrx_word' id='word_1_190' title='bbox 1664 1586 1704 1630; x_wconf 90' lang='lat' dir='ltr'><strong>an</strong></span> <span class='ocrx_word' id='word_1_191' title='bbox 1728 1566 1790 1632; x_wconf 90' lang='lat' dir='ltr'><strong>boc</strong></span> <span class='ocrx_word' id='word_1_192' title='bbox 1812 1568 1908 1634; x_wconf 90' lang='lat' dir='ltr'><strong>debet</strong></span> <span class='ocrx_word' id='word_1_193' title='bbox 1928 1568 2052 1634; x_wconf 88' lang='lat' dir='ltr'><strong>vocari</strong></span> <span class='ocrx_word' id='word_1_194' title='bbox 2076 1567 2117 1631; x_wconf 92' lang='lat' dir='ltr'><strong>in</strong></span> <span class='ocrx_word' id='word_1_195' title='bbox 2142 1567 2210 1632; x_wconf 89' lang='lat' dir='ltr'><strong>eri·</strong></span> 
     </span>
     <span class='ocr_line' id='line_1_15' title="bbox 188 1651 2211 1736; baseline -0.002 -15"><span class='ocrx_word' id='word_1_196' title='bbox 188 1665 247 1734; x_wconf 91' lang='lat' dir='ltr'><strong>est,</strong></span> <span class='ocrx_word' id='word_1_197' title='bbox 280 1654 379 1718; x_wconf 88' lang='lat' dir='ltr'><strong>nullis</strong></span> <span class='ocrx_word' id='word_1_198' title='bbox 407 1653 558 1717; x_wconf 85' lang='lat' dir='ltr'><strong>remediis</strong></span> <span class='ocrx_word' id='word_1_199' title='bbox 582 1672 675 1733; x_wconf 86' lang='lat' dir='ltr'><strong>posse</strong></span> <span class='ocrx_word' id='word_1_200' title='bbox 697 1652 806 1715; x_wconf 90' lang='lat' dir='ltr'><strong>curari</strong></span> <span class='ocrx_word' id='word_1_201' title='bbox 839 1651 1046 1734; x_wconf 82' lang='lat' dir='ltr'><strong>pravitatem,</strong></span> <span class='ocrx_word' id='word_1_202' title='bbox 1078 1672 1160 1733; x_wconf 89' lang='lat' dir='ltr'><strong>quae</strong></span> <span class='ocrx_word' id='word_1_203' title='bbox 1213 1672 1298 1730; x_wconf 89' lang='lat' dir='ltr'><strong>men,</strong></span> <span class='ocrx_word' id='word_1_204' title='bbox 1327 1652 1413 1733; x_wconf 89' lang='lat' dir='ltr'><strong>quod</strong></span> <span class='ocrx_word' id='word_1_205' title='bbox 1436 1672 1502 1715; x_wconf 92' lang='lat' dir='ltr'><strong>non</strong></span> <span class='ocrx_word' id='word_1_206' title='bbox 1526 1653 1692 1734; x_wconf 90' lang='lat' dir='ltr'><strong>potuerint</strong></span> <span class='ocrx_word' id='word_1_207' title='bbox 1719 1652 1910 1718; x_wconf 85' lang='lat' dir='ltr'><strong>attendere?</strong></span> <span class='ocrx_word' id='word_1_208' title='bbox 1942 1653 2133 1736; x_wconf 84' lang='lat' dir='ltr'><strong>propheta,</strong></span> <span class='ocrx_word' id='word_1_209' title='bbox 2164 1655 2211 1718; x_wconf 92' lang='lat' dir='ltr'><strong>si·</strong></span> 
     </span>
     <span class='ocr_line' id='line_1_16' title="bbox 187 1735 2212 1822; baseline -0 -17"><span class='ocrx_word' id='word_1_210' title='bbox 187 1763 254 1805; x_wconf 91' lang='lat' dir='ltr'><strong>non</strong></span> <span class='ocrx_word' id='word_1_211' title='bbox 277 1749 408 1803; x_wconf 91' lang='lat' dir='ltr'><strong>tantum</strong></span> <span class='ocrx_word' id='word_1_212' title='bbox 431 1740 554 1820; x_wconf 87' lang='lat' dir='ltr'><strong>respuit</strong></span> <span class='ocrx_word' id='word_1_213' title='bbox 577 1737 769 1814; x_wconf 87' lang='lat' dir='ltr'><strong>doctrinam,</strong></span> <span class='ocrx_word' id='word_1_214' title='bbox 801 1743 834 1800; x_wconf 92' lang='lat' dir='ltr'><strong>et</strong></span> <span class='ocrx_word' id='word_1_215' title='bbox 856 1747 985 1802; x_wconf 87' lang='lat' dir='ltr'><strong>sanetas</strong></span> <span class='ocrx_word' id='word_1_216' title='bbox 1012 1736 1160 1801; x_wconf 89' lang='lat' dir='ltr'><strong>admoni-</strong></span> <span class='ocrx_word' id='word_1_217' title='bbox 1212 1738 1279 1803; x_wconf 90' lang='lat' dir='ltr'><strong>cuti</strong></span> <span class='ocrx_word' id='word_1_218' title='bbox 1303 1735 1381 1810; x_wconf 85' lang='lat' dir='ltr'><strong>dixi,</strong></span> <span class='ocrx_word' id='word_1_219' title='bbox 1415 1758 1480 1802; x_wconf 92' lang='lat' dir='ltr'><strong>non</strong></span> <span class='ocrx_word' id='word_1_220' title='bbox 1504 1747 1661 1802; x_wconf 85' lang='lat' dir='ltr'><strong>extenuat</strong></span> <span class='ocrx_word' id='word_1_221' title='bbox 1683 1759 1795 1803; x_wconf 90' lang='lat' dir='ltr'><strong>eorum</strong></span> <span class='ocrx_word' id='word_1_222' title='bbox 1817 1739 1964 1822; x_wconf 87' lang='lat' dir='ltr'><strong>eulpam:</strong></span> <span class='ocrx_word' id='word_1_223' title='bbox 1997 1738 2067 1804; x_wconf 84' lang='lat' dir='ltr'><strong>sed</strong></span> <span class='ocrx_word' id='word_1_224' title='bbox 2093 1739 2212 1822; x_wconf 88' lang='lat' dir='ltr'><strong>petius</strong></span> 
     </span>
     <span class='ocr_line' id='line_1_17' title="bbox 188 1821 2212 1905; baseline -0.001 -14"><span class='ocrx_word' id='word_1_225' title='bbox 188 1828 302 1902; x_wconf 87' lang='lat' dir='ltr'><strong>tiones,</strong></span> <span class='ocrx_word' id='word_1_226' title='bbox 337 1823 514 1889; x_wconf 85' lang='lat' dir='ltr'><strong>sedetiam</strong></span> <span class='ocrx_word' id='word_1_227' title='bbox 545 1824 756 1905; x_wconf 82' lang='lat' dir='ltr'><strong>pervicaciter</strong></span> <span class='ocrx_word' id='word_1_228' title='bbox 784 1821 908 1887; x_wconf 83' lang='lat' dir='ltr'><strong>resistit</strong></span> <span class='ocrx_word' id='word_1_229' title='bbox 936 1822 1159 1887; x_wconf 90' lang='lat' dir='ltr'><strong>obtestationi·</strong></span> <span class='ocrx_word' id='word_1_230' title='bbox 1213 1823 1356 1888; x_wconf 90' lang='lat' dir='ltr'><strong>ostendit</strong></span> <span class='ocrx_word' id='word_1_231' title='bbox 1377 1822 1425 1886; x_wconf 89' lang='lat' dir='ltr'><strong>ita</strong></span> <span class='ocrx_word' id='word_1_232' title='bbox 1446 1823 1546 1888; x_wconf 89' lang='lat' dir='ltr'><strong>fuisse</strong></span> <span class='ocrx_word' id='word_1_233' title='bbox 1568 1822 1733 1888; x_wconf 91' lang='lat' dir='ltr'><strong>demersos</strong></span> <span class='ocrx_word' id='word_1_234' title='bbox 1756 1825 1790 1887; x_wconf 92' lang='lat' dir='ltr'><strong>in</strong></span> <span class='ocrx_word' id='word_1_235' title='bbox 1813 1845 1873 1890; x_wconf 84' lang='lat' dir='ltr'><strong>suu</strong></span> <span class='ocrx_word' id='word_1_236' title='bbox 1894 1825 2037 1903; x_wconf 88' lang='lat' dir='ltr'><strong>malitia,</strong></span> <span class='ocrx_word' id='word_1_237' title='bbox 2074 1835 2120 1889; x_wconf 89' lang='lat' dir='ltr'><strong>ut</strong></span> <span class='ocrx_word' id='word_1_238' title='bbox 2143 1824 2212 1889; x_wconf 84' lang='lat' dir='ltr'><strong>iam</strong></span> 
     </span>
     <span class='ocr_line' id='line_1_18' title="bbox 189 1890 2211 1993; baseline -0.001 -17"><span class='ocrx_word' id='word_1_239' title='bbox 189 1912 258 1976; x_wconf 91' lang='lat' dir='ltr'><strong>bus.</strong></span> <span class='ocrx_word' id='word_1_240' title='bbox 301 1909 339 1975; x_wconf 89' lang='lat' dir='ltr'><strong>Ut</strong></span> <span class='ocrx_word' id='word_1_241' title='bbox 360 1911 501 1991; x_wconf 71' lang='lat' dir='ltr'><strong>audiam,</strong></span> <span class='ocrx_word' id='word_1_242' title='bbox 524 1909 641 1992; x_wconf 89' lang='lat' dir='ltr'><strong>inquit,</strong></span> <span class='ocrx_word' id='word_1_243' title='bbox 665 1909 828 1992; x_wconf 83' lang='lat' dir='ltr'><strong>significet</strong></span> <span class='ocrx_word' id='word_1_244' title='bbox 850 1909 949 1972; x_wconf 88' lang='lat' dir='ltr'><strong>etiam</strong></span> <span class='ocrx_word' id='word_1_245' title='bbox 971 1909 999 1973; x_wconf 93' lang='lat' dir='ltr'><strong>si</strong></span> <span class='ocrx_word' id='word_1_246' title='bbox 1022 1907 1161 1973; x_wconf 88' lang='lat' dir='ltr'><strong>fideliter</strong></span> <span class='ocrx_word' id='word_1_247' title='bbox 1185 1890 1189 1983; x_wconf 77' lang='grc' dir='ltr'><strong>ι</strong></span> <span class='ocrx_word' id='word_1_248' title='bbox 1214 1929 1278 1972; x_wconf 93' lang='lat' dir='ltr'><strong>non</strong></span> <span class='ocrx_word' id='word_1_249' title='bbox 1297 1914 1406 1972; x_wconf 85' lang='lat' dir='ltr'><strong>essent</strong></span> <span class='ocrx_word' id='word_1_250' title='bbox 1427 1908 1476 1972; x_wconf 86' lang='lat' dir='ltr'><strong>sui</strong></span> <span class='ocrx_word' id='word_1_251' title='bbox 1495 1918 1673 1991; x_wconf 90' lang='lat' dir='ltr'><strong>compotes:</strong></span> <span class='ocrx_word' id='word_1_252' title='bbox 1696 1909 1966 1993; x_wconf 89' lang='lat' dir='ltr'><strong>quemadmodum</strong></span> <span class='ocrx_word' id='word_1_253' title='bbox 1990 1910 2121 1976; x_wconf 90' lang='lat' dir='ltr'><strong>ebrius</strong></span> <span class='ocrx_word' id='word_1_254' title='bbox 2139 1932 2211 1975; x_wconf 89' lang='lat' dir='ltr'><strong>non</strong></span> 
     </span>
     <span class='ocr_line' id='line_1_19' title="bbox 188 1992 2214 2078; baseline -0.001 -15"><span class='ocrx_word' id='word_1_255' title='bbox 188 1998 329 2063; x_wconf 88' lang='lat' dir='ltr'><strong>officium</strong></span> <span class='ocrx_word' id='word_1_256' title='bbox 352 2016 447 2061; x_wconf 89' lang='lat' dir='ltr'><strong>suum</strong></span> <span class='ocrx_word' id='word_1_257' title='bbox 471 2001 615 2078; x_wconf 85' lang='lat' dir='ltr'><strong>peragat,</strong></span> <span class='ocrx_word' id='word_1_258' title='bbox 639 2015 751 2058; x_wconf 81' lang='lat' dir='ltr'><strong>cerere</strong></span> <span class='ocrx_word' id='word_1_259' title='bbox 772 2004 881 2058; x_wconf 91' lang='lat' dir='ltr'><strong>tamen</strong></span> <span class='ocrx_word' id='word_1_260' title='bbox 904 1992 1048 2059; x_wconf 90' lang='lat' dir='ltr'><strong>laborem</strong></span> <span class='ocrx_word' id='word_1_261' title='bbox 1071 1994 1160 2058; x_wconf 90' lang='lat' dir='ltr'><strong>omni</strong></span> <span class='ocrx_word' id='word_1_262' title='bbox 1213 2004 1263 2059; x_wconf 91' lang='lat' dir='ltr'><strong>est</strong></span> <span class='ocrx_word' id='word_1_263' title='bbox 1284 1995 1480 2075; x_wconf 90' lang='lat' dir='ltr'><strong>compositae</strong></span> <span class='ocrx_word' id='word_1_264' title='bbox 1509 1995 1639 2074; x_wconf 92' lang='lat' dir='ltr'><strong>mentis,</strong></span> <span class='ocrx_word' id='word_1_265' title='bbox 1670 1995 1728 2059; x_wconf 93' lang='lat' dir='ltr'><strong>sed</strong></span> <span class='ocrx_word' id='word_1_266' title='bbox 1750 1995 1828 2078; x_wconf 89' lang='lat' dir='ltr'><strong>quia</strong></span> <span class='ocrx_word' id='word_1_267' title='bbox 1848 1995 1910 2062; x_wconf 92' lang='lat' dir='ltr'><strong>sibi</strong></span> <span class='ocrx_word' id='word_1_268' title='bbox 1932 1997 2118 2060; x_wconf 84' lang='lat' dir='ltr'><strong>contruxit</strong></span> <span class='ocrx_word' id='word_1_269' title='bbox 2148 1997 2214 2061; x_wconf 84' lang='lat' dir='ltr'><strong>hoe</strong></span> 
     </span>
     <span class='ocr_line' id='line_1_20' title="bbox 189 2077 2213 2166; baseline -0 -19"><span class='ocrx_word' id='word_1_270' title='bbox 189 2083 349 2166; x_wconf 88' lang='lat' dir='ltr'><strong>profectu,</strong></span> <span class='ocrx_word' id='word_1_271' title='bbox 383 2081 459 2161; x_wconf 90' lang='lat' dir='ltr'><strong>quia</strong></span> <span class='ocrx_word' id='word_1_272' title='bbox 492 2080 581 2144; x_wconf 87' lang='lat' dir='ltr'><strong>surdi</strong></span> <span class='ocrx_word' id='word_1_273' title='bbox 616 2081 681 2144; x_wconf 91' lang='lat' dir='ltr'><strong>sint</strong></span> <span class='ocrx_word' id='word_1_274' title='bbox 712 2099 826 2144; x_wconf 89' lang='lat' dir='ltr'><strong>omnes</strong></span> <span class='ocrx_word' id='word_1_275' title='bbox 854 2078 977 2145; x_wconf 90' lang='lat' dir='ltr'><strong>Iudaei.</strong></span> <span class='ocrx_word' id='word_1_276' title='bbox 1022 2080 1067 2144; x_wconf 85' lang='lat' dir='ltr'><strong>Et</strong></span> <span class='ocrx_word' id='word_1_277' title='bbox 1088 2077 1161 2143; x_wconf 88' lang='lat' dir='ltr'><strong>ideo</strong></span> <span class='ocrx_word' id='word_1_278' title='bbox 1213 2080 1329 2144; x_wconf 91' lang='lat' dir='ltr'><strong>vitium</strong></span> <span class='ocrx_word' id='word_1_279' title='bbox 1349 2079 1542 2163; x_wconf 90' lang='lat' dir='ltr'><strong>intemperie</strong></span> <span class='ocrx_word' id='word_1_280' title='bbox 1556 2102 1625 2159; x_wconf 89' lang='lat' dir='ltr'><strong>sua,</strong></span> <span class='ocrx_word' id='word_1_281' title='bbox 1646 2080 1719 2146; x_wconf 92' lang='lat' dir='ltr'><strong>ideo</strong></span> <span class='ocrx_word' id='word_1_282' title='bbox 1737 2101 1827 2146; x_wconf 92' lang='lat' dir='ltr'><strong>error</strong></span> <span class='ocrx_word' id='word_1_283' title='bbox 1845 2080 1915 2147; x_wconf 90' lang='lat' dir='ltr'><strong>eius</strong></span> <span class='ocrx_word' id='word_1_284' title='bbox 1931 2081 1984 2146; x_wconf 90' lang='lat' dir='ltr'><strong>vel</strong></span> <span class='ocrx_word' id='word_1_285' title='bbox 1999 2081 2213 2164; x_wconf 81' lang='lat' dir='ltr'><strong>ignorantia</strong></span> 
     </span>
     <span class='ocr_line' id='line_1_21' title="bbox 189 2164 2213 2250; baseline -0.001 -16"><span class='ocrx_word' id='word_1_286' title='bbox 189 2169 329 2244; x_wconf 90' lang='lat' dir='ltr'><strong>subiicit,</strong></span> <span class='ocrx_word' id='word_1_287' title='bbox 362 2167 440 2232; x_wconf 86' lang='lat' dir='ltr'><strong>Ecce</strong></span> <span class='ocrx_word' id='word_1_288' title='bbox 468 2166 686 2231; x_wconf 78' lang='lat' dir='ltr'><strong>incircumcisa</strong></span> <span class='ocrx_word' id='word_1_289' title='bbox 715 2170 760 2230; x_wconf 85' lang='lat' dir='ltr'><strong>eet</strong></span> <span class='ocrx_word' id='word_1_290' title='bbox 787 2167 880 2230; x_wconf 82' lang='lat' dir='ltr'><strong>euris</strong></span> <span class='ocrx_word' id='word_1_291' title='bbox 908 2185 1024 2230; x_wconf 81' lang='lat' dir='ltr'><strong>eorum.</strong></span> <span class='ocrx_word' id='word_1_292' title='bbox 1069 2164 1162 2229; x_wconf 88' lang='lat' dir='ltr'><strong>Haec</strong></span> <span class='ocrx_word' id='word_1_293' title='bbox 1213 2185 1279 2231; x_wconf 93' lang='lat' dir='ltr'><strong>non</strong></span> <span class='ocrx_word' id='word_1_294' title='bbox 1302 2175 1351 2230; x_wconf 90' lang='lat' dir='ltr'><strong>est</strong></span> <span class='ocrx_word' id='word_1_295' title='bbox 1373 2165 1575 2231; x_wconf 87' lang='lat' dir='ltr'><strong>excusabilis.</strong></span> <span class='ocrx_word' id='word_1_296' title='bbox 1620 2165 1677 2233; x_wconf 80' lang='lat' dir='ltr'><strong>Sic</strong></span> <span class='ocrx_word' id='word_1_297' title='bbox 1699 2166 1798 2232; x_wconf 90' lang='lat' dir='ltr'><strong>etiam</strong></span> <span class='ocrx_word' id='word_1_298' title='bbox 1820 2166 1982 2250; x_wconf 86' lang='lat' dir='ltr'><strong>propheta</strong></span> <span class='ocrx_word' id='word_1_299' title='bbox 2004 2167 2109 2245; x_wconf 90' lang='lat' dir='ltr'><strong>dicit,</strong></span> <span class='ocrx_word' id='word_1_300' title='bbox 2139 2190 2213 2233; x_wconf 89' lang='lat' dir='ltr'><strong>nou</strong></span> 
     </span>
     <span class='ocr_line' id='line_1_22' title="bbox 190 2249 2213 2336; baseline 0 -18"><span class='ocrx_word' id='word_1_301' title='bbox 190 2253 343 2335; x_wconf 91' lang='lat' dir='ltr'><strong>loquendi</strong></span> <span class='ocrx_word' id='word_1_302' title='bbox 377 2255 482 2334; x_wconf 85' lang='lat' dir='ltr'><strong>figura</strong></span> <span class='ocrx_word' id='word_1_303' title='bbox 520 2252 639 2333; x_wconf 89' lang='lat' dir='ltr'><strong>passim</strong></span> <span class='ocrx_word' id='word_1_304' title='bbox 673 2252 815 2316; x_wconf 90' lang='lat' dir='ltr'><strong>occurrit</strong></span> <span class='ocrx_word' id='word_1_305' title='bbox 847 2251 932 2333; x_wconf 83' lang='lat' dir='ltr'><strong>apud</strong></span> <span class='ocrx_word' id='word_1_306' title='bbox 967 2250 1160 2332; x_wconf 86' lang='lat' dir='ltr'><strong>prophetas:</strong></span> <span class='ocrx_word' id='word_1_307' title='bbox 1213 2271 1307 2334; x_wconf 91' lang='lat' dir='ltr'><strong>posse</strong></span> <span class='ocrx_word' id='word_1_308' title='bbox 1329 2249 1469 2315; x_wconf 90' lang='lat' dir='ltr'><strong>Iudaeos</strong></span> <span class='ocrx_word' id='word_1_309' title='bbox 1491 2250 1661 2315; x_wconf 89' lang='lat' dir='ltr'><strong>attendere</strong></span> <span class='ocrx_word' id='word_1_310' title='bbox 1681 2250 1722 2316; x_wconf 88' lang='lat' dir='ltr'><strong>ad</strong></span> <span class='ocrx_word' id='word_1_311' title='bbox 1746 2253 1882 2319; x_wconf 90' lang='lat' dir='ltr'><strong>verbum</strong></span> <span class='ocrx_word' id='word_1_312' title='bbox 1900 2251 2057 2329; x_wconf 90' lang='lat' dir='ltr'><strong>Domini,</strong></span> <span class='ocrx_word' id='word_1_313' title='bbox 2084 2274 2213 2336; x_wconf 87' lang='lat' dir='ltr'><strong>nempe</strong></span> 
     </span>
     <span class='ocr_line' id='line_1_23' title="bbox 191 2334 2212 2421; baseline 0.001 -19"><span class='ocrx_word' id='word_1_314' title='bbox 191 2349 325 2405; x_wconf 87' lang='lat' dir='ltr'><strong>vocatur</strong></span> <span class='ocrx_word' id='word_1_315' title='bbox 362 2339 448 2402; x_wconf 89' lang='lat' dir='ltr'><strong>auris</strong></span> <span class='ocrx_word' id='word_1_316' title='bbox 485 2337 729 2416; x_wconf 89' lang='lat' dir='ltr'><strong>incircumcisa,</strong></span> <span class='ocrx_word' id='word_1_317' title='bbox 768 2356 851 2418; x_wconf 90' lang='lat' dir='ltr'><strong>quae</strong></span> <span class='ocrx_word' id='word_1_318' title='bbox 889 2336 994 2401; x_wconf 89' lang='lat' dir='ltr'><strong>reiicit</strong></span> <span class='ocrx_word' id='word_1_319' title='bbox 1030 2355 1161 2400; x_wconf 91' lang='lat' dir='ltr'><strong>omnem</strong></span> <span class='ocrx_word' id='word_1_320' title='bbox 1214 2336 1289 2418; x_wconf 89' lang='lat' dir='ltr'><strong>quia</strong></span> <span class='ocrx_word' id='word_1_321' title='bbox 1318 2334 1513 2401; x_wconf 87' lang='lat' dir='ltr'><strong>addixerant</strong></span> <span class='ocrx_word' id='word_1_322' title='bbox 1542 2357 1577 2401; x_wconf 89' lang='lat' dir='ltr'><strong>se</strong></span> <span class='ocrx_word' id='word_1_323' title='bbox 1606 2336 1744 2418; x_wconf 90' lang='lat' dir='ltr'><strong>diabolo,</strong></span> <span class='ocrx_word' id='word_1_324' title='bbox 1778 2348 1815 2402; x_wconf 94' lang='lat' dir='ltr'><strong>ut</strong></span> <span class='ocrx_word' id='word_1_325' title='bbox 1846 2348 1958 2404; x_wconf 87' lang='lat' dir='ltr'><strong>essent</strong></span> <span class='ocrx_word' id='word_1_326' title='bbox 1990 2341 2099 2421; x_wconf 84' lang='lat' dir='ltr'><strong>quasi</strong></span> <span class='ocrx_word' id='word_1_327' title='bbox 2135 2340 2212 2404; x_wconf 86' lang='lat' dir='ltr'><strong>eius</strong></span> 
     </span>
     <span class='ocr_line' id='line_1_24' title="bbox 190 2418 2211 2508; baseline -0 -18"><span class='ocrx_word' id='word_1_328' title='bbox 190 2446 304 2491; x_wconf 86' lang='lat' dir='ltr'><strong>sanem</strong></span> <span class='ocrx_word' id='word_1_329' title='bbox 342 2423 539 2489; x_wconf 89' lang='lat' dir='ltr'><strong>doctrinam:</strong></span> <span class='ocrx_word' id='word_1_330' title='bbox 578 2422 643 2487; x_wconf 82' lang='lat' dir='ltr'><strong>Cor</strong></span> <span class='ocrx_word' id='word_1_331' title='bbox 676 2421 953 2496; x_wconf 89' lang='lat' dir='ltr'><strong>incircumcisum,</strong></span> <span class='ocrx_word' id='word_1_332' title='bbox 991 2418 1077 2503; x_wconf 90' lang='lat' dir='ltr'><strong>quod</strong></span> <span class='ocrx_word' id='word_1_333' title='bbox 1113 2429 1163 2484; x_wconf 88' lang='lat' dir='ltr'><strong>est</strong></span> <span class='ocrx_word' id='word_1_334' title='bbox 1215 2420 1392 2503; x_wconf 89' lang='lat' dir='ltr'><strong>mancipia:</strong></span> <span class='ocrx_word' id='word_1_335' title='bbox 1432 2423 1706 2504; x_wconf 90' lang='lat' dir='ltr'><strong>quemadmodum</strong></span> <span class='ocrx_word' id='word_1_336' title='bbox 1743 2423 1866 2491; x_wconf 89' lang='lat' dir='ltr'><strong>Paulus</strong></span> <span class='ocrx_word' id='word_1_337' title='bbox 1903 2423 1984 2490; x_wconf 89' lang='lat' dir='ltr'><strong>dicit</strong></span> <span class='ocrx_word' id='word_1_338' title='bbox 2023 2445 2105 2502; x_wconf 90' lang='lat' dir='ltr'><strong>eos,</strong></span> <span class='ocrx_word' id='word_1_339' title='bbox 2150 2425 2211 2508; x_wconf 92' lang='lat' dir='ltr'><strong>qni</strong></span> 
     </span>
     <span class='ocr_line' id='line_1_25' title="bbox 190 2506 2209 2594; baseline 0 -20"><span class='ocrx_word' id='word_1_340' title='bbox 190 2511 361 2594; x_wconf 84' lang='lat' dir='ltr'><strong>pervicax,</strong></span> <span class='ocrx_word' id='word_1_341' title='bbox 392 2528 428 2572; x_wconf 92' lang='lat' dir='ltr'><strong>ac</strong></span> <span class='ocrx_word' id='word_1_342' title='bbox 450 2506 579 2571; x_wconf 89' lang='lat' dir='ltr'><strong>rebelle.</strong></span> <span class='ocrx_word' id='word_1_343' title='bbox 625 2507 690 2572; x_wconf 90' lang='lat' dir='ltr'><strong>Sed</strong></span> <span class='ocrx_word' id='word_1_344' title='bbox 714 2507 797 2571; x_wconf 90' lang='lat' dir='ltr'><strong>ratio</strong></span> <span class='ocrx_word' id='word_1_345' title='bbox 819 2507 961 2571; x_wconf 89' lang='lat' dir='ltr'><strong>tenenda</strong></span> <span class='ocrx_word' id='word_1_346' title='bbox 983 2516 1050 2572; x_wconf 91' lang='lat' dir='ltr'><strong>est:</strong></span> <span class='ocrx_word' id='word_1_347' title='bbox 1084 2527 1162 2589; x_wconf 93' lang='lat' dir='ltr'><strong>quo·</strong></span> <span class='ocrx_word' id='word_1_348' title='bbox 1215 2506 1441 2579; x_wconf 85' lang='lat' dir='ltr'><strong>destituuntur</strong></span> <span class='ocrx_word' id='word_1_349' title='bbox 1470 2508 1575 2592; x_wconf 87' lang='lat' dir='ltr'><strong>gratia</strong></span> <span class='ocrx_word' id='word_1_350' title='bbox 1596 2508 1671 2591; x_wconf 90' lang='lat' dir='ltr'><strong>Dei,</strong></span> <span class='ocrx_word' id='word_1_351' title='bbox 1700 2530 1772 2574; x_wconf 92' lang='lat' dir='ltr'><strong>esse</strong></span> <span class='ocrx_word' id='word_1_352' title='bbox 1793 2509 2010 2577; x_wconf 82' lang='lat' dir='ltr'><strong>venumdatos</strong></span> <span class='ocrx_word' id='word_1_353' title='bbox 2036 2509 2105 2576; x_wconf 91' lang='lat' dir='ltr'><strong>sub</strong></span> <span class='ocrx_word' id='word_1_354' title='bbox 2128 2531 2209 2594; x_wconf 91' lang='lat' dir='ltr'><strong>pec·</strong></span> 
     </span>
     <span class='ocr_line' id='line_1_26' title="bbox 192 2591 2209 2677; baseline -0 -16"><span class='ocrx_word' id='word_1_355' title='bbox 192 2598 280 2661; x_wconf 92' lang='lat' dir='ltr'><strong>niam</strong></span> <span class='ocrx_word' id='word_1_356' title='bbox 311 2594 511 2660; x_wconf 89' lang='lat' dir='ltr'><strong>circumcisio</strong></span> <span class='ocrx_word' id='word_1_357' title='bbox 541 2602 612 2657; x_wconf 89' lang='lat' dir='ltr'><strong>erat</strong></span> <span class='ocrx_word' id='word_1_358' title='bbox 644 2593 867 2657; x_wconf 91' lang='lat' dir='ltr'><strong>testimonium</strong></span> <span class='ocrx_word' id='word_1_359' title='bbox 902 2592 1056 2675; x_wconf 89' lang='lat' dir='ltr'><strong>obsequii,</strong></span> <span class='ocrx_word' id='word_1_360' title='bbox 1090 2591 1163 2656; x_wconf 91' lang='lat' dir='ltr'><strong>ideo</strong></span> <span class='ocrx_word' id='word_1_361' title='bbox 1215 2601 1295 2658; x_wconf 90' lang='lat' dir='ltr'><strong>cato.</strong></span> <span class='ocrx_word' id='word_1_362' title='bbox 1344 2592 1390 2658; x_wconf 85' lang='lat' dir='ltr'><strong>Et</strong></span> <span class='ocrx_word' id='word_1_363' title='bbox 1423 2594 1586 2677; x_wconf 87' lang='lat' dir='ltr'><strong>scriptura</strong></span> <span class='ocrx_word' id='word_1_364' title='bbox 1619 2596 1716 2659; x_wconf 93' lang='lat' dir='ltr'><strong>etiam</strong></span> <span class='ocrx_word' id='word_1_365' title='bbox 1751 2595 1829 2661; x_wconf 90' lang='lat' dir='ltr'><strong>alibi</strong></span> <span class='ocrx_word' id='word_1_366' title='bbox 1859 2597 1905 2660; x_wconf 91' lang='lat' dir='ltr'><strong>ita</strong></span> <span class='ocrx_word' id='word_1_367' title='bbox 1936 2593 2104 2677; x_wconf 89' lang='lat' dir='ltr'><strong>loquitur.</strong></span> <span class='ocrx_word' id='word_1_368' title='bbox 2165 2596 2209 2660; x_wconf 91' lang='lat' dir='ltr'><strong>In</strong></span> 
     </span>
     <span class='ocr_line' id='line_1_27' title="bbox 191 2677 2207 2765; baseline 0 -19"><span class='ocrx_word' id='word_1_369' title='bbox 191 2684 353 2765; x_wconf 90' lang='lat' dir='ltr'><strong>scriptura</strong></span> <span class='ocrx_word' id='word_1_370' title='bbox 375 2689 468 2743; x_wconf 89' lang='lat' dir='ltr'><strong>vocat</strong></span> <span class='ocrx_word' id='word_1_371' title='bbox 489 2679 731 2744; x_wconf 86' lang='lat' dir='ltr'><strong>incircumcisos</strong></span> <span class='ocrx_word' id='word_1_372' title='bbox 752 2678 808 2760; x_wconf 92' lang='lat' dir='ltr'><strong>qui</strong></span> <span class='ocrx_word' id='word_1_373' title='bbox 831 2686 909 2742; x_wconf 89' lang='lat' dir='ltr'><strong>sunt</strong></span> <span class='ocrx_word' id='word_1_374' title='bbox 931 2677 1099 2754; x_wconf 89' lang='lat' dir='ltr'><strong>indociles,</strong></span> <span class='ocrx_word' id='word_1_375' title='bbox 1130 2685 1163 2741; x_wconf 91' lang='lat' dir='ltr'><strong>et</strong></span> <span class='ocrx_word' id='word_1_376' title='bbox 1215 2699 1343 2744; x_wconf 87' lang='lat' dir='ltr'><strong>summe</strong></span> <span class='ocrx_word' id='word_1_377' title='bbox 1365 2679 1418 2744; x_wconf 92' lang='lat' dir='ltr'><strong>hic</strong></span> <span class='ocrx_word' id='word_1_378' title='bbox 1440 2679 1597 2744; x_wconf 88' lang='lat' dir='ltr'><strong>Ieremias</strong></span> <span class='ocrx_word' id='word_1_379' title='bbox 1620 2681 1713 2745; x_wconf 90' lang='lat' dir='ltr'><strong>docet</strong></span> <span class='ocrx_word' id='word_1_380' title='bbox 1734 2689 1863 2746; x_wconf 90' lang='lat' dir='ltr'><strong>tautum</strong></span> <span class='ocrx_word' id='word_1_381' title='bbox 1893 2680 2006 2763; x_wconf 88' lang='lat' dir='ltr'><strong>fuisse,</strong></span> <span class='ocrx_word' id='word_1_382' title='bbox 2040 2695 2077 2746; x_wconf 92' lang='lat' dir='ltr'><strong>et</strong></span> <span class='ocrx_word' id='word_1_383' title='bbox 2100 2681 2207 2748; x_wconf 74' lang='lat' dir='ltr'><strong>telem</strong></span> 
     </span>
     <span class='ocr_line' id='line_1_28' title="bbox 191 2763 2206 2851; baseline 0 -20"><span class='ocrx_word' id='word_1_384' title='bbox 191 2770 245 2851; x_wconf 91' lang='lat' dir='ltr'><strong>qui</strong></span> <span class='ocrx_word' id='word_1_385' title='bbox 269 2766 392 2831; x_wconf 86' lang='lat' dir='ltr'><strong>abiecto</strong></span> <span class='ocrx_word' id='word_1_386' title='bbox 414 2765 478 2828; x_wconf 89' lang='lat' dir='ltr'><strong>Dei</strong></span> <span class='ocrx_word' id='word_1_387' title='bbox 500 2765 618 2828; x_wconf 90' lang='lat' dir='ltr'><strong>timore</strong></span> <span class='ocrx_word' id='word_1_388' title='bbox 641 2774 673 2828; x_wconf 89' lang='lat' dir='ltr'><strong>et</strong></span> <span class='ocrx_word' id='word_1_389' title='bbox 694 2766 782 2827; x_wconf 92' lang='lat' dir='ltr'><strong>omni</strong></span> <span class='ocrx_word' id='word_1_390' title='bbox 806 2783 903 2828; x_wconf 90' lang='lat' dir='ltr'><strong>sensu</strong></span> <span class='ocrx_word' id='word_1_391' title='bbox 938 2763 1069 2846; x_wconf 89' lang='lat' dir='ltr'><strong>pietatis</strong></span> <span class='ocrx_word' id='word_1_392' title='bbox 1091 2772 1163 2847; x_wconf 91' lang='lat' dir='ltr'><strong>post</strong></span> <span class='ocrx_word' id='word_1_393' title='bbox 1215 2764 1366 2830; x_wconf 90' lang='lat' dir='ltr'><strong>habitum</strong></span> <span class='ocrx_word' id='word_1_394' title='bbox 1395 2773 1598 2830; x_wconf 90' lang='lat' dir='ltr'><strong>contractum</strong></span> <span class='ocrx_word' id='word_1_395' title='bbox 1621 2787 1640 2831; x_wconf 89' lang='lat' dir='ltr'><strong>a</strong></span> <span class='ocrx_word' id='word_1_396' title='bbox 1662 2765 1803 2850; x_wconf 88' lang='lat' dir='ltr'><strong>Iudaeis,</strong></span> <span class='ocrx_word' id='word_1_397' title='bbox 1833 2774 1957 2832; x_wconf 90' lang='lat' dir='ltr'><strong>utnon</strong></span> <span class='ocrx_word' id='word_1_398' title='bbox 1980 2775 2103 2832; x_wconf 90' lang='lat' dir='ltr'><strong>essent</strong></span> <span class='ocrx_word' id='word_1_399' title='bbox 2133 2789 2206 2832; x_wconf 85' lang='lat' dir='ltr'><strong>arn·</strong></span> 
     </span>
     <span class='ocr_line' id='line_1_29' title="bbox 191 2849 2205 2935; baseline -0.001 -15"><span class='ocrx_word' id='word_1_400' title='bbox 191 2875 268 2920; x_wconf 83' lang='lat' dir='ltr'><strong>sues</strong></span> <span class='ocrx_word' id='word_1_401' title='bbox 290 2851 565 2932; x_wconf 89' lang='lat' dir='ltr'><strong>concupiscentias</strong></span> <span class='ocrx_word' id='word_1_402' title='bbox 587 2853 770 2931; x_wconf 87' lang='lat' dir='ltr'><strong>rapiuntur.</strong></span> <span class='ocrx_word' id='word_1_403' title='bbox 800 2850 873 2914; x_wconf 91' lang='lat' dir='ltr'><strong>Hoc</strong></span> <span class='ocrx_word' id='word_1_404' title='bbox 891 2856 1000 2913; x_wconf 82' lang='lat' dir='ltr'><strong>eutem</strong></span> <span class='ocrx_word' id='word_1_405' title='bbox 1018 2849 1163 2915; x_wconf 90' lang='lat' dir='ltr'><strong>odiosum</strong></span> <span class='ocrx_word' id='word_1_406' title='bbox 1216 2851 1300 2933; x_wconf 84' lang='lat' dir='ltr'><strong>plius</strong></span> <span class='ocrx_word' id='word_1_407' title='bbox 1330 2849 1424 2915; x_wconf 92' lang='lat' dir='ltr'><strong>liberi</strong></span> <span class='ocrx_word' id='word_1_408' title='bbox 1447 2851 1488 2915; x_wconf 87' lang='lat' dir='ltr'><strong>ad</strong></span> <span class='ocrx_word' id='word_1_409' title='bbox 1512 2851 1593 2915; x_wconf 87' lang='lat' dir='ltr'><strong>bene</strong></span> <span class='ocrx_word' id='word_1_410' title='bbox 1625 2851 1804 2935; x_wconf 82' lang='lat' dir='ltr'><strong>agendum:</strong></span> <span class='ocrx_word' id='word_1_411' title='bbox 1838 2852 1914 2935; x_wconf 89' lang='lat' dir='ltr'><strong>quia</strong></span> <span class='ocrx_word' id='word_1_412' title='bbox 1947 2851 2105 2918; x_wconf 88' lang='lat' dir='ltr'><strong>diabolus</strong></span> <span class='ocrx_word' id='word_1_413' title='bbox 2143 2875 2205 2919; x_wconf 87' lang='lat' dir='ltr'><strong>sua</strong></span> 
     </span>
     <span class='ocr_line' id='line_1_30' title="bbox 191 2934 2203 3021; baseline 0 -18"><span class='ocrx_word' id='word_1_414' title='bbox 191 2950 261 3004; x_wconf 87' lang='lat' dir='ltr'><strong>erat</strong></span> <span class='ocrx_word' id='word_1_415' title='bbox 295 2938 378 3020; x_wconf 83' lang='lat' dir='ltr'><strong>apud</strong></span> <span class='ocrx_word' id='word_1_416' title='bbox 412 2936 559 2999; x_wconf 89' lang='lat' dir='ltr'><strong>ludaeos.</strong></span> <span class='ocrx_word' id='word_1_417' title='bbox 614 2935 698 2999; x_wconf 92' lang='lat' dir='ltr'><strong>Nam</strong></span> <span class='ocrx_word' id='word_1_418' title='bbox 733 2934 936 3001; x_wconf 90' lang='lat' dir='ltr'><strong>circumcisio</strong></span> <span class='ocrx_word' id='word_1_419' title='bbox 969 2935 1067 3000; x_wconf 89' lang='lat' dir='ltr'><strong>dabat</strong></span> <span class='ocrx_word' id='word_1_420' title='bbox 1098 2934 1163 2999; x_wconf 91' lang='lat' dir='ltr'><strong>illis</strong></span> <span class='ocrx_word' id='word_1_421' title='bbox 1216 2958 1275 3021; x_wconf 90' lang='lat' dir='ltr'><strong>pro</strong></span> <span class='ocrx_word' id='word_1_422' title='bbox 1297 2934 1431 3001; x_wconf 89' lang='lat' dir='ltr'><strong>libidine</strong></span> <span class='ocrx_word' id='word_1_423' title='bbox 1452 2936 1517 3001; x_wconf 91' lang='lat' dir='ltr'><strong>huc</strong></span> <span class='ocrx_word' id='word_1_424' title='bbox 1539 2949 1571 3000; x_wconf 90' lang='lat' dir='ltr'><strong>et</strong></span> <span class='ocrx_word' id='word_1_425' title='bbox 1590 2935 1669 3003; x_wconf 92' lang='lat' dir='ltr'><strong>illue</strong></span> <span class='ocrx_word' id='word_1_426' title='bbox 1690 2937 1778 3020; x_wconf 91' lang='lat' dir='ltr'><strong>ipsos</strong></span> <span class='ocrx_word' id='word_1_427' title='bbox 1800 2936 1961 3016; x_wconf 88' lang='lat' dir='ltr'><strong>trahebat,</strong></span> <span class='ocrx_word' id='word_1_428' title='bbox 1982 2939 2203 3005; x_wconf 79' lang='lat' dir='ltr'><strong>sociassent</strong></span> 
     </span>
     <span class='ocr_line' id='line_1_31' title="bbox 192 3020 2201 3107; baseline 0.001 -20"><span class='ocrx_word' id='word_1_429' title='bbox 192 3046 260 3087; x_wconf 91' lang='lat' dir='ltr'><strong>non</strong></span> <span class='ocrx_word' id='word_1_430' title='bbox 283 3024 453 3104; x_wconf 84' lang='lat' dir='ltr'><strong>vulgarem</strong></span> <span class='ocrx_word' id='word_1_431' title='bbox 477 3023 647 3085; x_wconf 90' lang='lat' dir='ltr'><strong>materiam</strong></span> <span class='ocrx_word' id='word_1_432' title='bbox 670 3020 816 3101; x_wconf 83' lang='lat' dir='ltr'><strong>fiduciae,</strong></span> <span class='ocrx_word' id='word_1_433' title='bbox 843 3040 944 3102; x_wconf 92' lang='lat' dir='ltr'><strong>quum</strong></span> <span class='ocrx_word' id='word_1_434' title='bbox 968 3029 1053 3086; x_wconf 89' lang='lat' dir='ltr'><strong>esset</strong></span> <span class='ocrx_word' id='word_1_435' title='bbox 1075 3042 1162 3105; x_wconf 85' lang='lat' dir='ltr'><strong>sym·</strong></span> <span class='ocrx_word' id='word_1_436' title='bbox 1218 3023 1320 3088; x_wconf 91' lang='lat' dir='ltr'><strong>vineti</strong></span> <span class='ocrx_word' id='word_1_437' title='bbox 1353 3023 1422 3087; x_wconf 91' lang='lat' dir='ltr'><strong>eius</strong></span> <span class='ocrx_word' id='word_1_438' title='bbox 1454 3023 1586 3087; x_wconf 86' lang='grc' dir='ltr'>ιιιιιιιι.</span> <span class='ocrx_word' id='word_1_439' title='bbox 1637 3023 1682 3087; x_wconf 85' lang='lat' dir='ltr'><strong>Ilt</strong></span> <span class='ocrx_word' id='word_1_440' title='bbox 1710 3023 1758 3087; x_wconf 89' lang='lat' dir='ltr'><strong>ita</strong></span> <span class='ocrx_word' id='word_1_441' title='bbox 1789 3023 1945 3107; x_wconf 87' lang='lat' dir='ltr'><strong>exprimit</strong></span> <span class='ocrx_word' id='word_1_442' title='bbox 1978 3021 2201 3105; x_wconf 82' lang='lat' dir='ltr'><strong>desperatam</strong></span> 
     </span>
     <span class='ocr_line' id='line_1_32' title="bbox 192 3105 2198 3188; baseline 0.001 -14"><span class='ocrx_word' id='word_1_443' title='bbox 192 3109 302 3174; x_wconf 91' lang='lat' dir='ltr'><strong>bolum</strong></span> <span class='ocrx_word' id='word_1_444' title='bbox 325 3119 356 3170; x_wconf 91' lang='lat' dir='ltr'><strong>et</strong></span> <span class='ocrx_word' id='word_1_445' title='bbox 379 3107 497 3188; x_wconf 80' lang='lat' dir='ltr'><strong>pignus</strong></span> <span class='ocrx_word' id='word_1_446' title='bbox 519 3105 719 3187; x_wconf 89' lang='lat' dir='ltr'><strong>adoptionis:</strong></span> <span class='ocrx_word' id='word_1_447' title='bbox 747 3110 780 3168; x_wconf 94' lang='lat' dir='ltr'><strong>et</strong></span> <span class='ocrx_word' id='word_1_448' title='bbox 802 3126 904 3187; x_wconf 93' lang='lat' dir='ltr'><strong>quum</strong></span> <span class='ocrx_word' id='word_1_449' title='bbox 926 3106 1049 3171; x_wconf 87' lang='lat' dir='ltr'><strong>seirent</strong></span> <span class='ocrx_word' id='word_1_450' title='bbox 1069 3127 1107 3169; x_wconf 85' lang='lat' dir='ltr'><strong>ea</strong></span> <span class='ocrx_word' id='word_1_451' title='bbox 1129 3127 1164 3170; x_wconf 91' lang='lat' dir='ltr'><strong>se</strong></span> <span class='ocrx_word' id='word_1_452' title='bbox 1216 3108 1384 3172; x_wconf 88' lang='lat' dir='ltr'><strong>malitiam.</strong></span> <span class='ocrx_word' id='word_1_453' title='bbox 1421 3105 1623 3185; x_wconf 89' lang='lat' dir='ltr'><strong>Aristoteles,</strong></span> <span class='ocrx_word' id='word_1_454' title='bbox 1646 3108 1775 3174; x_wconf 88' lang='lat' dir='ltr'><strong>etiamsi</strong></span> <span class='ocrx_word' id='word_1_455' title='bbox 1796 3108 1888 3174; x_wconf 89' lang='lat' dir='ltr'><strong>nulla</strong></span> <span class='ocrx_word' id='word_1_456' title='bbox 1909 3110 1953 3173; x_wconf 92' lang='lat' dir='ltr'><strong>sit</strong></span> <span class='ocrx_word' id='word_1_457' title='bbox 1975 3109 2051 3174; x_wconf 90' lang='lat' dir='ltr'><strong>eius</strong></span> <span class='ocrx_word' id='word_1_458' title='bbox 2072 3113 2198 3176; x_wconf 80' lang='lat' dir='ltr'><strong>euteri-</strong></span> 
     </span>
     <span class='ocr_line' id='line_1_33' title="bbox 193 3190 2198 3279; baseline 0 -22"><span class='ocrx_word' id='word_1_459' title='bbox 193 3194 233 3258; x_wconf 91' lang='lat' dir='ltr'><strong>ab</strong></span> <span class='ocrx_word' id='word_1_460' title='bbox 257 3193 329 3256; x_wconf 85' lang='lat' dir='ltr'><strong>aliis</strong></span> <span class='ocrx_word' id='word_1_461' title='bbox 360 3190 511 3273; x_wconf 83' lang='lat' dir='ltr'><strong>gentibus</strong></span> <span class='ocrx_word' id='word_1_462' title='bbox 544 3201 731 3271; x_wconf 79' lang='lat' dir='ltr'><strong>segregatos</strong></span> <span class='ocrx_word' id='word_1_463' title='bbox 762 3211 841 3265; x_wconf 90' lang='lat' dir='ltr'><strong>esse,</strong></span> <span class='ocrx_word' id='word_1_464' title='bbox 876 3199 914 3253; x_wconf 92' lang='lat' dir='ltr'><strong>ut</strong></span> <span class='ocrx_word' id='word_1_465' title='bbox 936 3200 1047 3255; x_wconf 89' lang='lat' dir='ltr'><strong>essent</strong></span> <span class='ocrx_word' id='word_1_466' title='bbox 1074 3211 1164 3256; x_wconf 90' lang='lat' dir='ltr'><strong>sacer</strong></span> <span class='ocrx_word' id='word_1_467' title='bbox 1217 3207 1276 3273; x_wconf 88' lang='lat' dir='ltr'><strong>tas,</strong></span> <span class='ocrx_word' id='word_1_468' title='bbox 1299 3202 1455 3275; x_wconf 92' lang='lat' dir='ltr'><strong>quantum</strong></span> <span class='ocrx_word' id='word_1_469' title='bbox 1478 3193 1598 3258; x_wconf 91' lang='lat' dir='ltr'><strong>attinet</strong></span> <span class='ocrx_word' id='word_1_470' title='bbox 1620 3193 1660 3257; x_wconf 94' lang='lat' dir='ltr'><strong>ad</strong></span> <span class='ocrx_word' id='word_1_471' title='bbox 1682 3194 1877 3276; x_wconf 89' lang='lat' dir='ltr'><strong>principium</strong></span> <span class='ocrx_word' id='word_1_472' title='bbox 1901 3193 2094 3272; x_wconf 83' lang='lat' dir='ltr'><strong>voluntatis,</strong></span> <span class='ocrx_word' id='word_1_473' title='bbox 2118 3197 2198 3279; x_wconf 84' lang='lat' dir='ltr'><strong>quis</strong></span> 
     </span>
     <span class='ocr_line' id='line_1_34' title="bbox 195 3273 2196 3365; baseline 0.002 -24"><span class='ocrx_word' id='word_1_474' title='bbox 195 3277 257 3343; x_wconf 91' lang='lat' dir='ltr'><strong>Dei</strong></span> <span class='ocrx_word' id='word_1_475' title='bbox 292 3277 441 3358; x_wconf 90' lang='lat' dir='ltr'><strong>populns.</strong></span> <span class='ocrx_word' id='word_1_476' title='bbox 502 3273 568 3339; x_wconf 83' lang='lat' dir='ltr'><strong>Sed</strong></span> <span class='ocrx_word' id='word_1_477' title='bbox 601 3273 778 3356; x_wconf 90' lang='lat' dir='ltr'><strong>prophetae</strong></span> <span class='ocrx_word' id='word_1_478' title='bbox 818 3276 988 3339; x_wconf 87' lang='lat' dir='ltr'><strong>excutiunt</strong></span> <span class='ocrx_word' id='word_1_479' title='bbox 1031 3278 1163 3340; x_wconf 88' lang='lat' dir='ltr'><strong>inanem</strong></span> <span class='ocrx_word' id='word_1_480' title='bbox 1217 3279 1332 3343; x_wconf 88' lang='lat' dir='ltr'><strong>statuit</strong></span> <span class='ocrx_word' id='word_1_481' title='bbox 1364 3276 1501 3343; x_wconf 90' lang='lat' dir='ltr'><strong>liberum</strong></span> <span class='ocrx_word' id='word_1_482' title='bbox 1532 3276 1703 3343; x_wconf 89' lang='lat' dir='ltr'><strong>arbitrium</strong></span> <span class='ocrx_word' id='word_1_483' title='bbox 1735 3278 1831 3364; x_wconf 86' lang='lat' dir='ltr'><strong>(nihil</strong></span> <span class='ocrx_word' id='word_1_484' title='bbox 1862 3280 1947 3344; x_wconf 93' lang='lat' dir='ltr'><strong>enim</strong></span> <span class='ocrx_word' id='word_1_485' title='bbox 1971 3280 2135 3365; x_wconf 83' lang='lat' dir='ltr'><strong>cognovit</strong></span> <span class='ocrx_word' id='word_1_486' title='bbox 2157 3282 2196 3346; x_wconf 91' lang='lat' dir='ltr'><strong>de</strong></span> 
     </span>
     <span class='ocr_line' id='line_1_35' title="bbox 193 3360 2195 3450; baseline 0.002 -22"><span class='ocrx_word' id='word_1_487' title='bbox 193 3364 356 3439; x_wconf 89' lang='lat' dir='ltr'><strong>fiduciam,</strong></span> <span class='ocrx_word' id='word_1_488' title='bbox 380 3361 432 3424; x_wconf 91' lang='lat' dir='ltr'><strong>ubi</strong></span> <span class='ocrx_word' id='word_1_489' title='bbox 454 3370 567 3424; x_wconf 89' lang='lat' dir='ltr'><strong>vocant</strong></span> <span class='ocrx_word' id='word_1_490' title='bbox 590 3360 831 3425; x_wconf 90' lang='lat' dir='ltr'><strong>incircumcisos</strong></span> <span class='ocrx_word' id='word_1_491' title='bbox 853 3360 950 3424; x_wconf 89' lang='lat' dir='ltr'><strong>corde</strong></span> <span class='ocrx_word' id='word_1_492' title='bbox 970 3365 1004 3424; x_wconf 88' lang='lat' dir='ltr'><strong>et</strong></span> <span class='ocrx_word' id='word_1_493' title='bbox 1022 3361 1163 3438; x_wconf 81' lang='lat' dir='ltr'><strong>auritus,</strong></span> <span class='ocrx_word' id='word_1_494' title='bbox 1217 3371 1345 3445; x_wconf 89' lang='lat' dir='ltr'><strong>peccato</strong></span> <span class='ocrx_word' id='word_1_495' title='bbox 1369 3362 1531 3445; x_wconf 87' lang='lat' dir='ltr'><strong>originali,</strong></span> <span class='ocrx_word' id='word_1_496' title='bbox 1553 3371 1586 3427; x_wconf 90' lang='lat' dir='ltr'><strong>et</strong></span> <span class='ocrx_word' id='word_1_497' title='bbox 1603 3365 1787 3447; x_wconf 84' lang='lat' dir='ltr'><strong>corruptela</strong></span> <span class='ocrx_word' id='word_1_498' title='bbox 1808 3364 1959 3450; x_wconf 87' lang='lat' dir='ltr'><strong>naturae)</strong></span> <span class='ocrx_word' id='word_1_499' title='bbox 1982 3376 2094 3431; x_wconf 84' lang='lat' dir='ltr'><strong>tamen</strong></span> <span class='ocrx_word' id='word_1_500' title='bbox 2117 3367 2195 3432; x_wconf 81' lang='lat' dir='ltr'><strong>fete-</strong></span> 
     </span>
     <span class='ocr_line' id='line_1_36' title="bbox 194 3445 2194 3534; baseline 0.003 -21"><span class='ocrx_word' id='word_1_501' title='bbox 194 3451 270 3532; x_wconf 87' lang='lat' dir='ltr'><strong>quia</strong></span> <span class='ocrx_word' id='word_1_502' title='bbox 292 3447 420 3510; x_wconf 92' lang='lat' dir='ltr'><strong>mentiti</strong></span> <span class='ocrx_word' id='word_1_503' title='bbox 444 3448 573 3509; x_wconf 85' lang='lat' dir='ltr'><strong>fuerent</strong></span> <span class='ocrx_word' id='word_1_504' title='bbox 595 3445 675 3521; x_wconf 87' lang='lat' dir='ltr'><strong>Deo,</strong></span> <span class='ocrx_word' id='word_1_505' title='bbox 699 3466 796 3526; x_wconf 90' lang='lat' dir='ltr'><strong>quum</strong></span> <span class='ocrx_word' id='word_1_506' title='bbox 818 3445 956 3529; x_wconf 92' lang='lat' dir='ltr'><strong>polliciti</strong></span> <span class='ocrx_word' id='word_1_507' title='bbox 978 3447 1109 3511; x_wconf 86' lang='lat' dir='ltr'><strong>fuerant</strong></span> <span class='ocrx_word' id='word_1_508' title='bbox 1131 3469 1166 3511; x_wconf 89' lang='lat' dir='ltr'><strong>se</strong></span> <span class='ocrx_word' id='word_1_509' title='bbox 1217 3456 1272 3512; x_wconf 90' lang='lat' dir='ltr'><strong>tur</strong></span> <span class='ocrx_word' id='word_1_510' title='bbox 1294 3467 1359 3529; x_wconf 91' lang='lat' dir='ltr'><strong>eos,</strong></span> <span class='ocrx_word' id='word_1_511' title='bbox 1395 3448 1451 3530; x_wconf 92' lang='lat' dir='ltr'><strong>qui</strong></span> <span class='ocrx_word' id='word_1_512' title='bbox 1480 3450 1623 3513; x_wconf 91' lang='lat' dir='ltr'><strong>maxime</strong></span> <span class='ocrx_word' id='word_1_513' title='bbox 1651 3450 1743 3515; x_wconf 93' lang='lat' dir='ltr'><strong>liberi</strong></span> <span class='ocrx_word' id='word_1_514' title='bbox 1774 3461 1860 3534; x_wconf 90' lang='lat' dir='ltr'><strong>sunt,</strong></span> <span class='ocrx_word' id='word_1_515' title='bbox 1894 3471 1960 3515; x_wconf 93' lang='lat' dir='ltr'><strong>non</strong></span> <span class='ocrx_word' id='word_1_516' title='bbox 1987 3471 2088 3532; x_wconf 90' lang='lat' dir='ltr'><strong>posse</strong></span> <span class='ocrx_word' id='word_1_517' title='bbox 2111 3453 2194 3518; x_wconf 90' lang='lat' dir='ltr'><strong>bene</strong></span> 
     </span>
     <span class='ocr_line' id='line_1_37' title="bbox 194 3530 2194 3618; baseline 0.001 -19"><span class='ocrx_word' id='word_1_518' title='bbox 194 3538 264 3600; x_wconf 89' lang='lat' dir='ltr'><strong>fore</strong></span> <span class='ocrx_word' id='word_1_519' title='bbox 287 3534 510 3613; x_wconf 88' lang='lat' dir='ltr'><strong>obsequentes.</strong></span> <span class='ocrx_word' id='word_1_520' title='bbox 548 3533 633 3595; x_wconf 91' lang='lat' dir='ltr'><strong>Nam</strong></span> <span class='ocrx_word' id='word_1_521' title='bbox 656 3532 784 3615; x_wconf 85' lang='lat' dir='ltr'><strong>signum</strong></span> <span class='ocrx_word' id='word_1_522' title='bbox 807 3530 889 3596; x_wconf 93' lang='lat' dir='ltr'><strong>illud</strong></span> <span class='ocrx_word' id='word_1_523' title='bbox 912 3539 1085 3597; x_wconf 88' lang='lat' dir='ltr'><strong>externum</strong></span> <span class='ocrx_word' id='word_1_524' title='bbox 1108 3554 1166 3615; x_wconf 91' lang='lat' dir='ltr'><strong>per</strong></span> <span class='ocrx_word' id='word_1_525' title='bbox 1217 3556 1322 3618; x_wconf 86' lang='lat' dir='ltr'><strong>agere,</strong></span> <span class='ocrx_word' id='word_1_526' title='bbox 1354 3542 1525 3616; x_wconf 90' lang='lat' dir='ltr'><strong>postquam</strong></span> <span class='ocrx_word' id='word_1_527' title='bbox 1554 3536 1602 3598; x_wconf 85' lang='lat' dir='ltr'><strong>ita</strong></span> <span class='ocrx_word' id='word_1_528' title='bbox 1623 3534 1847 3601; x_wconf 90' lang='lat' dir='ltr'><strong>obduruerunt</strong></span> <span class='ocrx_word' id='word_1_529' title='bbox 1868 3538 1903 3600; x_wconf 93' lang='lat' dir='ltr'><strong>in</strong></span> <span class='ocrx_word' id='word_1_530' title='bbox 1926 3536 1995 3601; x_wconf 90' lang='lat' dir='ltr'><strong>suis</strong></span> <span class='ocrx_word' id='word_1_531' title='bbox 2017 3538 2124 3617; x_wconf 87' lang='lat' dir='ltr'><strong>vitiis,</strong></span> <span class='ocrx_word' id='word_1_532' title='bbox 2159 3547 2194 3603; x_wconf 90' lang='grc' dir='ltr'><strong>ιιι</strong></span> 
     </span>
     <span class='ocr_line' id='line_1_38' title="bbox 195 3617 2193 3706; baseline 0.002 -22"><span class='ocrx_word' id='word_1_533' title='bbox 195 3642 230 3684; x_wconf 89' lang='grc' dir='ltr'><strong>ιι</strong></span> <span class='ocrx_word' id='word_1_534' title='bbox 249 3619 370 3682; x_wconf 90' lang='lat' dir='ltr'><strong>nullius</strong></span> <span class='ocrx_word' id='word_1_535' title='bbox 388 3627 437 3680; x_wconf 87' lang='lat' dir='ltr'><strong>est</strong></span> <span class='ocrx_word' id='word_1_536' title='bbox 456 3619 619 3692; x_wconf 88' lang='lat' dir='ltr'><strong>momenti,</strong></span> <span class='ocrx_word' id='word_1_537' title='bbox 645 3617 705 3681; x_wconf 91' lang='lat' dir='ltr'><strong>nisi</strong></span> <span class='ocrx_word' id='word_1_538' title='bbox 726 3618 919 3701; x_wconf 89' lang='lat' dir='ltr'><strong>respiciatur</strong></span> <span class='ocrx_word' id='word_1_539' title='bbox 936 3619 1020 3684; x_wconf 86' lang='lat' dir='ltr'><strong>finis.</strong></span> <span class='ocrx_word' id='word_1_540' title='bbox 1051 3617 1166 3684; x_wconf 86' lang='lat' dir='ltr'><strong>Voluit</strong></span> <span class='ocrx_word' id='word_1_541' title='bbox 1216 3619 1369 3705; x_wconf 82' lang='grc' dir='ltr'>ἀκράτεια</span> <span class='ocrx_word' id='word_1_542' title='bbox 1399 3619 1432 3682; x_wconf 94' lang='lat' dir='ltr'><strong>in</strong></span> <span class='ocrx_word' id='word_1_543' title='bbox 1463 3619 1543 3702; x_wconf 91' lang='lat' dir='ltr'><strong>ipsis</strong></span> <span class='ocrx_word' id='word_1_544' title='bbox 1573 3619 1767 3687; x_wconf 92' lang='lat' dir='ltr'><strong>dominetur.</strong></span> <span class='ocrx_word' id='word_1_545' title='bbox 1820 3622 1903 3686; x_wconf 87' lang='lat' dir='ltr'><strong>Nam</strong></span> <span class='ocrx_word' id='word_1_546' title='bbox 1932 3624 2193 3706; x_wconf 84' lang='lat' dir='ltr'><strong>intemperantis</strong></span> 
     </span>
     <span class='ocr_line' id='line_1_39' title="bbox 195 3702 2192 3789; baseline 0.004 -21"><span class='ocrx_word' id='word_1_547' title='bbox 195 3704 288 3769; x_wconf 91' lang='lat' dir='ltr'><strong>Deus</strong></span> <span class='ocrx_word' id='word_1_548' title='bbox 310 3704 552 3768; x_wconf 88' lang='lat' dir='ltr'><strong>circumcisione</strong></span> <span class='ocrx_word' id='word_1_549' title='bbox 584 3722 773 3766; x_wconf 89' lang='lat' dir='ltr'><strong>consecrare</strong></span> <span class='ocrx_word' id='word_1_550' title='bbox 803 3702 864 3767; x_wconf 90' lang='lat' dir='ltr'><strong>sibi</strong></span> <span class='ocrx_word' id='word_1_551' title='bbox 887 3712 1032 3768; x_wconf 91' lang='lat' dir='ltr'><strong>veterem</strong></span> <span class='ocrx_word' id='word_1_552' title='bbox 1062 3724 1164 3786; x_wconf 91' lang='lat' dir='ltr'><strong>popu·</strong></span> <span class='ocrx_word' id='word_1_553' title='bbox 1217 3718 1266 3771; x_wconf 89' lang='grc' dir='ltr'><strong>ιιι</strong></span> <span class='ocrx_word' id='word_1_554' title='bbox 1288 3707 1381 3789; x_wconf 88' lang='lat' dir='ltr'><strong>quasi</strong></span> <span class='ocrx_word' id='word_1_555' title='bbox 1403 3715 1578 3784; x_wconf 78' lang='lat' dir='ltr'><strong>tyrannus,</strong></span> <span class='ocrx_word' id='word_1_556' title='bbox 1608 3707 1664 3788; x_wconf 89' lang='lat' dir='ltr'><strong>qui</strong></span> <span class='ocrx_word' id='word_1_557' title='bbox 1687 3708 1733 3772; x_wconf 91' lang='lat' dir='ltr'><strong>ita</strong></span> <span class='ocrx_word' id='word_1_558' title='bbox 1754 3708 1884 3773; x_wconf 90' lang='lat' dir='ltr'><strong>subiicit</strong></span> <span class='ocrx_word' id='word_1_559' title='bbox 1913 3708 1975 3772; x_wconf 85' lang='lat' dir='ltr'><strong>eibi</strong></span> <span class='ocrx_word' id='word_1_560' title='bbox 1996 3727 2117 3774; x_wconf 93' lang='lat' dir='ltr'><strong>omnes</strong></span> <span class='ocrx_word' id='word_1_561' title='bbox 2148 3710 2192 3774; x_wconf 86' lang='grc' dir='ltr'><strong>ιι·</strong></span> 
     </span>
     <span class='ocr_line' id='line_1_40' title="bbox 195 3787 2192 3870; baseline 0.003 -16"><span class='ocrx_word' id='word_1_562' title='bbox 195 3791 281 3854; x_wconf 89' lang='lat' dir='ltr'><strong>lum:</strong></span> <span class='ocrx_word' id='word_1_563' title='bbox 319 3789 374 3852; x_wconf 92' lang='lat' dir='ltr'><strong>ubi</strong></span> <span class='ocrx_word' id='word_1_564' title='bbox 408 3788 550 3851; x_wconf 87' lang='lat' dir='ltr'><strong>contenti</strong></span> <span class='ocrx_word' id='word_1_565' title='bbox 585 3793 680 3850; x_wconf 91' lang='lat' dir='ltr'><strong>erant</strong></span> <span class='ocrx_word' id='word_1_566' title='bbox 712 3788 806 3869; x_wconf 83' lang='lat' dir='ltr'><strong>signo</strong></span> <span class='ocrx_word' id='word_1_567' title='bbox 840 3787 959 3852; x_wconf 91' lang='lat' dir='ltr'><strong>visibili</strong></span> <span class='ocrx_word' id='word_1_568' title='bbox 993 3789 1165 3869; x_wconf 87' lang='lat' dir='ltr'><strong>duntaxat,</strong></span> <span class='ocrx_word' id='word_1_569' title='bbox 1217 3792 1330 3870; x_wconf 86' lang='lat' dir='ltr'><strong>fectus,</strong></span> <span class='ocrx_word' id='word_1_570' title='bbox 1356 3799 1390 3855; x_wconf 89' lang='lat' dir='ltr'><strong>et</strong></span> <span class='ocrx_word' id='word_1_571' title='bbox 1411 3812 1525 3856; x_wconf 88' lang='lat' dir='ltr'><strong>seusus</strong></span> <span class='ocrx_word' id='word_1_572' title='bbox 1549 3792 1729 3867; x_wconf 84' lang='lat' dir='ltr'><strong>hominum,</strong></span> <span class='ocrx_word' id='word_1_573' title='bbox 1760 3802 1796 3856; x_wconf 91' lang='lat' dir='ltr'><strong>ut</strong></span> <span class='ocrx_word' id='word_1_574' title='bbox 1818 3793 1910 3857; x_wconf 91' lang='lat' dir='ltr'><strong>nulla</strong></span> <span class='ocrx_word' id='word_1_575' title='bbox 1932 3793 1976 3857; x_wconf 88' lang='lat' dir='ltr'><strong>sit</strong></span> <span class='ocrx_word' id='word_1_576' title='bbox 1998 3792 2069 3859; x_wconf 92' lang='lat' dir='ltr'><strong>illie</strong></span> <span class='ocrx_word' id='word_1_577' title='bbox 2093 3793 2192 3860; x_wconf 92' lang='lat' dir='ltr'><strong>liber·</strong></span> 
     </span>
     <span class='ocr_line' id='line_1_41' title="bbox 195 3870 2193 3963; baseline 0.002 -23"><span class='ocrx_word' id='word_1_578' title='bbox 195 3876 286 3941; x_wconf 92' lang='lat' dir='ltr'><strong>nulla</strong></span> <span class='ocrx_word' id='word_1_579' title='bbox 309 3875 461 3938; x_wconf 87' lang='lat' dir='ltr'><strong>manebat</strong></span> <span class='ocrx_word' id='word_1_580' title='bbox 479 3873 609 3949; x_wconf 91' lang='lat' dir='ltr'><strong>veritas,</strong></span> <span class='ocrx_word' id='word_1_581' title='bbox 632 3892 709 3953; x_wconf 82' lang='lat' dir='ltr'><strong>ergo</strong></span> <span class='ocrx_word' id='word_1_582' title='bbox 728 3870 945 3953; x_wconf 87' lang='lat' dir='ltr'><strong>profanabant</strong></span> <span class='ocrx_word' id='word_1_583' title='bbox 967 3872 1079 3938; x_wconf 91' lang='lat' dir='ltr'><strong>foedus</strong></span> <span class='ocrx_word' id='word_1_584' title='bbox 1092 3874 1165 3939; x_wconf 88' lang='lat' dir='ltr'><strong>Dei.</strong></span> <span class='ocrx_word' id='word_1_585' title='bbox 1218 3889 1276 3942; x_wconf 91' lang='grc' dir='ltr'>ιιι.</span> <span class='ocrx_word' id='word_1_586' title='bbox 1321 3876 1418 3942; x_wconf 85' lang='grc' dir='ltr'>Νιιιι</span> <span class='ocrx_word' id='word_1_587' title='bbox 1440 3897 1518 3958; x_wconf 79' lang='lat' dir='ltr'><strong>ergo</strong></span> <span class='ocrx_word' id='word_1_588' title='bbox 1541 3877 1687 3942; x_wconf 90' lang='lat' dir='ltr'><strong>videmus</strong></span> <span class='ocrx_word' id='word_1_589' title='bbox 1717 3877 1794 3961; x_wconf 88' lang='lat' dir='ltr'><strong>quid</strong></span> <span class='ocrx_word' id='word_1_590' title='bbox 1817 3878 1877 3945; x_wconf 86' lang='lat' dir='ltr'><strong>sibi</strong></span> <span class='ocrx_word' id='word_1_591' title='bbox 1901 3879 1982 3944; x_wconf 91' lang='lat' dir='ltr'><strong>velit</strong></span> <span class='ocrx_word' id='word_1_592' title='bbox 2009 3880 2193 3963; x_wconf 86' lang='lat' dir='ltr'><strong>propheta:</strong></span> 
     </span>
     <span class='ocr_line' id='line_1_42' title="bbox 197 3956 2193 4050; baseline 0.004 -26"><span class='ocrx_word' id='word_1_593' title='bbox 197 3958 479 4041; x_wconf 81' lang='lat' dir='ltr'><strong>Quemadmodum</strong></span> <span class='ocrx_word' id='word_1_594' title='bbox 510 3956 605 4020; x_wconf 90' lang='lat' dir='ltr'><strong>hodie</strong></span> <span class='ocrx_word' id='word_1_595' title='bbox 635 3956 663 4019; x_wconf 90' lang='grc' dir='ltr'><strong>ιι</strong></span> <span class='ocrx_word' id='word_1_596' title='bbox 686 3956 847 4038; x_wconf 87' lang='lat' dir='ltr'><strong>baptismo</strong></span> <span class='ocrx_word' id='word_1_597' title='bbox 877 3957 1077 4040; x_wconf 91' lang='lat' dir='ltr'><strong>superbiant,</strong></span> <span class='ocrx_word' id='word_1_598' title='bbox 1111 3961 1165 4041; x_wconf 93' lang='lat' dir='ltr'><strong>qui</strong></span> <span class='ocrx_word' id='word_1_599' title='bbox 1218 3984 1284 4025; x_wconf 90' lang='lat' dir='ltr'><strong>non</strong></span> <span class='ocrx_word' id='word_1_600' title='bbox 1306 3961 1460 4044; x_wconf 80' lang='lat' dir='ltr'><strong>intelligit</strong></span> <span class='ocrx_word' id='word_1_601' title='bbox 1482 3960 1620 4027; x_wconf 90' lang='lat' dir='ltr'><strong>Iudaeos</strong></span> <span class='ocrx_word' id='word_1_602' title='bbox 1643 3982 1786 4047; x_wconf 90' lang='lat' dir='ltr'><strong>peccare,</strong></span> <span class='ocrx_word' id='word_1_603' title='bbox 1819 3964 1982 4046; x_wconf 90' lang='lat' dir='ltr'><strong>quianon</strong></span> <span class='ocrx_word' id='word_1_604' title='bbox 2006 3965 2076 4030; x_wconf 87' lang='lat' dir='ltr'><strong>sint</strong></span> <span class='ocrx_word' id='word_1_605' title='bbox 2099 3986 2193 4050; x_wconf 84' lang='lat' dir='ltr'><strong>prae·</strong></span> 
     </span>
     <span class='ocr_line' id='line_1_43' title="bbox 197 4041 2193 4135; baseline 0.003 -24"><span class='ocrx_word' id='word_1_606' title='bbox 197 4047 314 4111; x_wconf 93' lang='lat' dir='ltr'><strong>volunt</strong></span> <span class='ocrx_word' id='word_1_607' title='bbox 336 4045 461 4108; x_wconf 91' lang='lat' dir='ltr'><strong>censeri</strong></span> <span class='ocrx_word' id='word_1_608' title='bbox 484 4041 674 4113; x_wconf 79' lang='lat' dir='ltr'><strong>Christiani,</strong></span> <span class='ocrx_word' id='word_1_609' title='bbox 709 4041 833 4105; x_wconf 87' lang='lat' dir='ltr'><strong>interea</strong></span> <span class='ocrx_word' id='word_1_610' title='bbox 863 4041 1036 4106; x_wconf 86' lang='lat' dir='ltr'><strong>ostendant</strong></span> <span class='ocrx_word' id='word_1_611' title='bbox 1057 4064 1091 4109; x_wconf 89' lang='lat' dir='ltr'><strong>ee</strong></span> <span class='ocrx_word' id='word_1_612' title='bbox 1113 4065 1166 4109; x_wconf 91' lang='lat' dir='ltr'><strong>ca·</strong></span> <span class='ocrx_word' id='word_1_613' title='bbox 1218 4047 1277 4110; x_wconf 91' lang='lat' dir='ltr'><strong>diti</strong></span> <span class='ocrx_word' id='word_1_614' title='bbox 1300 4046 1470 4110; x_wconf 89' lang='lat' dir='ltr'><strong>facultate:</strong></span> <span class='ocrx_word' id='word_1_615' title='bbox 1494 4045 1549 4110; x_wconf 92' lang='lat' dir='ltr'><strong>sed</strong></span> <span class='ocrx_word' id='word_1_616' title='bbox 1573 4049 1648 4130; x_wconf 90' lang='lat' dir='ltr'><strong>quia</strong></span> <span class='ocrx_word' id='word_1_617' title='bbox 1666 4070 1701 4113; x_wconf 92' lang='grc' dir='ltr'><strong>ιι</strong></span> <span class='ocrx_word' id='word_1_618' title='bbox 1718 4050 1805 4131; x_wconf 90' lang='lat' dir='ltr'><strong>ipsos</strong></span> <span class='ocrx_word' id='word_1_619' title='bbox 1827 4049 2044 4115; x_wconf 90' lang='lat' dir='ltr'><strong>demerserint</strong></span> <span class='ocrx_word' id='word_1_620' title='bbox 2064 4050 2103 4114; x_wconf 92' lang='lat' dir='ltr'><strong>in</strong></span> <span class='ocrx_word' id='word_1_621' title='bbox 2124 4072 2193 4135; x_wconf 88' lang='lat' dir='ltr'><strong>pro·</strong></span> 
     </span>
     <span class='ocr_line' id='line_1_44' title="bbox 198 4125 2192 4217; baseline 0.003 -21"><span class='ocrx_word' id='word_1_622' title='bbox 198 4153 270 4197; x_wconf 90' lang='lat' dir='ltr'><strong>rere</strong></span> <span class='ocrx_word' id='word_1_623' title='bbox 292 4131 381 4193; x_wconf 92' lang='lat' dir='ltr'><strong>omni</strong></span> <span class='ocrx_word' id='word_1_624' title='bbox 405 4130 466 4193; x_wconf 92' lang='lat' dir='ltr'><strong>Dei</strong></span> <span class='ocrx_word' id='word_1_625' title='bbox 496 4140 591 4199; x_wconf 85' lang='lat' dir='ltr'><strong>metu,</strong></span> <span class='ocrx_word' id='word_1_626' title='bbox 622 4138 654 4190; x_wconf 93' lang='lat' dir='ltr'><strong>et</strong></span> <span class='ocrx_word' id='word_1_627' title='bbox 678 4125 747 4190; x_wconf 90' lang='lat' dir='ltr'><strong>vita</strong></span> <span class='ocrx_word' id='word_1_628' title='bbox 769 4146 883 4190; x_wconf 92' lang='lat' dir='ltr'><strong>eorum</strong></span> <span class='ocrx_word' id='word_1_629' title='bbox 905 4128 1032 4192; x_wconf 90' lang='lat' dir='ltr'><strong>aboleat</strong></span> <span class='ocrx_word' id='word_1_630' title='bbox 1055 4149 1165 4192; x_wconf 90' lang='lat' dir='ltr'><strong>veram</strong></span> <span class='ocrx_word' id='word_1_631' title='bbox 1218 4131 1355 4195; x_wconf 90' lang='lat' dir='ltr'><strong>fundum</strong></span> <span class='ocrx_word' id='word_1_632' title='bbox 1386 4130 1538 4207; x_wconf 81' lang='lat' dir='ltr'><strong>malitiae,</strong></span> <span class='ocrx_word' id='word_1_633' title='bbox 1573 4142 1610 4196; x_wconf 92' lang='lat' dir='ltr'><strong>ut</strong></span> <span class='ocrx_word' id='word_1_634' title='bbox 1631 4134 1698 4198; x_wconf 90' lang='lat' dir='ltr'><strong>sint</strong></span> <span class='ocrx_word' id='word_1_635' title='bbox 1718 4135 1810 4217; x_wconf 92' lang='lat' dir='ltr'><strong>quasi</strong></span> <span class='ocrx_word' id='word_1_636' title='bbox 1833 4134 2024 4200; x_wconf 87' lang='lat' dir='ltr'><strong>venumdati</strong></span> <span class='ocrx_word' id='word_1_637' title='bbox 2055 4136 2192 4217; x_wconf 84' lang='lat' dir='ltr'><strong>diabolo,</strong></span> 
     </span>
     <span class='ocr_line' id='line_1_45' title="bbox 197 4211 2193 4302; baseline 0.003 -20"><span class='ocrx_word' id='word_1_638' title='bbox 197 4216 350 4299; x_wconf 91' lang='lat' dir='ltr'><strong>baptismi</strong></span> <span class='ocrx_word' id='word_1_639' title='bbox 388 4227 557 4278; x_wconf 89' lang='lat' dir='ltr'><strong>naturam:</strong></span> <span class='ocrx_word' id='word_1_640' title='bbox 596 4211 671 4276; x_wconf 91' lang='lat' dir='ltr'><strong>inde</strong></span> <span class='ocrx_word' id='word_1_641' title='bbox 707 4219 840 4293; x_wconf 88' lang='lat' dir='ltr'><strong>apparet</strong></span> <span class='ocrx_word' id='word_1_642' title='bbox 876 4231 947 4277; x_wconf 91' lang='lat' dir='ltr'><strong>esse</strong></span> <span class='ocrx_word' id='word_1_643' title='bbox 982 4214 1166 4297; x_wconf 84' lang='lat' dir='ltr'><strong>sacrilegos,</strong></span> <span class='ocrx_word' id='word_1_644' title='bbox 1219 4218 1273 4298; x_wconf 92' lang='lat' dir='ltr'><strong>qui</strong></span> <span class='ocrx_word' id='word_1_645' title='bbox 1304 4225 1393 4279; x_wconf 91' lang='lat' dir='ltr'><strong>tenet</strong></span> <span class='ocrx_word' id='word_1_646' title='bbox 1424 4214 1498 4280; x_wconf 91' lang='lat' dir='ltr'><strong>illos</strong></span> <span class='ocrx_word' id='word_1_647' title='bbox 1526 4216 1587 4282; x_wconf 90' lang='lat' dir='ltr'><strong>sibi</strong></span> <span class='ocrx_word' id='word_1_648' title='bbox 1620 4218 1798 4300; x_wconf 84' lang='lat' dir='ltr'><strong>devinctos,</strong></span> <span class='ocrx_word' id='word_1_649' title='bbox 1832 4232 1865 4284; x_wconf 91' lang='lat' dir='ltr'><strong>et</strong></span> <span class='ocrx_word' id='word_1_650' title='bbox 1894 4221 2036 4302; x_wconf 88' lang='lat' dir='ltr'><strong>impellit</strong></span> <span class='ocrx_word' id='word_1_651' title='bbox 2069 4222 2193 4288; x_wconf 89' lang='lat' dir='ltr'><strong>furiose</strong></span> 
     </span>
     <span class='ocr_line' id='line_1_46' title="bbox 197 4294 2193 4390; baseline 0.003 -22"><span class='ocrx_word' id='word_1_652' title='bbox 197 4303 349 4386; x_wconf 86' lang='lat' dir='ltr'><strong>quoniam</strong></span> <span class='ocrx_word' id='word_1_653' title='bbox 380 4300 607 4364; x_wconf 88' lang='lat' dir='ltr'><strong>contaminant</strong></span> <span class='ocrx_word' id='word_1_654' title='bbox 636 4294 722 4378; x_wconf 92' lang='lat' dir='ltr'><strong>quod</strong></span> <span class='ocrx_word' id='word_1_655' title='bbox 749 4300 898 4360; x_wconf 90' lang='lat' dir='ltr'><strong>sanctum</strong></span> <span class='ocrx_word' id='word_1_656' title='bbox 925 4306 983 4361; x_wconf 92' lang='lat' dir='ltr'><strong>est.</strong></span> <span class='ocrx_word' id='word_1_657' title='bbox 1028 4298 1073 4361; x_wconf 77' lang='lat' dir='ltr'><strong>ltt</strong></span> <span class='ocrx_word' id='word_1_658' title='bbox 1094 4299 1166 4361; x_wconf 93' lang='lat' dir='ltr'><strong>ideo</strong></span> <span class='ocrx_word' id='word_1_659' title='bbox 1219 4310 1314 4382; x_wconf 88' lang='lat' dir='ltr'><strong>prout</strong></span> <span class='ocrx_word' id='word_1_660' title='bbox 1341 4300 1509 4382; x_wconf 90' lang='lat' dir='ltr'><strong>placuerit.</strong></span> <span class='ocrx_word' id='word_1_661' title='bbox 1553 4303 1597 4367; x_wconf 83' lang='lat' dir='ltr'><strong>Et</strong></span> <span class='ocrx_word' id='word_1_662' title='bbox 1620 4303 1679 4369; x_wconf 90' lang='lat' dir='ltr'><strong>hoc</strong></span> <span class='ocrx_word' id='word_1_663' title='bbox 1702 4307 1816 4370; x_wconf 91' lang='lat' dir='ltr'><strong>melius</strong></span> <span class='ocrx_word' id='word_1_664' title='bbox 1849 4306 2015 4390; x_wconf 81' lang='lat' dir='ltr'><strong>colligitur</strong></span> <span class='ocrx_word' id='word_1_665' title='bbox 2044 4328 2089 4372; x_wconf 86' lang='lat' dir='ltr'><strong>ex</strong></span> <span class='ocrx_word' id='word_1_666' title='bbox 2117 4329 2193 4374; x_wconf 92' lang='lat' dir='ltr'><strong>eon-</strong></span> 
     </span>
     <span class='ocr_line' id='line_1_47' title="bbox 198 4380 2194 4474; baseline 0.004 -21"><span class='ocrx_word' id='word_1_667' title='bbox 198 4390 321 4453; x_wconf 89' lang='lat' dir='ltr'><strong>Paulus</strong></span> <span class='ocrx_word' id='word_1_668' title='bbox 351 4384 460 4470; x_wconf 89' lang='lat' dir='ltr'><strong>(Rom.</strong></span> <span class='ocrx_word' id='word_1_669' title='bbox 484 4385 514 4461; x_wconf 81' lang='lat'><strong>2,</strong></span> <span class='ocrx_word' id='word_1_670' title='bbox 537 4383 591 4468; x_wconf 76' lang='lat'><strong>27)</strong></span> <span class='ocrx_word' id='word_1_671' title='bbox 625 4393 718 4447; x_wconf 93' lang='lat' dir='ltr'><strong>vocat</strong></span> <span class='ocrx_word' id='word_1_672' title='bbox 745 4380 874 4444; x_wconf 89' lang='lat' dir='ltr'><strong>literam</strong></span> <span class='ocrx_word' id='word_1_673' title='bbox 903 4382 1166 4461; x_wconf 84' lang='lat' dir='ltr'><strong>circumcisionis,</strong></span> <span class='ocrx_word' id='word_1_674' title='bbox 1220 4394 1321 4449; x_wconf 90' lang='lat' dir='ltr'><strong>textu.</strong></span> <span class='ocrx_word' id='word_1_675' title='bbox 1367 4383 1456 4448; x_wconf 88' lang='lat' dir='ltr'><strong>Dicit</strong></span> <span class='ocrx_word' id='word_1_676' title='bbox 1485 4386 1587 4467; x_wconf 90' lang='lat' dir='ltr'><strong>enim,</strong></span> <span class='ocrx_word' id='word_1_677' title='bbox 1621 4386 1701 4454; x_wconf 86' lang='lat' dir='ltr'><strong>Ecce</strong></span> <span class='ocrx_word' id='word_1_678' title='bbox 1726 4391 1850 4456; x_wconf 76' lang='lat' dir='ltr'><strong>verbum</strong></span> <span class='ocrx_word' id='word_1_679' title='bbox 1873 4391 2006 4457; x_wconf 77' lang='lat' dir='ltr'><strong>Ieterus</strong></span> <span class='ocrx_word' id='word_1_680' title='bbox 2034 4393 2194 4474; x_wconf 72' lang='lat' dir='ltr'><strong>fritillis</strong></span> 
     </span>
     <span class='ocr_line' id='line_1_48' title="bbox 198 4463 2193 4558; baseline 0.003 -19"><span class='ocrx_word' id='word_1_681' title='bbox 198 4477 329 4558; x_wconf 85' lang='lat' dir='ltr'><strong>signum</strong></span> <span class='ocrx_word' id='word_1_682' title='bbox 352 4470 432 4534; x_wconf 89' lang='lat' dir='ltr'><strong>illud</strong></span> <span class='ocrx_word' id='word_1_683' title='bbox 455 4468 574 4551; x_wconf 88' lang='lat' dir='ltr'><strong>absque</strong></span> <span class='ocrx_word' id='word_1_684' title='bbox 597 4468 753 4530; x_wconf 91' lang='lat' dir='ltr'><strong>veritate:</strong></span> <span class='ocrx_word' id='word_1_685' title='bbox 777 4463 1048 4548; x_wconf 91' lang='lat' dir='ltr'><strong>quemadmodum</strong></span> <span class='ocrx_word' id='word_1_686' title='bbox 1072 4467 1167 4530; x_wconf 91' lang='lat' dir='ltr'><strong>hodie</strong></span> <span class='ocrx_word' id='word_1_687' title='bbox 1218 4469 1391 4549; x_wconf 73' lang='lat' dir='ltr'><strong>opprobrio,</strong></span> <span class='ocrx_word' id='word_1_688' title='bbox 1420 4475 1448 4533; x_wconf 85' lang='lat' dir='ltr'><strong>et</strong></span> <span class='ocrx_word' id='word_1_689' title='bbox 1473 4490 1537 4534; x_wconf 81' lang='lat' dir='ltr'><strong>nou</strong></span> <span class='ocrx_word' id='word_1_690' title='bbox 1565 4475 1746 4555; x_wconf 80' lang='lat' dir='ltr'><strong>complacuit</strong></span> <span class='ocrx_word' id='word_1_691' title='bbox 1774 4478 1864 4558; x_wconf 68' lang='grc' dir='ltr'>ιριιι.</span> <span class='ocrx_word' id='word_1_692' title='bbox 1911 4477 2071 4543; x_wconf 86' lang='lat' dir='ltr'><strong>Diximus</strong></span> <span class='ocrx_word' id='word_1_693' title='bbox 2106 4483 2193 4545; x_wconf 91' lang='lat' dir='ltr'><strong>enim</strong></span> 
     </span>
     <span class='ocr_line' id='line_1_49' title="bbox 198 4551 2193 4651; baseline 0.004 -28"><span class='ocrx_word' id='word_1_694' title='bbox 198 4570 305 4643; x_wconf 90' lang='lat' dir='ltr'><strong>potest</strong></span> <span class='ocrx_word' id='word_1_695' title='bbox 328 4557 435 4621; x_wconf 89' lang='lat' dir='ltr'><strong>vocari</strong></span> <span class='ocrx_word' id='word_1_696' title='bbox 470 4554 651 4635; x_wconf 88' lang='lat' dir='ltr'><strong>baptismus</strong></span> <span class='ocrx_word' id='word_1_697' title='bbox 684 4551 821 4615; x_wconf 89' lang='lat' dir='ltr'><strong>literalis</strong></span> <span class='ocrx_word' id='word_1_698' title='bbox 850 4551 884 4614; x_wconf 91' lang='lat' dir='ltr'><strong>in</strong></span> <span class='ocrx_word' id='word_1_699' title='bbox 915 4552 1065 4615; x_wconf 91' lang='lat' dir='ltr'><strong>omnibus</strong></span> <span class='ocrx_word' id='word_1_700' title='bbox 1095 4573 1167 4634; x_wconf 90' lang='lat' dir='ltr'><strong>pro·</strong></span> <span class='ocrx_word' id='word_1_701' title='bbox 1219 4552 1260 4617; x_wconf 92' lang='lat' dir='ltr'><strong>de</strong></span> <span class='ocrx_word' id='word_1_702' title='bbox 1282 4554 1518 4637; x_wconf 84' lang='lat' dir='ltr'><strong>significatione</strong></span> <span class='ocrx_word' id='word_1_703' title='bbox 1542 4559 1629 4622; x_wconf 91' lang='lat' dir='ltr'><strong>verbi</strong></span> <span class='ocrx_word' id='word_1_704' title='bbox 1652 4572 1730 4651; x_wconf 69' lang='grc' dir='ltr'>γιιι.</span> <span class='ocrx_word' id='word_1_705' title='bbox 1776 4563 1905 4628; x_wconf 82' lang='lat' dir='ltr'><strong>Clarius</strong></span> <span class='ocrx_word' id='word_1_706' title='bbox 1933 4584 2024 4630; x_wconf 89' lang='lat' dir='ltr'><strong>nune</strong></span> <span class='ocrx_word' id='word_1_707' title='bbox 2055 4562 2193 4631; x_wconf 87' lang='lat' dir='ltr'><strong>demen-</strong></span> 
     </span>
     <span class='ocr_line' id='line_1_50' title="bbox 198 4634 2193 4730; baseline 0.004 -20"><span class='ocrx_word' id='word_1_708' title='bbox 198 4647 293 4724; x_wconf 86' lang='lat' dir='ltr'><strong>fanis‚</strong></span> <span class='ocrx_word' id='word_1_709' title='bbox 316 4643 373 4726; x_wconf 91' lang='lat' dir='ltr'><strong>qui</strong></span> <span class='ocrx_word' id='word_1_710' title='bbox 396 4663 460 4705; x_wconf 95' lang='lat' dir='ltr'><strong>non</strong></span> <span class='ocrx_word' id='word_1_711' title='bbox 483 4639 662 4722; x_wconf 91' lang='lat' dir='ltr'><strong>respiciunt</strong></span> <span class='ocrx_word' id='word_1_712' title='bbox 680 4636 720 4700; x_wconf 93' lang='lat' dir='ltr'><strong>ad</strong></span> <span class='ocrx_word' id='word_1_713' title='bbox 739 4639 847 4700; x_wconf 93' lang='lat' dir='ltr'><strong>finem.</strong></span> <span class='ocrx_word' id='word_1_714' title='bbox 880 4634 974 4698; x_wconf 93' lang='lat' dir='ltr'><strong>Deus</strong></span> <span class='ocrx_word' id='word_1_715' title='bbox 996 4636 1081 4700; x_wconf 92' lang='lat' dir='ltr'><strong>enim</strong></span> <span class='ocrx_word' id='word_1_716' title='bbox 1106 4636 1168 4702; x_wconf 88' lang='lat' dir='ltr'><strong>bac</strong></span> <span class='ocrx_word' id='word_1_717' title='bbox 1219 4645 1304 4703; x_wconf 89' lang='lat' dir='ltr'><strong>strat</strong></span> <span class='ocrx_word' id='word_1_718' title='bbox 1336 4637 1494 4720; x_wconf 90' lang='lat' dir='ltr'><strong>propheta</strong></span> <span class='ocrx_word' id='word_1_719' title='bbox 1526 4642 1654 4726; x_wconf 85' lang='lat' dir='ltr'><strong>culpam</strong></span> <span class='ocrx_word' id='word_1_720' title='bbox 1692 4647 1834 4712; x_wconf 91' lang='lat' dir='ltr'><strong>residere</strong></span> <span class='ocrx_word' id='word_1_721' title='bbox 1866 4650 1901 4713; x_wconf 93' lang='lat' dir='ltr'><strong>in</strong></span> <span class='ocrx_word' id='word_1_722' title='bbox 1935 4649 2014 4730; x_wconf 89' lang='lat' dir='ltr'><strong>ipsis</strong></span> <span class='ocrx_word' id='word_1_723' title='bbox 2048 4650 2193 4729; x_wconf 86' lang='lat' dir='ltr'><strong>Iudaeis,</strong></span> 
     </span>
     <span class='ocr_line' id='line_1_51' title="bbox 198 4720 2195 4818; baseline 0.004 -22"><span class='ocrx_word' id='word_1_724' title='bbox 198 4733 271 4815; x_wconf 83' lang='lat' dir='ltr'><strong>lege</strong></span> <span class='ocrx_word' id='word_1_725' title='bbox 294 4751 352 4793; x_wconf 87' lang='lat' dir='ltr'><strong>nos</strong></span> <span class='ocrx_word' id='word_1_726' title='bbox 376 4728 409 4791; x_wconf 93' lang='lat' dir='ltr'><strong>in</strong></span> <span class='ocrx_word' id='word_1_727' title='bbox 432 4746 523 4791; x_wconf 88' lang='lat' dir='ltr'><strong>suam</strong></span> <span class='ocrx_word' id='word_1_728' title='bbox 547 4723 714 4788; x_wconf 80' lang='lat' dir='ltr'><strong>ecclesium</strong></span> <span class='ocrx_word' id='word_1_729' title='bbox 738 4722 853 4805; x_wconf 88' lang='lat' dir='ltr'><strong>recipit</strong></span> <span class='ocrx_word' id='word_1_730' title='bbox 875 4729 912 4782; x_wconf 93' lang='lat' dir='ltr'><strong>ut</strong></span> <span class='ocrx_word' id='word_1_731' title='bbox 930 4723 1030 4784; x_wconf 85' lang='lat' dir='ltr'><strong>simus</strong></span> <span class='ocrx_word' id='word_1_732' title='bbox 1043 4720 1167 4786; x_wconf 82' lang='lat' dir='ltr'><strong>Christi</strong></span> <span class='ocrx_word' id='word_1_733' title='bbox 1220 4723 1373 4805; x_wconf 92' lang='lat' dir='ltr'><strong>quoniam</strong></span> <span class='ocrx_word' id='word_1_734' title='bbox 1405 4735 1666 4808; x_wconf 81' lang='lat' dir='ltr'><strong>contempserunt</strong></span> <span class='ocrx_word' id='word_1_735' title='bbox 1699 4731 1815 4798; x_wconf 91' lang='lat' dir='ltr'><strong>Deum.</strong></span> <span class='ocrx_word' id='word_1_736' title='bbox 1867 4732 1963 4800; x_wconf 89' lang='lat' dir='ltr'><strong>Unde</strong></span> <span class='ocrx_word' id='word_1_737' title='bbox 1998 4735 2105 4818; x_wconf 79' lang='lat' dir='ltr'><strong>igitur</strong></span> <span class='ocrx_word' id='word_1_738' title='bbox 2138 4738 2195 4803; x_wconf 86' lang='lat' dir='ltr'><strong>illa</strong></span> 
     </span>
     <span class='ocr_line' id='line_1_52' title="bbox 199 4807 2195 4902; baseline 0.004 -21"><span class='ocrx_word' id='word_1_739' title='bbox 199 4816 354 4890; x_wconf 86' lang='lat' dir='ltr'><strong>membra,</strong></span> <span class='ocrx_word' id='word_1_740' title='bbox 386 4817 419 4877; x_wconf 89' lang='lat' dir='ltr'><strong>et</strong></span> <span class='ocrx_word' id='word_1_741' title='bbox 441 4810 612 4895; x_wconf 82' lang='lat' dir='ltr'><strong>gubernati</strong></span> <span class='ocrx_word' id='word_1_742' title='bbox 635 4809 705 4872; x_wconf 91' lang='lat' dir='ltr'><strong>cius</strong></span> <span class='ocrx_word' id='word_1_743' title='bbox 728 4807 844 4888; x_wconf 90' lang='lat' dir='ltr'><strong>spiritu</strong></span> <span class='ocrx_word' id='word_1_744' title='bbox 869 4807 1092 4869; x_wconf 89' lang='lat' dir='ltr'><strong>renuntiemus</strong></span> <span class='ocrx_word' id='word_1_745' title='bbox 1112 4827 1167 4870; x_wconf 91' lang='lat' dir='ltr'><strong>eu·</strong></span> <span class='ocrx_word' id='word_1_746' title='bbox 1219 4808 1419 4888; x_wconf 78' lang='lat' dir='ltr'><strong>impotentis,</strong></span> <span class='ocrx_word' id='word_1_747' title='bbox 1453 4808 1492 4873; x_wconf 90' lang='lat' dir='ltr'><strong>de</strong></span> <span class='ocrx_word' id='word_1_748' title='bbox 1520 4833 1584 4892; x_wconf 87' lang='lat' dir='ltr'><strong>qua</strong></span> <span class='ocrx_word' id='word_1_749' title='bbox 1616 4814 1769 4894; x_wconf 90' lang='lat' dir='ltr'><strong>loquutus</strong></span> <span class='ocrx_word' id='word_1_750' title='bbox 1803 4819 1875 4884; x_wconf 84' lang='lat' dir='ltr'><strong>est?</strong></span> <span class='ocrx_word' id='word_1_751' title='bbox 1910 4840 2029 4902; x_wconf 92' lang='lat' dir='ltr'><strong>nempe</strong></span> <span class='ocrx_word' id='word_1_752' title='bbox 2064 4844 2108 4887; x_wconf 87' lang='lat' dir='ltr'><strong>ex</strong></span> <span class='ocrx_word' id='word_1_753' title='bbox 2139 4824 2195 4889; x_wconf 86' lang='lat' dir='ltr'><strong>illa</strong></span> 
     </span>
     <span class='ocr_line' id='line_1_53' title="bbox 199 4891 2194 4992; baseline 0.004 -25"><span class='ocrx_word' id='word_1_754' title='bbox 199 4902 389 4987; x_wconf 90' lang='lat' dir='ltr'><strong>piditatibus</strong></span> <span class='ocrx_word' id='word_1_755' title='bbox 413 4897 518 4962; x_wconf 91' lang='lat' dir='ltr'><strong>carnis</strong></span> <span class='ocrx_word' id='word_1_756' title='bbox 541 4905 678 4959; x_wconf 88' lang='lat' dir='ltr'><strong>nostrae.</strong></span> <span class='ocrx_word' id='word_1_757' title='bbox 714 4892 779 4956; x_wconf 92' lang='lat' dir='ltr'><strong>Ubi</strong></span> <span class='ocrx_word' id='word_1_758' title='bbox 802 4900 909 4955; x_wconf 89' lang='lat' dir='ltr'><strong>autem</strong></span> <span class='ocrx_word' id='word_1_759' title='bbox 933 4891 1085 4953; x_wconf 91' lang='lat' dir='ltr'><strong>volumus</strong></span> <span class='ocrx_word' id='word_1_760' title='bbox 1108 4892 1168 4955; x_wconf 91' lang='lat' dir='ltr'><strong>sub</strong></span> <span class='ocrx_word' id='word_1_761' title='bbox 1220 4893 1479 4974; x_wconf 88' lang='lat' dir='ltr'><strong>intemperantia,</strong></span> <span class='ocrx_word' id='word_1_762' title='bbox 1509 4898 1593 4976; x_wconf 93' lang='lat' dir='ltr'><strong>quod</strong></span> <span class='ocrx_word' id='word_1_763' title='bbox 1623 4899 1744 4963; x_wconf 89' lang='lat' dir='ltr'><strong>scilicet</strong></span> <span class='ocrx_word' id='word_1_764' title='bbox 1766 4905 1941 4969; x_wconf 89' lang='lat' dir='ltr'><strong>statuerint</strong></span> <span class='ocrx_word' id='word_1_765' title='bbox 1964 4906 2053 4988; x_wconf 89' lang='lat' dir='ltr'><strong>apud</strong></span> <span class='ocrx_word' id='word_1_766' title='bbox 2076 4931 2114 4973; x_wconf 93' lang='lat' dir='ltr'><strong>se</strong></span> <span class='ocrx_word' id='word_1_767' title='bbox 2138 4930 2194 4992; x_wconf 92' lang='lat' dir='ltr'><strong>pro</strong></span> 
     </span>
     <span class='ocr_line' id='line_1_54' title="bbox 199 4974 2194 5076; baseline 0 -23"><span class='ocrx_word' id='word_1_768' title='bbox 199 4996 372 5074; x_wconf 87' lang='lat' dir='ltr'><strong>praetextu</strong></span> <span class='ocrx_word' id='word_1_769' title='bbox 394 4983 547 5067; x_wconf 90' lang='lat' dir='ltr'><strong>baptismi</strong></span> <span class='ocrx_word' id='word_1_770' title='bbox 569 4978 828 5046; x_wconf 89' lang='lat' dir='ltr'><strong>mieceroDeum</strong></span> <span class='ocrx_word' id='word_1_771' title='bbox 851 4997 924 5040; x_wconf 90' lang='lat' dir='ltr'><strong>cum</strong></span> <span class='ocrx_word' id='word_1_772' title='bbox 948 4974 1085 5055; x_wconf 92' lang='lat' dir='ltr'><strong>diabolo,</strong></span> <span class='ocrx_word' id='word_1_773' title='bbox 1109 4976 1169 5041; x_wconf 92' lang='lat' dir='ltr'><strong>hoc</strong></span> <span class='ocrx_word' id='word_1_774' title='bbox 1220 4976 1322 5040; x_wconf 91' lang='lat' dir='ltr'><strong>nihilo</strong></span> <span class='ocrx_word' id='word_1_775' title='bbox 1352 4976 1467 5042; x_wconf 88' lang='lat' dir='ltr'><strong>ducere</strong></span> <span class='ocrx_word' id='word_1_776' title='bbox 1498 4990 1530 5043; x_wconf 92' lang='lat' dir='ltr'><strong>et</strong></span> <span class='ocrx_word' id='word_1_777' title='bbox 1552 4981 1659 5045; x_wconf 91' lang='lat' dir='ltr'><strong>Deum</strong></span> <span class='ocrx_word' id='word_1_778' title='bbox 1692 4989 1818 5053; x_wconf 91' lang='lat' dir='ltr'><strong>eteius</strong></span> <span class='ocrx_word' id='word_1_779' title='bbox 1846 4990 2032 5072; x_wconf 89' lang='lat' dir='ltr'><strong>prophetas.</strong></span> <span class='ocrx_word' id='word_1_780' title='bbox 2080 4994 2194 5076; x_wconf 83' lang='lat' dir='ltr'><strong>Quum</strong></span> 
     </span>
     <span class='ocr_line' id='line_1_55' title="bbox 200 5062 2196 5164; baseline 0.004 -24"><span class='ocrx_word' id='word_1_781' title='bbox 200 5085 249 5140; x_wconf 91' lang='grc' dir='ltr'><strong>ιιι</strong></span> <span class='ocrx_word' id='word_1_782' title='bbox 272 5071 461 5137; x_wconf 87' lang='lat' dir='ltr'><strong>detestabile</strong></span> <span class='ocrx_word' id='word_1_783' title='bbox 494 5066 709 5149; x_wconf 84' lang='lat' dir='ltr'><strong>sacrilegium.</strong></span> <span class='ocrx_word' id='word_1_784' title='bbox 754 5064 843 5126; x_wconf 76' lang='lat' dir='ltr'><strong>&#39;Palis</strong></span> <span class='ocrx_word' id='word_1_785' title='bbox 865 5062 935 5137; x_wconf 89' lang='lat' dir='ltr'><strong>fnit,</strong></span> <span class='ocrx_word' id='word_1_786' title='bbox 970 5068 1090 5123; x_wconf 92' lang='lat' dir='ltr'><strong>ettam</strong></span> <span class='ocrx_word' id='word_1_787' title='bbox 1114 5082 1168 5125; x_wconf 90' lang='lat' dir='ltr'><strong>su·</strong></span> <span class='ocrx_word' id='word_1_788' title='bbox 1220 5081 1296 5142; x_wconf 87' lang='lat' dir='ltr'><strong>ergo</strong></span> <span class='ocrx_word' id='word_1_789' title='bbox 1319 5062 1364 5123; x_wconf 83' lang='lat' dir='ltr'><strong>ite</strong></span> <span class='ocrx_word' id='word_1_790' title='bbox 1385 5063 1486 5127; x_wconf 89' lang='lat' dir='ltr'><strong>animi</strong></span> <span class='ocrx_word' id='word_1_791' title='bbox 1516 5085 1626 5129; x_wconf 91' lang='lat' dir='ltr'><strong>eorum</strong></span> <span class='ocrx_word' id='word_1_792' title='bbox 1656 5083 1763 5134; x_wconf 89' lang='lat' dir='ltr'><strong>essent</strong></span> <span class='ocrx_word' id='word_1_793' title='bbox 1796 5074 1948 5140; x_wconf 86' lang='lat' dir='ltr'><strong>obstinati</strong></span> <span class='ocrx_word' id='word_1_794' title='bbox 1978 5077 2020 5141; x_wconf 91' lang='lat' dir='ltr'><strong>ad</strong></span> <span class='ocrx_word' id='word_1_795' title='bbox 2053 5081 2196 5164; x_wconf 92' lang='lat' dir='ltr'><strong>impium</strong></span> 
     </span>
     <span class='ocr_line' id='line_1_56' title="bbox 200 5145 2197 5243; baseline 0.002 -20"><span class='ocrx_word' id='word_1_796' title='bbox 200 5164 277 5243; x_wconf 92' lang='lat' dir='ltr'><strong>pina</strong></span> <span class='ocrx_word' id='word_1_797' title='bbox 308 5158 464 5223; x_wconf 88' lang='lat' dir='ltr'><strong>securitas</strong></span> <span class='ocrx_word' id='word_1_798' title='bbox 495 5153 581 5237; x_wconf 92' lang='lat' dir='ltr'><strong>apud</strong></span> <span class='ocrx_word' id='word_1_799' title='bbox 610 5151 758 5216; x_wconf 88' lang='lat' dir='ltr'><strong>Iudaeos.</strong></span> <span class='ocrx_word' id='word_1_800' title='bbox 803 5149 893 5213; x_wconf 86' lang='lat' dir='ltr'><strong>Haec</strong></span> <span class='ocrx_word' id='word_1_801' title='bbox 923 5147 1006 5209; x_wconf 90' lang='lat' dir='ltr'><strong>ratio</strong></span> <span class='ocrx_word' id='word_1_802' title='bbox 1034 5155 1082 5207; x_wconf 90' lang='lat' dir='ltr'><strong>est</strong></span> <span class='ocrx_word' id='word_1_803' title='bbox 1111 5166 1169 5210; x_wconf 91' lang='lat' dir='ltr'><strong>cur</strong></span> <span class='ocrx_word' id='word_1_804' title='bbox 1220 5145 1384 5209; x_wconf 88' lang='lat' dir='ltr'><strong>doctrinae</strong></span> <span class='ocrx_word' id='word_1_805' title='bbox 1417 5158 1652 5231; x_wconf 90' lang='lat' dir='ltr'><strong>contemptum,</strong></span> <span class='ocrx_word' id='word_1_806' title='bbox 1685 5155 1760 5222; x_wconf 93' lang='lat' dir='ltr'><strong>inde</strong></span> <span class='ocrx_word' id='word_1_807' title='bbox 1794 5160 1914 5225; x_wconf 89' lang='lat' dir='ltr'><strong>factum</strong></span> <span class='ocrx_word' id='word_1_808' title='bbox 1947 5172 2015 5240; x_wconf 90' lang='lat' dir='ltr'><strong>est,</strong></span> <span class='ocrx_word' id='word_1_809' title='bbox 2057 5181 2094 5229; x_wconf 90' lang='lat' dir='ltr'><strong>ut</strong></span> <span class='ocrx_word' id='word_1_810' title='bbox 2132 5191 2197 5234; x_wconf 82' lang='lat' dir='ltr'><strong>non</strong></span> 
     </span>
    </p>
   </div>
   <div class='ocr_carea' id='block_1_3' title="bbox 200 5230 2198 5329">
    <p class='ocr_par' dir='ltr' id='par_1_3' title="bbox 200 5230 2198 5329">
     <span class='ocr_line' id='line_1_57' title="bbox 200 5230 2198 5329; baseline 0.007 -21"><span class='ocrx_word' id='word_1_811' title='bbox 200 5246 378 5329; x_wconf 90' lang='lat' dir='ltr'><strong>prophetae</strong></span> <span class='ocrx_word' id='word_1_812' title='bbox 407 5253 474 5307; x_wconf 90' lang='lat' dir='ltr'><strong>tam</strong></span> <span class='ocrx_word' id='word_1_813' title='bbox 505 5261 600 5322; x_wconf 89' lang='lat' dir='ltr'><strong>saepe</strong></span> <span class='ocrx_word' id='word_1_814' title='bbox 633 5237 698 5302; x_wconf 89' lang='lat' dir='ltr'><strong>illis</strong></span> <span class='ocrx_word' id='word_1_815' title='bbox 732 5233 929 5315; x_wconf 90' lang='lat' dir='ltr'><strong>exprobrent</strong></span> <span class='ocrx_word' id='word_1_816' title='bbox 961 5230 1167 5313; x_wconf 91' lang='lat' dir='ltr'><strong>praeputium</strong></span> <span class='ocrx_word' id='word_1_817' title='bbox 1220 5238 1351 5310; x_wconf 91' lang='lat' dir='ltr'><strong>possent</strong></span> <span class='ocrx_word' id='word_1_818' title='bbox 1374 5232 1492 5311; x_wconf 85' lang='lat' dir='ltr'><strong>audire,</strong></span> <span class='ocrx_word' id='word_1_819' title='bbox 1523 5237 1671 5315; x_wconf 91' lang='lat' dir='ltr'><strong>quoniam</strong></span> <span class='ocrx_word' id='word_1_820' title='bbox 1695 5243 1814 5322; x_wconf 88' lang='lat' dir='ltr'><strong>privati</strong></span> <span class='ocrx_word' id='word_1_821' title='bbox 1838 5257 1933 5311; x_wconf 86' lang='lat' dir='ltr'><strong>erant</strong></span> <span class='ocrx_word' id='word_1_822' title='bbox 1953 5251 2046 5314; x_wconf 94' lang='lat' dir='ltr'><strong>omni</strong></span> <span class='ocrx_word' id='word_1_823' title='bbox 2072 5253 2198 5320; x_wconf 91' lang='lat' dir='ltr'><strong>intelli·</strong></span> 
     </span>
    </p>
   </div>
   <div class='ocr_carea' id='block_1_4' title="bbox 0 0 2408 5970">
    <p class='ocr_par' dir='ltr' id='par_1_4' title="bbox 0 0 2408 5970">
     <span class='ocr_line' id='line_1_58' title="bbox 0 0 2408 5970; baseline 0 0"><span class='ocrx_word' id='word_1_824' title='bbox 0 0 2408 5970; x_wconf 95' lang='lat' dir='ltr'><strong> </strong></span> 
     </span>
    </p>
   </div>
  </div>
 </body>
</html>
