4784 5970
190 365 231 430 59
1068 358 1118 424 IN
1137 357 1303 426 ISAIAM
2147 360 2191 424 60

189 551 329 634 adigere.
372 549 470 615 Iubet
492 570 569 634 ergo
592 562 629 616 ut
650 548 761 615 oculos
783 555 934 614 avertant
956 569 975 612 a
997 547 1160 630 praesenti
1212 558 1245 611 et
1279 545 1470 629 obsequium
1504 546 1569 611 Dei
1601 547 1771 632 redigeret.
1821 548 1918 616 Unde
1947 559 2083 633 apparet
2114 548 2189 613 sine

189 658 299 702 rarum
328 645 432 715 statu,
461 643 557 717 atquc
585 636 619 699 in
643 635 812 701 Christum
841 635 1026 716 respiciant.
1066 645 1160 720 'tnnc
1212 631 1283 716 ipso
1309 633 1444 697 confusa
1473 642 1506 697 et
1538 654 1694 715 perversa
1723 655 1793 699 esse
1822 635 1940 699 omnia.
1985 635 2187 718 Priusquam

190 723 246 787 alii
267 723 380 797 active,
403 722 457 784 alii
481 720 609 803 passive
627 730 806 803 exponunt.
845 719 883 785 si
906 719 1053 803 passive,
1085 718 1160 783 talis
1215 717 1254 781 ad
1278 738 1338 782 nos
1361 717 1501 800 accedat,
1525 718 1616 782 nulla
1637 720 1724 784 inter
1747 741 1805 785 nos
1828 730 1916 787 recta
1946 718 2188 786 administratio

190 809 251 873 erit
274 828 406 872 sensus:
436 805 493 871 Sic
516 805 624 870 Deum
647 807 839 870 innixurum
864 805 996 871 Christo
1018 824 1094 880 suo,
1124 811 1161 867 ut
1213 822 1285 867 esse
1314 812 1428 885 potest.
1480 803 1655 870 Discamus
1687 826 1765 889 ergo
1801 827 1859 870 nos
1892 806 1922 871 ei
1950 807 2128 888 subiicere,
2157 804 2188 869 si

191 913 319 957 omnem
342 911 454 956 curam
476 892 510 955 in
541 893 646 974 ipsum
679 892 819 957 reiiciat:
847 892 944 956 sicuti
975 889 1097 955 domini
1126 890 1160 953 in
1214 889 1295 954 bene
1324 909 1362 953 ac
1390 887 1557 954 moderate
1586 891 1656 974 regi
1686 892 1842 973 cupimus.
1894 892 1957 957 Est
1985 901 2094 957 autem
2124 891 2188 956 hcc

190 999 304 1044 servos
325 977 438 1042 fideles
460 977 573 1042 solent.
618 977 728 1060 Atque
751 977 812 1042 hoc
834 978 973 1046 eximiae
994 975 1161 1041 fidelitatis
1186 942 1189 1031 l
1213 975 1359 1058 regimen
1382 995 1424 1039 ex
1446 985 1564 1039 natura
1585 977 1685 1058 ipsius
1707 979 1800 1060 regni
1821 976 2074 1053 aestimandum,
2098 977 2187 1059 quod

190 1065 411 1129 testimonium
435 1076 500 1137 est,
527 1063 613 1146 quod
637 1063 729 1128 Deus
759 1071 851 1144 pater
880 1063 909 1126 ei
937 1062 1045 1126 omnia
1074 1082 1161 1125 com·
1186 1036 1190 1154 Ι
1213 1071 1387 1124 externum
1411 1073 1557 1138 nonest,
1581 1060 1636 1127 sed
1659 1061 1700 1126 ad
1718 1063 1905 1127 interiorem
1925 1064 2088 1129 hominem
2113 1085 2187 1145 per·

190 1150 317 1214 mittet:
345 1154 443 1231 atque
469 1149 504 1212 in
527 1149 596 1214 eius
618 1169 718 1212 manu
742 1147 882 1229 deponet
904 1168 996 1212 suam
1018 1153 1161 1229 potesta·
1217 1146 1309 1209 tinet.
1347 1144 1484 1212 Constat
1507 1147 1593 1211 enim
1616 1156 1704 1213 recta
1728 1149 1932 1227 conscientia,
1954 1163 1986 1214 et
2008 1151 2096 1214 vitae
2119 1151 2186 1214 sin·

192 1246 258 1299 tem
296 1242 329 1298 et
367 1235 548 1318 imperium.
605 1234 679 1298 Nou
718 1240 829 1298 tamen
867 1232 1015 1314 displicet
1057 1233 1163 1298 activa
1214 1232 1356 1307 caritate,
1380 1252 1445 1296 non
1468 1252 1550 1313 quas
1572 1253 1678 1298 coram
1698 1232 1891 1313 hominibus,
1914 1234 1970 1299 sed
1992 1255 2100 1302 coram
2113 1236 2187 1300 Deo

191 1321 401 1404 significatio:
424 1320 559 1402 Erigam
582 1319 706 1402 ipsum,
729 1319 780 1382 vel
803 1318 965 1396 attollam,
989 1318 1040 1383 vel
1062 1317 1162 1381 stabi·
1215 1316 1416 1382 aestimetur.
1468 1316 1583 1399 ltaque
1617 1319 1681 1383 huc
1713 1340 1841 1384 summa
1874 1320 1972 1396 redit,
2007 1324 2082 1404 quia
2116 1331 2188 1385 tota

191 1406 268 1470 liam
290 1407 323 1469 in
348 1427 407 1469 suo
423 1405 539 1487 gradu.
573 1405 659 1470 Nam
682 1405 765 1487 quod
789 1403 884 1486 paulo
906 1411 981 1487 post
1002 1404 1162 1486 sequitur:
1216 1402 1383 1467 hominum
1402 1402 1469 1467 vita
1491 1424 1645 1486 perversa
1666 1415 1716 1469 est
1739 1424 1779 1469 ex
1795 1424 1857 1487 quo
1879 1426 1937 1487 per
1955 1407 2080 1490 lapsum
2095 1405 2188 1471 Adae

191 1491 317 1555 Ponam
341 1493 490 1573 spiritum
513 1511 622 1555 meum
645 1491 678 1554 in
702 1511 754 1568 eo,
777 1490 926 1572 repetitio
947 1498 998 1554 est
1019 1487 1161 1553 eiusdem
1214 1489 1304 1551 omni
1333 1509 1374 1552 ex
1404 1502 1496 1570 parte
1525 1491 1669 1572 corrupti
1698 1511 1827 1568 sumus,
1859 1493 1984 1557 venisse
2014 1491 2186 1559 Christum

191 1577 382 1642 sentcntiae.
428 1576 542 1641 Priore
564 1576 674 1657 itaque
695 1578 766 1640 loco
789 1573 876 1657 dicit,
899 1575 1047 1640 Fulciam
1071 1594 1161 1639 eum:
1215 1594 1288 1638 oum
1313 1573 1441 1638 coelesti
1464 1575 1612 1655 potentia
1635 1577 1785 1659 spiritus,
1815 1577 1869 1658 qui
1898 1598 1958 1643 uos
1988 1588 2115 1643 mutato
2137 1580 2187 1643 in·

194 1661 312 1726 deinde
334 1662 465 1726 modum
488 1661 631 1726 fulturae
662 1659 797 1737 indicat,
828 1661 911 1743 quod
942 1682 1016 1725 eum
1044 1660 1163 1741 spiritu
1187 1652 1190 1783 Ι
1216 1659 1312 1741 genic
1334 1659 1487 1723 reformet
1509 1662 1543 1723 in
1568 1662 1652 1724 vitae
1676 1663 1864 1726 novitatem.

191 1770 250 1812 suo
274 1756 382 1829 reget:
414 1768 478 1828 qua
507 1746 695 1829 loquutione
724 1747 888 1830 significat
914 1769 948 1811 se
972 1746 1106 1811 Christo
1128 1746 1162 1809 iu
1300 1744 1330 1808 2.
1353 1743 1440 1829 (Non
1462 1746 1629 1831 clamabit.)
1674 1745 1829 1812 Ostendit
1858 1748 1963 1830 qualis
1991 1748 2122 1814 futurus
2144 1751 2188 1814 sit

190 1831 340 1897 omnibus
373 1831 552 1897 adiutorem
587 1832 670 1909 fore,
712 1853 772 1897 uec
813 1853 986 1914 passurum
1019 1843 1056 1895 ut
1089 1830 1164 1895 ullis
1216 1827 1342 1894 Christi
1364 1831 1540 1895 adventus:
1564 1852 1690 1913 nempe,
1713 1835 1784 1898 sine
1805 1853 1925 1916 pompa
1941 1838 1998 1897 aut
2016 1840 2187 1917 apparatu,

191 1917 434 1983 difficultatibus
476 1918 578 1982 cedet.
641 1916 797 2001 Oportuit
844 1930 951 1982 autem
994 1916 1190 2000 Christumi
1216 1916 1320 1997 qualis
1349 1913 1480 1999 regibus
1510 1918 1646 1982 terrenis
1676 1939 1745 1983 esse
1775 1919 1865 1983 solet.
1913 1919 2068 1985 Adventu
2098 1922 2187 1985 enim

190 2002 372 2085 praeditum
394 2024 464 2068 esse
486 2004 605 2084 spiritu
629 2004 707 2083 Dei,
737 2012 774 2067 ut
807 2002 917 2067 divino
944 2002 999 2067 illo
1029 2022 1163 2067 munere
1215 2022 1328 2083 regum
1344 2001 1430 2065 varii
1448 2003 1603 2084 strepitus
1618 2014 1652 2066 et
1667 2004 1816 2086 ingentes
1831 2005 2077 2070 acclamationes
2092 2007 2188 2083 fiunt,

190 2090 391 2173 fungeretur,
411 2089 536 2170 Deique
555 2100 587 2153 et
605 2088 771 2153 homiuum
788 2088 947 2153 mediator
965 2103 1068 2154 esset:
1087 2089 1164 2170 quia
1215 2086 1295 2150 adeo
1311 2096 1348 2150 ut
1363 2086 1486 2151 coelum
1503 2099 1608 2152 terrae
1623 2089 1752 2155 misceri
1767 2088 1927 2155 videatur.
1963 2093 2006 2155 At
2018 2090 2189 2156 Christum

193 2174 384 2239 humanitus
413 2184 505 2238 tauta
535 2195 587 2238 res
616 2174 728 2257 peragi
757 2195 823 2237 uon
854 2183 990 2256 poterat.
1034 2172 1164 2237 Electae
1215 2172 1285 2235 siue
1308 2172 1375 2236 ullo
1397 2173 1536 2254 strepitu
1562 2185 1618 2238 aut
1639 2174 1778 2239 clamore
1800 2185 1976 2240 venturum
2009 2198 2079 2242 esse
2109 2175 2190 2241 dicit

194 2261 248 2324 hic
272 2281 329 2342 pro
352 2261 470 2324 eximio
492 2261 635 2342 capitur,
664 2269 703 2323 ut
731 2259 801 2323 aliis
830 2260 863 2322 in
888 2260 980 2324 locis:
1010 2258 1163 2341 quemad·
1215 2256 1333 2322 Isaias:
1357 2257 1454 2339 idque
1477 2280 1540 2323 non
1564 2258 1658 2323 modo
1678 2260 1857 2326 laudandae
1880 2261 2055 2326 modestiae
2078 2282 2187 2339 causa,

191 2345 325 2410 modum
356 2345 450 2410 electi
478 2345 614 2411 iuvenes
635 2355 812 2424 vocantur,
840 2346 896 2427 qui
926 2358 1003 2409 sunt
1030 2344 1064 2407 in
1093 2345 1163 2426 ipso
1215 2341 1440 2425 sedprimum
1475 2355 1511 2407 ut
1547 2345 1627 2408 nihil
1662 2345 1701 2409 de
1735 2367 1772 2410 eo
1808 2358 1976 2411 terrenum
2006 2349 2187 2431 fingamus:

192 2431 273 2494 flore
302 2431 428 2495 aetatis.
474 2428 615 2496 Servum
645 2431 746 2513 igitur
784 2430 940 2495 eximium
970 2447 1077 2507 vocat,
1108 2430 1163 2510 qui
1216 2427 1343 2503 deinde,
1368 2439 1402 2493 ut
1424 2432 1553 2511 cognita
1568 2431 1639 2494 eius
1658 2433 1906 2496 mausuetudine
1921 2453 1985 2514 qua
1999 2454 2059 2498 nos
2076 2433 2190 2511 allicit,

191 2517 335 2598 perferat
357 2516 510 2580 nuntium
527 2516 806 2591 reconciliationis,
829 2517 921 2580 cuius
936 2536 1048 2579 omnes
1067 2515 1164 2579 actio·
1215 2535 1425 2596 properemus
1449 2515 1598 2579 alacriter
1626 2517 1665 2580 ad
1689 2518 1760 2581 eius
1783 2537 1962 2583 occursum.
2008 2520 2188 2596 Postremo,

192 2624 250 2666 nes
283 2613 441 2685 regantur
474 2600 641 2666 divinitus.
696 2601 828 2665 Interea
858 2602 1036 2685 gratuitum
1067 2622 1163 2665 suum
1217 2601 1365 2682 quamvis
1387 2601 1640 2684 contemptibilis
1660 2603 1702 2667 sit
1721 2604 1790 2667 eius
1813 2603 1990 2682 humilitas,
2013 2626 2054 2670 ne
2077 2613 2189 2670 tamen

192 2708 337 2752 amorem
359 2687 575 2768 commendat,
601 2708 665 2769 quo
687 2707 747 2750 nos
770 2708 883 2773 omnes
905 2685 1092 2769 complexus
1115 2695 1165 2750 est
1217 2685 1406 2768 languescat
1427 2686 1508 2752 fides
1531 2694 1650 2752 nostra.
1694 2688 1768 2752 Non
1799 2689 1925 2754 attollet
1955 2711 2033 2773 ergo
2065 2709 2188 2768 vocem,

191 2774 225 2837 iu
245 2773 313 2838 filio
337 2772 512 2856 unigenito,
537 2792 574 2835 ut
596 2773 631 2836 iu
655 2773 725 2855 ipso
741 2775 847 2855 capite
862 2771 1022 2856 refulgeat
1040 2773 1162 2849 electio,
1217 2770 1279 2834 hoc
1299 2782 1357 2847 est,
1381 2771 1462 2835 nihil
1486 2792 1564 2853 prae
1591 2794 1626 2837 se
1649 2774 1730 2838 feret
1758 2774 2000 2839 turbulentum:
2031 2789 2066 2839 ut
2087 2776 2189 2859 vulgo

191 2861 311 2940 quain
339 2879 429 2941 spem
460 2870 612 2922 aeternae
634 2859 720 2923 vitae
750 2880 863 2923 sumus
893 2858 1048 2940 adoptati.
1092 2857 1161 2921 Iam
1216 2856 1322 2921 dicere
1344 2856 1485 2921 solemus
1512 2859 1551 2923 de
1574 2859 1699 2941 placido
1729 2859 1860 2924 homine
1888 2872 1921 2924 et
1943 2863 2069 2942 quieto,
2094 2862 2131 2926 Il
2152 2881 2190 2924 ac

192 2944 269 3026 quia
303 2943 451 3009 coelestis
484 2945 590 3007 virtus
624 2946 655 3006 in
697 2943 843 3008 humana
879 2943 1005 3009 Christi
1046 2956 1164 3008 natura
1214 2942 1276 3023 fait
1302 2962 1368 3022 pas
1398 2945 1502 3025 prend
1533 2945 1625 3008 bruit.
1678 2946 1746 3010 Nec
1779 2956 1865 3010 certe
1899 2947 2082 3012 venditavit
2118 2968 2189 3012 sese

191 3029 328 3106 habitat,
352 3030 430 3093 dum
452 3030 557 3112 ipsum
577 3029 727 3093 audimus
749 3027 947 3110 loquentem,
969 3049 1010 3093 ne
1032 3049 1163 3094 carnem
1217 3029 1350 3110 populo:
1373 3028 1452 3109 quin
1475 3048 1571 3111 saepe
1586 3030 1743 3095 miracula
1765 3052 1823 3096 sua
1838 3032 1968 3115 vulgari
1984 3031 2189 3115 prohibebat,

192 3124 250 3179 aut
271 3115 464 3199 sanguinem
482 3123 674 3196 spectemus,
698 3112 754 3177 sed
776 3115 873 3178 altius
890 3113 1055 3196 erigamus
1073 3133 1163 3177 men·
1217 3121 1254 3176 ut
1283 3114 1352 3176 eius
1382 3115 1554 3196 imperium
1580 3120 1676 3198 atq'ue
1705 3117 1915 3181 autoritatem
1945 3139 2058 3183 omnes
2091 3118 2190 3202 longe

192 3210 251 3279 tes,
286 3210 322 3264 ut
345 3198 501 3283 quidquid
524 3200 563 3263 ab
586 3221 625 3265 eo
647 3199 755 3283 agitur
783 3199 931 3265 divinum
951 3219 1021 3264 esse
1042 3198 1163 3263 iutelli-
1217 3197 1377 3262 diversam
1400 3219 1470 3263 esse
1497 3200 1718 3282 intelligerent
1745 3201 1784 3266 ab
1814 3223 1853 3266 ea
1880 3223 1978 3285 quam
2009 3224 2103 3289 reges
2131 3213 2190 3268 aut

192 3307 316 3369 gamus.
1217 3284 1380 3368 principes
1402 3283 1465 3348 sibi
1486 3286 1666 3364 conciliant,
1690 3308 1822 3352 rumore
1845 3286 1883 3353 de
1906 3310 1940 3353 se
1962 3293 2125 3356 concitato
2148 3287 2190 3354 ad

278 3371 335 3456 (In
352 3392 411 3453 qao
432 3371 495 3435 siti
510 3370 633 3454 placuit
653 3371 761 3435 animo
782 3369 875 3455 caca.)
919 3370 992 3435 Hoc
1021 3370 1165 3436 testimo
1216 3371 1414 3452 captandum
1436 3370 1578 3435 favorem
1601 3372 1830 3437 multitudiuis.

191 3459 247 3523 uio
284 3456 501 3539 intelligimus
531 3455 701 3521 Christum
738 3477 820 3521 nou¹
843 3455 948 3521 solum
985 3458 1164 3539 gratiosum
1302 3454 1332 3519 3.
1355 3453 1786 3543 (testamenmentum.)
1818 3459 1997 3541 Postquam
2016 3461 2051 3524 in
2069 3481 2190 3543 genere

192 3564 263 3608 esse
285 3542 380 3625 patri,
399 3542 456 3607 sed
477 3541 585 3624 ipsum
609 3540 713 3606 solum
736 3541 765 3605 ei
788 3550 920 3624 gratum
943 3550 978 3605 et-
997 3554 1165 3624 acceptum
1218 3541 1445 3624 pronuntiavit
1467 3541 1636 3607 Christum
1664 3545 1862 3627 principibus
1885 3547 2023 3612 terrenis
2046 3545 2188 3612 dissimi-

192 3648 278 3695 esse:
311 3627 461 3692 utnulla
483 3628 629 3692 sitratio
652 3625 1164 3712 impetrandaeaDeogrstiae,
1217 3626 1282 3691 lem
1305 3625 1390 3690 fore:
1421 3629 1701 3694 mansuetudinem
1730 3651 1858 3712 quoque
1887 3631 1991 3714 ipsius
2019 3633 2052 3701 in
2083 3634 2191 3716 specie

193 3733 292 3797 quam
320 3713 533 3778 intercessore
563 3712 705 3778 Christo.
757 3714 865 3794 Atque
895 3713 958 3778 hcc
986 3733 1082 3778 sensu
1113 3713 1166 3778 hic
1218 3712 1362 3778 declarat
1383 3712 1417 3776 in
1441 3734 1488 3789 eo,
1511 3715 1597 3794 quod
1621 3715 1768 3779 infirmos
1798 3737 1834 3781 ao
1858 3715 1979 3781 debiles
2007 3717 2191 3784 sustinebit

194 3798 286 3865 locus
324 3798 365 3864 ab
398 3798 607 3881 evangelistis
645 3799 780 3876 citatur,
820 3797 1099 3880 quemadmodum
1133 3805 1167 3864 et
1217 3798 1290 3863 Hoc
1329 3798 1417 3862 enim
1456 3800 1620 3882 significat
1657 3800 1721 3865 ista
1760 3800 1973 3867 similitudine
2020 3803 2192 3870 arundinis

193 3885 319 3950 Paulus
340 3884 448 3968 primo
471 3883 512 3948 ad
535 3883 695 3966 Ephesios
717 3904 785 3966 cap.
809 3880 823 3967 (
847 3932 854 3946 .
876 3883 910 3968 6)
937 3883 1029 3949 docet
1049 3905 1108 3949 nos
1130 3885 1166 3948 in
1218 3887 1398 3965 quassatae,
1425 3884 1512 3948 nolle
1534 3906 1569 3951 se
1591 3906 1646 3950 eos
1668 3886 1723 3969 qui
1741 3887 1918 3953 semifracti
1939 3897 2018 3954 sunt
2038 3891 2191 3971 frangere

195 3968 312 4036 dilecto
342 3971 388 4034 sic
418 3969 518 4034 fuisse
548 3968 785 4048 reconciliatos,
819 3979 856 4034 ut
893 3981 1024 4053 proptor
1059 3970 1166 4051 ipsum
1218 3968 1353 4033 omnino
1374 3989 1411 4034 ac
1428 3980 1605 4052 conterere,
1627 3970 1684 4035 sed
1700 3970 1811 4036 levare
1827 3973 1936 4055 potius
1951 3995 1988 4040 ac
2008 3975 2190 4041 sustinere:

194 4076 351 4121 amemur.
396 4054 517 4122 Postea
539 4053 704 4131 admouet,
726 4052 897 4119 Christum
920 4056 1043 4118 virtute
1074 4055 1167 4137 spiri·
1219 4065 1255 4119 ut
1277 4053 1363 4135 quod
1384 4054 1460 4118 boui
1479 4057 1513 4118 in
1532 4057 1611 4138 ipsis
1633 4058 1695 4120 erit
1716 4067 1886 4123 conservet
1903 4067 1999 4141 atque
2018 4057 2190 4144 adaugeat.

195 4150 250 4208 tus
272 4159 340 4204 non
362 4162 423 4205 sua
436 4140 591 4224 privatim
607 4159 705 4204 causa
719 4148 869 4205 omatum
891 4139 941 4217 iri,
964 4140 1021 4205 aed
1040 4150 1076 4205 ut
1094 4161 1166 4205 eam
1219 4139 1312 4203 Idem
1335 4137 1478 4205 declarat
1504 4140 1718 4206 similitudine
1747 4141 1807 4205 lini
1838 4144 2037 4225 fumigantis.
2081 4147 2190 4212 Meta·

195 4227 292 4311 longe
315 4227 443 4308 lateque
466 4224 635 4290 diffundat.
679 4225 726 4289 Et
747 4223 877 4307 quidem
900 4223 1010 4289 iudicii
1034 4226 1167 4290 nomine
1219 4224 1322 4307 phora
1344 4223 1441 4290 ducta
1463 4235 1511 4290 est
1534 4225 1574 4290 ab
1595 4225 1776 4311 ellychniis,
1799 4228 1832 4291 in
1856 4228 1974 4310 quibus
1993 4233 2054 4296 etsi
2077 4231 2190 4315 displi-

195 4312 361 4396 significat
378 4312 524 4394 regimen
542 4310 623 4376 bene
641 4310 868 4375 constitutum:
887 4331 951 4375 non
970 4311 1166 4376 seutentiam
1219 4319 1271 4375 cet
1292 4309 1485 4388 obscuritas,
1513 4323 1569 4376 aut
1596 4313 1706 4378 fumus
1732 4334 1827 4396 quem
1851 4314 1962 4393 edunt,
1991 4337 2055 4380 non
2080 4327 2190 4383 tamen

197 4418 322 4482 quaea
350 4397 458 4462 iudice
486 4396 591 4460 fertur
620 4417 678 4477 pro
707 4394 870 4460 tribunali.
916 4394 1001 4460 Nam
1024 4396 1167 4461 iudicare
1219 4397 1491 4479 exstinguuntur,
1513 4397 1570 4462 sed
1592 4398 1701 4480 potius
1728 4398 1929 4463 mundantur
1958 4421 1995 4466 ao
2022 4402 2190 4468 foventur.

195 4483 357 4549 Hebraeis
385 4501 552 4566 praeesse,
590 4502 703 4564 regere
742 4488 775 4545 et
804 4480 967 4545 moderari
994 4482 1166 4565 siguificat.
1220 4479 1332 4546 ratem
1362 4481 1495 4546 Christo
1525 4483 1761 4566 indulgentiam
1795 4485 1944 4550 attribuit
1971 4487 2091 4566 Isaiae,
2124 4508 2191 4570 qua

196 4568 266 4635 Nec
295 4576 427 4632 tautum
457 4569 491 4631 iu
514 4564 654 4648 Iudaea,
684 4565 740 4631 sed
770 4565 888 4647 ubique
919 4577 1076 4631 terrarum
1106 4567 1167 4633 hoo
1218 4565 1474 4631 imbecillitatem
1499 4577 1643 4633 nostram
1666 4569 1798 4634 toleret:
1826 4571 1911 4651 quod
1939 4593 1974 4636 re
1996 4573 2067 4654 ipsa
2089 4575 2190 4638 senti·

196 4654 352 4720 iudicium
376 4653 443 4718 fors
466 4650 624 4735 adiungit.
669 4650 763 4731 Quae
792 4651 963 4734 promissio
992 4650 1166 4717 admodum
1219 4672 1293 4716 mus
1315 4650 1448 4735 abipso
1470 4653 1607 4736 impleri.
1652 4653 1847 4736 Ubicunque
1875 4657 1962 4721 enim
1989 4659 2106 4724 emicat
2130 4660 2190 4724 ali·

197 4761 284 4805 nova
311 4748 408 4821 atque
436 4737 567 4801 insolita
597 4736 675 4801 fuit:
705 4737 796 4801 Deus
826 4738 914 4800 enim
943 4738 1167 4803 tantummodo
1220 4757 1284 4820 qua
1305 4737 1448 4802 scintilla
1471 4739 1610 4821 pietatis,
1633 4760 1704 4803 eam
1723 4740 1812 4805 fovet
1826 4751 1922 4822 atque
1937 4743 2069 4807 excitat.
2102 4743 2190 4808 Nam

197 4827 230 4890 in
247 4825 368 4890 Iudaea
391 4829 488 4888 notus
507 4833 586 4898 erat,
611 4832 724 4905 gentes
742 4822 783 4887 ab
801 4822 890 4886 omni
904 4823 1028 4906 gratiae
1049 4822 1167 4888 fiducia
1220 4823 1247 4887 si
1270 4821 1437 4887 nobiscum
1461 4845 1588 4888 summo
1609 4824 1681 4888 iure
1711 4839 1837 4909 ageret,
1867 4828 1900 4890 in
1930 4828 2070 4892 nihilum
2101 4830 2190 4895 redi·

197 4910 463 4976 excludebantur.
497 4908 676 4992 Propterea
686 4907 862 4972 luculentis
873 4906 961 4972 hisce
973 4909 1167 4975 testimoniis
1192 4912 1196 4990 ξ
1219 4927 1379 4992 geremur.
1434 4909 1594 4989 Quamvis
1634 4909 1736 4992 igitur
1772 4911 1924 4976 vacilleut
1963 4913 2114 4980 homines
2153 4936 2191 4980 ac

196 4997 292 5061 nobis
315 4994 523 5062 vehementer
545 5014 628 5077 opus
650 4993 722 5072 fuit,
744 5003 780 5057 ut
802 4991 841 5057 de
863 4993 1032 5059 vocatione
1054 4999 1167 5058 nostra
1192 5004 1195 5053 l
1219 4992 1415 5072 claudicent,
1444 4997 1592 5075 quamvis
1621 4997 1718 5058 etiam
1742 4999 1883 5078 quassati
1906 5008 1962 5063 aut
1984 4997 2090 5064 luxati
2113 5002 2190 5085 siut,

197 5080 372 5146 reddamur
404 5081 575 5147 certiores:
617 5100 694 5143 nam
734 5077 853 5160 alioqui
894 5080 974 5145 haec
1006 5080 1167 5162 promissa
1192 5058 1195 5129 l
1219 5091 1328 5143 tamen
1352 5099 1407 5143 eos
1426 5100 1490 5143 uon
1509 5080 1618 5144 statim
1639 5079 1757 5159 abiicit,
1781 5084 1871 5163 quasi
1889 5105 2022 5165 prorsus
2039 5084 2190 5152 inutiles:

197 5166 289 5231 nullo
311 5167 408 5231 modo
437 5166 477 5231 ad
505 5187 562 5230 nos
584 5164 748 5247 pertinere
769 5164 969 5230 viderentur.
1015 5163 1166 5230 Christus
1192 5172 1195 5241 l
1219 5160 1277 5228 sed
1310 5163 1364 5229 diu
1397 5163 1534 5247 perfert,
1571 5165 1677 5248 quoad
1705 5167 1864 5231 firmiores
1893 5180 1925 5232 et
1953 5172 2192 5237 constantiores

198 5274 274 5337 ergo
297 5252 415 5317 missus
437 5259 487 5317 est
509 5261 545 5317 ut
560 5250 752 5316 universum
768 5249 879 5314 orbem
895 5249 955 5313 sub
971 5259 1165 5332 potestatem
1192 5246 1196 5280 ³
1219 5247 1403 5315 reddiderit.
1458 5250 1568 5315 Huius
1604 5250 1863 5316 mansuetudinis
1900 5255 2030 5337 signum
2064 5257 2191 5324 editum
