4784 5970
135 368 198 433 661
851 370 901 436 ΙΝ
922 369 1171 436 IEREMIAM.
1216 369 1316 437 OAP.
1341 370 1409 439 VI..
2058 373 2122 441 662

135 575 203 621 sam
226 555 294 619 iore
317 557 350 619 in
374 558 533 640 gentibus.
577 558 622 622 Flt
651 559 784 623 tandem
814 557 979 643 adiungit,
1010 559 1100 624 Audi
1124 559 1128 599 ¹
1153 577 1217 640 qno
1240 557 1427 623 bellandum
1449 559 1512 623 fuit
1533 557 1710 640 prophetis,
1736 565 1769 623 st
1790 557 1863 624 ideo
1886 559 1982 626 toties
2003 561 2121 644 repeti·

135 646 238 706 terra:
269 650 303 704 et
324 641 486 726 generalis
508 652 557 708 est
579 642 733 726 loquutio,
755 645 848 726 qnasi
870 644 999 719 diceret,
1022 641 1102 707 Om·
1152 656 1208 708 tnr
1229 643 1310 710 haec
1331 645 1509 722 sententia,
1536 645 1635 708 etiam
1658 642 1744 728 apud
1766 644 1854 711 hunc
1875 654 2025 711 nostrum
2046 666 2120 728 pro·

136 745 195 791 nes
217 725 343 791 incolae
367 736 473 792 terrae
500 728 627 807 audite,
663 729 744 796 Ecce
765 750 820 812 epo
840 729 961 795 adduco
982 728 1100 793 malem
1152 728 1295 811 phetam.
1348 729 1449 794 Nolui
1482 728 1658 805 sacnticia,
1693 750 1756 795 non
1787 732 1938 813 praecepi
1994 731 2122 798 atribns

134 832 228 893 saper
245 812 396 894 populasse
417 813 507 879 huuc.
551 814 718 880 Debuerat
743 828 831 881 recta
853 814 990 879 ludaeos
1020 814 1100 878 allo·
1153 815 1279 888 vestris,
1302 834 1404 897 quum
1423 817 1622 899 porrigerem
1645 814 1711 879 illis
1725 835 1871 895 manum,
1893 824 1927 881 et
1948 751 2120 883 educerem

135 897 208 978 qui,
242 898 269 962 si
292 899 429 962 fuissent
458 919 570 964 aures:
604 900 659 965 sed
688 901 840 983 quoniam
871 903 1101 966 excaecaverat
1152 920 1206 965 eos
1226 920 1244 963 e
1267 910 1356 964 terra
1376 900 1427 965 Ae
1474 902 1537 983 pti,
1570 911 1607 966 ut
1629 899 1710 965 mihi
1733 901 1890 966 offerrent
1916 899 2120 968 holocausta:

134 1003 189 1047 eos
210 1002 270 1047 sua
296 983 438 1060 malitia,
471 993 505 1048 et
530 994 737 1070 contemptus
766 985 845 1065 Dei,
879 1005 1010 1051 necesse
1038 985 1101 1049 init
1152 995 1281 1049 tantum
1313 996 1349 1051 ut
1380 986 1421 1051 oh
1463 987 1549 1051 irent
1580 986 1651 1052 voci
1683 1006 1782 1051 meae.
1834 984 1890 1052 Sic
1919 986 2006 1071 apud
2039 987 2121 1053 alios

134 1088 318 1134 sermonem
340 1070 446 1151 potius
468 1069 509 1133 ad
531 1080 651 1135 terram
675 1071 825 1155 dirigere.
866 1073 1020 1137 Testatur
1041 1090 1099 1136 au·
1152 1070 1344 1153 prophetas:
1378 1070 1417 1136 Si
1432 1073 1602 1147 “esuriero
1636 1092 1703 1136 non
1730 1071 1836 1137 dicam
1859 1070 1934 1150 tibi,
1967 1073 2055 1139 Psal.
2078 1072 2122 1139 50

135 1163 199 1217 tem
223 1152 276 1218 hic
300 1155 389 1219 Deus
411 1177 445 1220 se
475 1177 539 1220 non
568 1155 637 1220 iore
665 1156 845 1232 crudelem,
879 1157 958 1222 dnm
987 1178 1099 1221 severe
1152 1156 1291 1242 (v.12):
1321 1155 1437 1223 deiude
1464 1157 1550 1240 apud
1579 1158 1681 1222 Amos
1710 1156 1754 1243 (ὅ,
1781 1155 1853 1242 22),
1883 1156 1972 1239 Quid
1999 1157 2057 1223 ahs
2088 1170 2121 1225 te

134 1259 169 1303 se
191 1238 365 1303 ulciseetur
387 1239 427 1304 de
450 1241 582 1324 populo,
611 1242 685 1324 quia
706 1242 862 1326 rependet
883 1241 969 1325 quod
991 1242 1099 1307 meriti
1151 1243 1278 1325 quaerit
1300 1240 1401 1320 Deus,
1423 1243 1488 1307 nisi
1510 1257 1547 1307 nt
1570 1254 1602 1307 te
1623 1243 1777 1309 incurves
1798 1262 1908 1309 coram
1931 1242 2024 1326 ipso?
2053 1264 2120 1309 non

134 1334 220 1388 sunt
265 1323 402 1391 Summa
424 1326 610 1409 igiturest,
643 1328 819 1410 quamlibet
839 1349 958 1412 gravm
979 1348 1099 1411 poenas
1150 1328 1234 1410 petit
1259 1327 1349 1393 mille
1377 1329 1510 1405 arietes,
1545 1347 1652 1410 neque
1680 1348 1721 1393 ex
1751 1329 1906 1393 armentis
1936 1329 2001 1394 tuis
2030 1329 2120 1396 mille

134 1409 270 1493 infligat,
293 1411 447 1492 populum
466 1424 574 1477 umen
597 1435 663 1477 non
686 1434 779 1496 posse
800 1416 952 1497 conqueri
975 1414 1015 1478 de
1036 1414 1099 1477 im·
1151 1416 1249 1479 boves
1262 1413 1296 1499 ¹).
1334 1413 1381 1478 Et
1403 1413 1499 1477 hodie
1519 1412 1668 1479 videmus
1690 1435 1755 1478 non
1778 1434 1872 1497 posse
1894 1414 1990 1479 aliter
2011 1414 2121 1480 doceri

135 1494 259 1560 modico
281 1497 404 1579 rigore,
433 1499 509 1580 quia
530 1498 649 1564 iustam
669 1500 850 1566 mercedem
872 1519 1006 1582 operum
1026 1519 1099 1564 suo-
1151 1498 1316 1577 homines,
1349 1499 1413 1564 nisi
1443 1498 1566 1565 bellum
1594 1507 1730 1584 geratur
1758 1500 1915 1565 adversus
1944 1510 2119 1566 externum

134 1600 208 1644 rum
230 1582 372 1664 recipiat.
407 1581 473 1649 Sed
496 1603 562 1648 non
586 1593 715 1649 tantum
733 1585 773 1650 dc
788 1585 941 1667 operibus
956 1584 1100 1666 loquitur
1150 1584 1373 1668 splendorem,
1411 1605 1474 1667 quo
1512 1584 1629 1650 volunt
1664 1583 1773 1650 Deum
1812 1605 1884 1650 esse
1921 1594 2118 1651 contentum.

134 1666 307 1750 Ieremias,
339 1668 417 1734 dicit
444 1669 582 1750 ferrum
613 1671 844 1754 eopitutieum,
877 1690 994 1753 nempe
1023 1671 1099 1752 quia
1151 1669 1316 1750 Quoniam
1338 1691 1417 1755 crgo
1438 1671 1499 1736 sibi
1522 1670 1651 1754 placent
1672 1669 1820 1735 homines
1842 1671 1876 1734 in
1899 1670 2020 1736 talibus
2035 1669 2119 1735 ludi·

134 1763 291 1816 coxerant
313 1774 405 1818 suam
428 1755 587 1820 malitiam
609 1756 717 1830 intus,
749 1767 787 1820 ut
810 1777 875 1821 non
898 1754 1100 1821 offenderent
1151 1756 1240 1834 briis,
1263 1754 1334 1822 ideo
1356 1776 1489 1822 necesse
1511 1765 1571 1836 est,
1593 1756 1764 1821 ostendere
1785 1775 1882 1839 quam
1899 1755 2036 1822 frivolae
2051 1757 2120 1823 sint

134 1837 243 1902 Deum
266 1837 408 1915 levitate,
432 1840 486 1905 vel
508 1841 649 1907 inscitia.
684 1840 889 1926 &pentem
905 1861 983 1924 ergo
1002 1851 1100 1907 vocat
1151 1862 1276 1924 nugae,
1303 1861 1518 1924 quaecunque
1541 1840 1720 1906 obtrudunt
1743 1842 1813 1906 Deo
1834 1839 2024 1926 hypocritae
2047 1842 2120 1907 abs·

133 1924 224 1988 illam
247 1924 433 1989 diuturnam
456 1926 712 2010 meditationem,
735 1928 769 1990 in
792 1947 858 2009 qua
878 1926 1100 1993 obduruerant
1150 1947 1213 2009 que
1234 1928 1361 1992 sincero
1383 1927 1501 1992 affectu
1523 1926 1639 1993 cordis.
1671 1926 1764 1993 Haeo
1784 1946 1912 1993 summa
1933 1937 1984 1993 est
2001 1926 2122 1992 doctri-

133 2010 255 2075 Iudaei.
300 2010 355 2076 Sic
378 2030 455 2094 ergo
478 2011 674 2094 exprimitur
695 2021 728 2077 ct
753 2014 890 2077 interior
919 2012 1044 2077 malitia
1067 2021 1099 2076 et
1151 2033 1222 2078 nae.
1267 2014 1356 2096 Ergo
1388 2013 1522 2077 minime
1552 2011 1686 2077 dubium
1713 2017 1764 2078 est
1792 2014 1870 2095 quin
1900 2011 2016 2078 Iudaei
2041 2019 2121 2080 tune

133 2095 314 2161 obstinatio.
349 2097 394 2160 Bt
415 2105 528 2180 postea
548 2097 706 2182 adiungit.
752 2098 835 2179 Quia
856 2098 899 2163 od
918 2097 1011 2163 verba
1031 2117 1100 2162 mea
1151 2119 1186 2163 se
1213 2109 1363 2164 accurate
1392 2098 1596 2163 exercuerint
1625 2099 1659 2162 in
1689 2098 1869 2176 sacrificiis,
1898 2106 1933 2162 et
1960 2097 2122 2163 coluerint

132 2200 193 2245 ιιοιι
213 2182 421 2264 αιιιιιιιινιιιιι,
449 2188 553 2266 cipro
573 2183 672 2247 nihilo
692 2185 848 2249 amant
873 2183 969 2266 leque
988 2202 1098 2261 meum,
1150 2184 1234 2248 ritus
1256 2183 1386 2268 legales.
1430 2183 1542 2249 Potuit
1564 2181 1669 2248 videri
1691 2183 1771 2250 haec
1799 2183 1972 2249 laudabilis
2000 2187 2120 2250 sancti·

132 2267 247 2349 iuquit.
292 2267 452 2334 Videmus
472 2288 601 2351 semper
626 2267 687 2333 hac
714 2269 958 2335 circumstantia
987 2269 1099 2350 augeri
1151 2270 1275 2334 monia:
1307 2269 1399 2335 Deus
1423 2277 1533 2334 antam
1555 2267 1745 2350 respondet:
1779 2269 1835 2334 Ad
1852 2269 1929 2351 qaid
1949 2269 2028 2334 mihi
2049 2269 2121 2335 thas

132 2352 237 2418 scelns
258 2353 293 2417 in
309 2354 446 2434 Iudaeis,
468 2355 620 2438 quoniam
636 2354 728 2419 Deus
750 2354 898 2419 hortatus
919 2355 1007 2437 ipsos
1029 2355 1097 2419 fue·
1149 2375 1188 2419 ea
1204 2353 1344 2433 Saturis,
1365 2355 1481 2438 inquit,
1504 2359 1532 2420 et
1551 2354 1693 2420 ωῑαιιιιιι
1706 2355 1825 2433 meis,
1847 2352 1910 2420 hoe
1924 2364 1983 2434 est,
2005 2355 2120 2437 optimi

133 2447 184 2503 rat
205 2459 263 2521 per
285 2460 398 2504 servos
420 2461 511 2505 suos:
544 2440 607 2524 ipsi
629 2450 737 2504 autem
760 2441 940 2505 reiecerunt
968 2459 1098 2505 omnem
1150 2440 1266 2519 odoris,
1287 2460 1303 2505 e
1324 2444 1408 2505 tarra
1430 2439 1624 2524 brutaque?
1668 2439 1835 2522 Propheta
1861 2439 1915 2505 hic
1936 2440 1982 2504 ita
2004 2441 2119 2506 antici·

133 2524 326 2590 doctrinam.
360 2525 458 2606 Quod
479 2546 558 2609 ergo
580 2524 757 2591 noluerunt
778 2526 956 2601 attendere,
980 2524 1098 2589 deinde
1150 2535 1221 2608 pat,
1254 2532 1291 2590 ut
1324 2525 1408 2590 nihil
1441 2525 1604 2608 relinquat
1633 2524 1828 2610 hypocritis,
1861 2525 1948 2607 quod
1981 2526 2119 2593 obiicere

131 2608 216 2691 quod
240 2631 298 2692 pro
322 2609 425 2675 nihilo
448 2610 612 2676 duxerunt
634 2610 739 2693 legem
761 2619 794 2673 et
809 2609 998 2685 doctrinam,
1022 2610 1098 2675 hinc
1151 2622 1291 2692 possent.
1335 2611 1422 2675 Nam
1454 2610 1532 2675 dnm
1565 2612 1760 2692 impendunt
1792 2611 1917 2693 largam
1948 2613 2119 2692 pecuniam

132 2705 268 2777 apparet
290 2716 352 2759 non
376 2716 468 2778 posse
490 2697 641 2761 excusari
670 2694 736 2759 ullo
763 2696 868 2761 colore
895 2715 1006 2759 eornm
1036 2696 1096 2760 ori·
1150 2699 1185 2760 in
1208 2716 1283 2762 suos
1300 2695 1422 2772 tultus,
1455 2704 1572 2779 putant
1594 2696 1699 2761 Deum
1722 2695 1784 2761 sibi
1808 2716 1879 2761 esse
1908 2696 2118 2762 obstrictum:

131 2800 217 2860 men,
239 2781 315 2861 quia
337 2800 377 2845 ex
400 2780 543 2862 professo
566 2780 685 2844 bellum
707 2801 780 2845 aum
803 2781 874 2844 Deo
896 2782 966 2863 ipso
988 2800 1097 2863 gesse·
1150 2793 1184 2846 ct
1205 2782 1284 2847 dum
1305 2782 1404 2846 etiam
1426 2781 1563 2846 multum
1586 2791 1784 2848 consumunt
1799 2800 1924 2865 operae,
1947 2781 2029 2848 haec
2043 2782 2118 2847 fati·

131 2875 210 2930 runt
241 2867 346 2931 instar
379 2867 562 2950 gigantum,
601 2864 871 2949 quemadmodum
912 2866 1096 2947 loquuntur.
1150 2868 1238 2951 gatio
1261 2887 1326 2933 non
1348 2865 1444 2932 debet
1465 2887 1576 2931 eorum
1605 2864 1723 2933 iudicio
1752 2886 1824 2933 esse
1853 2886 2057 2950 supervacua
2086 2877 2118 2932 et

131 2950 306 3016 Discamus
328 2972 368 3016 ex
391 2953 451 3016 hoc
474 2951 557 3029 loco,
591 2950 718 3015 nullum
740 2972 810 3016 esse
839 2951 962 3015 crimen
991 2952 1097 3034 magis
1148 2953 1283 3018 inutilis.
1327 2952 1372 3017 Et
1393 2953 1429 3016 in
1452 2960 1573 3034 papatu
1594 2951 1628 3015 id
1650 2952 1829 3018 cernimus:
1862 2953 1985 3036 siquis
2007 2973 2117 3036 sump-

132 3034 323 3102 detestabile
344 3056 453 3102 coram
469 3039 548 3109 Deo,
571 3056 667 3119 quam
683 3046 904 3118 contemptum
921 3036 1095 3102 doctrinae.
1149 3049 1278 3103 tuosum
1301 3037 1456 3120 templum
1479 3047 1638 3118 exstruat,
1661 3036 1779 3102 deinde
1800 3048 1894 3102 ornet
1916 3058 1995 3104 auro
2016 3049 2051 3104 et
2064 3059 2117 3103 ar·

130 3120 216 3186 Nam
238 3123 392 3188 maiestas
413 3122 483 3188 eius
505 3121 740 3204 quodammodo
760 3122 901 3187 calcatur
923 3122 983 3188 sub
1004 3122 1095 3206 pedi·
1149 3136 1261 3208 gento,
1295 3132 1329 3188 et
1348 3124 1491 3189 instruat
1512 3123 1609 3187 etiam
1640 3122 1704 3188 alia
1732 3123 1972 3207 suppellectile,
2005 3135 2116 3208 postea

133 3208 208 3285 hus,
242 3229 326 3290 quae
354 3207 477 3273 relucet
506 3209 541 3272 in
572 3207 685 3272 verbo:
718 3208 849 3286 deinde,
882 3206 966 3290 quod
996 3208 1096 3272 nimis
1147 3218 1343 3292 proventum
1367 3216 1490 3274 statuat
1512 3207 1691 3274 admissas
1713 3210 1866 3294 agendas,
1888 3219 1981 3292 putat
2003 3209 2057 3274 ille
2080 3230 2115 3276 se

131 3293 224 3358 foeda
245 3302 295 3359 est
316 3292 531 3378 ingratitudo,
561 3293 617 3359 uhi
644 3294 712 3376 ipse
740 3293 781 3357 ad
810 3291 948 3358 salutem
977 3293 1097 3357 invitat
1149 3309 1258 3359 tenere
1279 3295 1388 3361 claves
1410 3315 1522 3361 omnes
1544 3295 1638 3377 regni
1659 3294 1840 3372 coelorum,
1871 3305 1908 3359 ut
1929 3306 2117 3378 perrumpat

131 3377 287 3454 homines,
311 3400 365 3444 eos
387 3380 449 3445 sihi
471 3379 557 3444 ultro
579 3398 743 3444 accersere
764 3379 944 3456 interitum,
966 3390 1000 3443 et
1021 3380 1095 3443 reii·
1147 3383 1246 3446 etiam
1268 3380 1372 3445 invito
1389 3379 1470 3446 Deo.
1504 3380 1594 3445 Talis
1617 3389 1668 3446 est
1687 3382 1777 3445 furor
1798 3383 1832 3445 in
1847 3381 1992 3463 papulis,
2015 3400 2116 3462 quum

131 3484 203 3529 cere
225 3464 295 3529 eius
316 3466 466 3548 gratiam.
500 3465 574 3530 Non
596 3466 715 3529 mirum
738 3469 788 3529 est
809 3465 918 3547 igitur,
940 3465 967 3528 ιι
983 3465 1097 3529 intole·
1147 3467 1328 3549 suscipiunt
1349 3486 1425 3531 suas
1446 3465 1741 3549 peregrinationes:
1772 3466 1801 3530 si
1829 3465 1963 3543 sudent,
1997 3473 2116 3547 putant

130 3548 242 3615 rabilis
282 3550 325 3615 ιιι
363 3551 448 3633 apud
489 3552 596 3616 Deum
634 3557 841 3630 contemptus
881 3549 990 3626 verbi,
1031 3568 1096 3633 quo
1147 3552 1294 3636 singulos
1324 3571 1440 3634 passus
1474 3551 1590 3616 debere
1622 3551 1788 3616 numerari
1821 3569 1931 3615 coram
1964 3550 2049 3631 Deo,
2082 3565 2116 3616 et

128 3635 277 3713 violat-ur,
300 3646 337 3701 ut
359 3637 435 3713 dixi,
459 3638 529 3701 cius
551 3637 720 3701 maiestas:
743 3633 860 3698 deinde
878 3632 971 3699 foeda
986 3636 1095 3718 ingra·
1148 3638 1255 3702 Deum
1278 3656 1348 3702 esse
1369 3637 1530 3701 iniustum
1552 3636 1617 3701 nisi
1639 3638 1753 3718 probet
1775 3634 1930 3718 quidquid
1953 3635 2001 3699 illi
2018 3636 2114 3700 offer-

129 3720 269 3784 titudine
292 3725 453 3804 respuitur
477 3723 604 3786 bonitas
626 3721 709 3797 eius,
743 3739 805 3802 qna
834 3718 907 3783 vult
928 3719 1096 3785 consulere
1147 3737 1200 3786 tur
1222 3743 1296 3788 cum
1319 3722 1425 3805 aliqua
1447 3722 1609 3787 molestia:
1643 3721 1718 3786 talis
1746 3723 1845 3786 etiam
1873 3721 1934 3785 luit
1963 3721 2115 3804 superbia

128 3807 227 3871 saluti
251 3806 428 3870 hominum.
472 3808 592 3871 Postea
615 3804 716 3884 addit,
1145 3810 1181 3872 iu
1204 3807 1343 3872 ludaeis.
1389 3806 1499 3887 Quum
1529 3827 1606 3890 ergo
1636 3805 1713 3872 thus
1742 3806 1875 3873 allatum
1903 3828 1945 3871 ex
1967 3804 2113 3886 Sabaeis,

1147 3914 1264 3976 nempe
1297 3915 1339 3958 ex
1366 3891 1522 3972 Oriente,
1555 3914 1596 3957 ex
1626 3891 1776 3970 Perside,
1809 3901 1894 3957 esset
1925 3892 2114 3974 pretiosum,

213 3976 264 4040 20.
296 3977 350 4040 Ad
370 3977 447 4058 quid
469 3977 524 4041 laec
544 3976 623 4041 milri
645 3975 716 4041 tuus
743 3974 912 4040 sacoma
941 3976 1037 4055 υειιιι,
1068 3983 1096 4041 et
1147 3981 1224 4063 qnia
1244 3976 1468 4060 expenderant
1489 3977 1629 4060 aliquam
1651 3997 1812 4042 summam
1834 3977 2008 4060 pecuniae:
2040 3977 2112 4044 ideo

127 4061 268 4128 ιαῑιιιιιιι
288 4063 384 4128 tenua
403 4082 442 4127 aa
462 4067 547 4126 terra
569 4061 766 4144 macieque?
798 4061 973 4127 Ιιοῑοιαιιιια
993 4068 1095 4128 uestro
1147 4063 1301 4129 volebant
1323 4063 1383 4129 hoc
1406 4062 1516 4128 valere
1538 4062 1579 4126 ad
1600 4062 1855 4128 satisfactionem
1877 4063 2022 4128 omnium
2044 4084 2112 4130 sce·

127 4169 189 4214 uae
210 4152 284 4213 aaut
304 4148 347 4212 ad
368 4148 591 4227 beneplacitum
614 4147 688 4231 (hoc
710 4157 769 4229 est,
792 4167 858 4211 non
880 4147 1020 4231 placent,
1042 4170 1096 4212 ne·
1147 4151 1262 4215 lerum.
1306 4149 1398 4214 Idem
1420 4149 1518 4212 etiem
1540 4147 1580 4212 de
1602 4148 1741 4213 calamo:
1768 4149 1795 4212 si
1819 4146 1964 4212 calamus
1983 4151 2112 4216 suavis·

128 4255 190 4316 qne
212 4246 306 4317 grata
327 4231 432 4317 sunt),
460 4232 664 4313 &aurificia
686 4239 788 4298 estha
808 4254 868 4298 nou
889 4239 962 4299 aaut
982 4234 1096 4299 mavia
1147 4238 1220 4302 simi
1243 4235 1351 4301 odoris
1373 4254 1491 4317 magno
1513 4235 1616 4316 pretio
1647 4245 1774 4316 emptus
1801 4233 1929 4311 fnisset,
1958 4234 2113 4300 volebant

129 4318 197 4405 (ant
219 4319 373 4405 iucunda)
395 4317 482 4384 mitt.
1147 4323 1209 4388 hoc
1231 4322 1341 4387 venire
1370 4322 1402 4384 iu
1432 4319 1589 4384 rationem
1620 4339 1730 4384 coram
1759 4317 1848 4397 Deo,
1880 4328 1913 4383 et
1941 4319 2049 4384 valore
2077 4322 2112 4384 in

1147 4406 1440 4490 compensationem
1474 4404 1619 4469 omnium
1651 4423 1840 4486 poenarum.
1896 4404 1987 4468 Deus
2026 4405 2111 4471 hanc

215 4490 279 4555 Hic
300 4491 440 4556 occurrit
462 4491 621 4572 propheta
643 4491 832 4575 hypocritis,
859 4492 912 4574 qui
936 4492 1096 4574 putabant
1146 4494 1320 4559 stultitiam
1353 4489 1493 4568 deridet,
1532 4489 1587 4554 Ad
1618 4489 1695 4570 qaid
1725 4488 1823 4572 miti,
1862 4489 1986 4571 inquit,
2018 4493 2112 4556 ecam

127 4576 189 4642 sibi
212 4596 282 4640 esse
303 4579 339 4639 in
361 4596 458 4641 manu
481 4576 608 4659 piacula
630 4596 731 4659 quum
753 4575 864 4641 sedulo
894 4586 926 4641 et
947 4576 1094 4641 suffitum
1145 4577 1316 4660 sceptus?
1350 4596 1410 4660 ego
1433 4597 1475 4640 ne
1502 4576 1583 4639 assis
1611 4573 1742 4655 quidem
1775 4574 1910 4639 aestimo
1937 4585 2111 4655 quantum·

128 4670 161 4725 et
182 4663 340 4727 sacrificia
361 4661 524 4741 offerrent,
555 4664 646 4745 quasi
668 4662 702 4727 id
724 4663 885 4726 sufficeret
908 4663 948 4725 ad
971 4663 1093 4726 cultum
1145 4685 1274 4748 cunque
1295 4661 1487 4726 consumitis
1508 4661 1542 4723 in
1562 4659 1697 4724 emendo
1719 4658 1816 4725 thure
1838 4670 1871 4724 et
1894 4661 2026 4726 calamo.
2067 4663 2111 4726 Et

129 4745 210 4811 Dei:
244 4757 276 4810 et
296 4745 369 4811 ideo
391 4756 502 4828 postea
524 4747 706 4812 ridebimus
728 4747 885 4829 templum
906 4748 972 4811 illis
994 4749 1093 4813 luisse
1144 4749 1217 4814 ideo
1238 4750 1384 4831 loquitur
1404 4747 1443 4811 de
1466 4743 1596 4809 Sabaea
1617 4751 1645 4809 et
1665 4750 1749 4810 terra
1769 4745 1947 4829 lonqinquo.
1991 4748 2111 4813 Postea

128 4831 313 4914 speluncam
336 4830 517 4910 latronum,
547 4835 622 4914 quia
643 4832 763 4898 scilicet
791 4853 891 4914 quum
919 4831 1093 4915 diligenter
1143 4835 1242 4914 addit,
1275 4832 1349 4898 Nou
1366 4832 1490 4914 paceo
1509 4830 1588 4895 milti
1609 4829 1786 4897 mamerto
1814 4836 1925 4909 υειινα,
1960 4835 2111 4899 etsacrt‘·

128 4917 284 4981 offerrent
304 4915 447 4998 quotidie
468 4919 630 4996 suffitum,
660 4929 692 4983 et
714 4938 813 4999 quum
836 4916 1092 5001 defungerentur
1140 4922 1215 5002 ficia
1235 4925 1340 4985 uestra
1360 4938 1420 4982 uon
1441 4920 1513 4982 sura
1533 4917 1680 4983 iucunda.
1724 4916 1794 4982 Sub
1817 4918 1878 4981 hac
1907 4938 1974 4982 nna
2004 4921 2110 5000 specie

128 5002 200 5067 aliis
233 5004 459 5083 caeremoniis,
492 5002 651 5084 putabant
676 5003 785 5068 Deum
819 5020 889 5068 esse
920 5003 1090 5084 placatum.
1143 5005 1367 5088 complectitur
1382 5002 1538 5067 Ieremias
1560 5012 1664 5067 totum
1688 5002 1825 5086 legalem
1847 5002 1982 5082 cultum,
2004 5015 2038 5067 et
2060 5014 2110 5069 ta·

127 5088 180 5152 Ita
202 5088 391 5172 hypocritae
413 5109 541 5171 semper
562 5088 679 5153 ludunt
701 5091 733 5152 iu
756 5089 824 5153 suis
846 5089 951 5172 nugis,
974 5099 1007 5152 et
1023 5090 1091 5154 exi·

127 5174 262 5237 stimant
285 5173 389 5237 Deum
412 5174 508 5238 nimis
529 5174 703 5250 crudelem,
727 5176 754 5238 si
777 5192 839 5237 non
863 5175 906 5236 sit
919 5184 1092 5240 contentus
1229 5209 1250 5277 s)
1281 5198 1357 5262 flag,
1386 5221 1421 5263 η
1448 5208 1577 5261 „mm
1604 5205 1690 5260 ,pm
1723 5205 1809 5260 temp
1838 5220 1894 5260 m„
1927 5209 2037 5263 ,mim
2067 5223 2111 5264 n.

127 5269 264 5324 externa
286 5259 402 5341 specie.
445 5259 525 5324 Fuit
546 5259 602 5324 ille
631 5267 809 5342 perpetuus
837 5258 984 5336 morbus,
1017 5280 1090 5327 oum
1143 5278 1282 5347 sponsans.

1855 5358 1906 5413 42*
