4784 5970
187 342 250 406 635
990 331 1374 400 PRAELECTIONES
2139 332 2205 397 636

189 533 276 612 ipsos
300 528 490 608 contulerat,
515 525 647 609 tetidem
671 544 741 587 esse
763 523 982 596 incitamenta,
1012 519 1065 584 vel
1089 519 1160 585 ille·
1213 522 1380 604 propheta.
1425 521 1498 586 Etsi
1521 531 1630 587 antem
1653 521 1836 607 obiurgatio
1862 522 1949 588 hand
1980 520 2089 588 dubie
2122 526 2206 588 tune

190 619 317 692 cebraa,
348 614 464 696 quibus
499 633 553 674 ees
586 610 646 675 sibi
680 608 908 691 obstringeret.
954 606 1050 671 Nune
1083 626 1161 689 ergo
1213 605 1336 673 directa
1357 609 1418 672 fuit
1440 608 1479 672 ad
1496 607 1642 684 ludaeos,
1665 607 1743 672 hine
1764 607 1917 692 colligere
1939 617 2080 692 oportet
2104 627 2207 691 gene·

190 716 340 766 tenemus
363 719 495 764 sensum
519 697 704 778 prophetae,
728 694 783 758 ubi
807 692 897 771 dieit,
919 693 1159 768 Neadieeraat,
1212 692 1314 758 ralem
1335 692 1526 760 doctrinam.
1561 692 1648 760 Sunt
1670 694 1772 777 igitur
1794 694 1874 760 haee
1897 693 1961 758 duo
1980 693 2092 759 simul
2112 715 2205 772 vera,

193 789 374 852 Timeamus
403 784 549 848 Iebeeam
576 783 631 862 qai
659 782 712 845 dat
739 779 827 844 nobis
851 780 1014 861 pluviam,
1045 798 1161 858 nempe
1212 800 1329 861 nempe
1352 780 1458 844 Deum
1482 800 1547 844 nen
1570 779 1704 845 destitui
1726 780 1920 858 testimonie,
1951 780 2123 863 quoniam
2148 779 2206 844 dat

192 873 336 956 pluviam
357 891 492 934 vernam
512 868 705 951 etpluviam
729 887 812 947 quae
830 863 993 929 antecedit
1013 883 1160 943 messem,
1213 864 1350 947 pluvias,
1382 865 1439 930 dat
1460 874 1589 948 tempus
1612 885 1771 945 serenum,
1802 874 1836 931 et
1855 874 1979 932 terram
2003 864 2205 942 foecundat,

191 960 284 1039 idque
307 959 401 1022 etiam
422 961 555 1036 tempore
576 975 641 1018 suo.
686 952 771 1016 Nam
794 951 869 1015 inde
898 949 989 1015 nohis
1019 950 1161 1033 refulget
1214 966 1249 1014 ut
1271 950 1426 1015 elimenta
1447 949 1540 1016 nobis
1562 960 1753 1034 suppetent:
1776 949 1892 1016 deinde
1914 972 2039 1028 aerem,
2067 960 2105 1016 et
2128 973 2206 1019 eoe-

191 1044 255 1108 Dei
278 1042 498 1126 providentia,
532 1040 617 1122 quod
640 1038 716 1102 dum
741 1037 905 1101 seminant
927 1035 1089 1120 agricolae
1111 1058 1159 1101 se·
1213 1036 1291 1112 lum,
1313 1046 1345 1100 et
1368 1046 1487 1101 terram
1511 1056 1607 1120 saepe
1629 1039 1757 1104 misceri
1780 1046 1816 1101 et
1835 1037 2001 1120 metendi,
2026 1048 2067 1102 et
2092 1039 2207 1102 multa

192 1131 303 1212 quitur
336 1128 463 1210 pluvia,
504 1147 586 1208 quae
620 1124 789 1188 humorem
822 1111 861 1187 et‘
889 1142 1021 1187 saecum
1056 1134 1161 1186 terrae
1213 1122 1443 1204 intempestive
1465 1123 1627 1202 accidere,
1655 1142 1694 1186 ae
1715 1122 1743 1188 si
1768 1124 1857 1188 Deus
1879 1144 2025 1188 noanon
2052 1125 2207 1207 respice·

192 1214 394 1297 suppeditat:
435 1213 550 1277 deinde
584 1221 754 1291 antequam
789 1209 899 1291 fruges
931 1217 1161 1284 maturescant,
1214 1218 1274 1291 ret,
1302 1209 1456 1290 quoniam
1490 1208 1630 1291 peoeatis
1664 1209 1800 1287 nestris,
1834 1207 1912 1273 dum
1945 1208 2209 1275 tumultuamur

192 1301 276 1383 qued
300 1301 390 1365 Deus
411 1297 643 1381 pinguedinem
666 1317 781 1359 rursus
804 1294 949 1359 serotina
975 1294 1087 1376 pluvia
1116 1296 1163 1357 in·
1215 1292 1371 1358 adversus
1394 1315 1478 1368 eum,
1502 1293 1729 1360 confundimus
1751 1304 1784 1359 et
1805 1295 2024 1376 pervertimus
2042 1294 2208 1361 ordinem

193 1388 303 1470 spirat.
350 1387 393 1449 Et
414 1383 526 1448 eodem
550 1381 691 1464 pertinet
713 1378 798 1462 qued
821 1379 987 1461 sequitur,
1026 1379 1088 1460 Qui
1110 1380 1164 1444 dat
1214 1389 1358 1444 naturae.
1404 1380 1496 1444 Haeo
1517 1381 1620 1463 igitur
1646 1380 1711 1445 due
1739 1380 1836 1445 simul
1869 1382 2026 1464 coniungi
2066 1382 2208 1448 debent

187 1473 317 1554 pluvias
332 1471 537 1535 hebdomadas
552 1472 687 1532 statutas
701 1465 923 1551 (statutorum,
946 1465 1162 1551 adverbum).
1215 1464 1299 1529 Nam
1324 1466 1358 1529 in
1380 1465 1545 1530 ordinarie
1568 1476 1706 1532 naturae
1728 1486 1825 1531 eursu
1848 1469 2034 1548 perspicere
2051 1467 2140 1533 lieet
2159 1469 2210 1532 in·

195 1557 259 1623 Sed
291 1557 385 1634 dicit,
427 1555 465 1621 Ut
494 1555 619 1619 tandem
644 1553 791 1617 adueniat
818 1551 936 1617 masam.
990 1553 1085 1618 Nune
1113 1574 1163 1616 se·
1215 1551 1466 1632 comparabilem
1485 1552 1546 1617 Dei
1568 1551 1745 1617 benitatem
1767 1572 1848 1636 erge
1868 1549 2055 1617 humanum
2074 1575 2209 1636 genus:

194 1645 314 1726 quitur,
1215 1635 1271 1702 sed
1294 1638 1329 1701 in
1352 1637 1439 1702 vitiis
1455 1637 1706 1704 accidentalibus
1721 1638 1819 1703 simul
1835 1638 1932 1703 etiam
1948 1639 2211 1705 consideranda

1216 1731 1265 1789 est
1286 1742 1392 1798 eausa,
1417 1744 1533 1805 nempe
1555 1722 1640 1806 quod
1663 1745 1726 1789 non
1750 1723 1968 1806 permittimus
1984 1724 2066 1790 Deo
2084 1746 2211 1810 regere

279 1813 330 1876 25.
355 1811 542 1891 iniquitates
563 1815 679 1874 cestrae
701 1813 875 1874 auertemtat
895 1808 978 1888 haee,
1000 1813 1029 1873 et
1049 1809 1165 1875 sceiere
1216 1807 1373 1872 mundum
1400 1819 1488 1872 certo
1517 1816 1550 1873 et
1579 1809 1741 1891 aequabili
1768 1809 1898 1874 ordine:
1929 1809 1989 1876 sed
2019 1810 2212 1876 turbamus

194 1904 296 1965 uestra
312 1897 542 1978 prohibuerant
564 1896 675 1959 bacam
697 1917 717 1958 a
739 1895 835 1959 coms.
1216 1896 1285 1958 eius
1309 1892 1555 1976 providentiam,
1578 1906 1736 1977 quantum
1759 1895 1795 1960 in
1818 1896 1908 1961 nohis
1930 1906 1990 1961 est.
2034 1895 2213 1963 Videmus

1217 2001 1295 2064 ergo
1316 2000 1412 2063 quarn
1435 1981 1583 2063 apposite
1605 1981 1761 2063 adiungat
1782 1978 1869 2047 hana
1890 1981 2105 2048 sententiam
2134 2005 2213 2066 pro·

282 2069 462 2148 Quoniam,
502 2067 600 2132 sicuti
641 2076 717 2130 ante
750 2066 872 2132 dictum
912 2065 987 2141 luit,
1028 2064 1166 2130 subinde
1217 2066 1325 2148 pheta,
1360 2066 1447 2146 aare
1474 2067 1589 2132 seilicet
1614 2067 1796 2148 iniquitates
1818 2067 1931 2149 papali
1957 2074 2115 2134 arcerent
2146 2069 2216 2136 Dei

196 2169 389 2239 responsant
419 2155 490 2218 Dee
524 2153 727 2236 hypocritae,
762 2162 796 2216 et
828 2150 985 2216 obiiciunt
1018 2150 1080 2217 hoc
1112 2151 1166 2215 vel
1216 2152 1451 2232 beneficentiam.
1493 2152 1612 2218 Postea
1634 2153 1791 2236 sequitur,

196 2242 286 2317 illud,
309 2240 468 2324 propheta
491 2240 544 2302 hie
562 2239 684 2302 refellit
699 2236 855 2320 quidquid
871 2237 987 2302 afferre
1001 2248 1165 2320 poterunt.

198 2329 288 2392 Dicit
310 2327 394 2389 enim
423 2324 611 2406 prohibitam
638 2324 741 2406 faisse
773 2322 811 2387 ab
842 2323 912 2388 iilis
942 2323 1167 2404 demittentium
1303 2322 1354 2386 26.
1400 2323 1484 2403 Quia
1523 2324 1639 2388 iacenti
1672 2329 1744 2388 said
1796 2331 1853 2388 ant
1889 2323 2162 2479 inveniunturp„
2178 2327 2216 2390 ia

196 2414 269 2496 Dei,
293 2417 321 2476 et
341 2412 467 2491 quidem
488 2431 591 2474 eoram
606 2411 715 2490 calpa:
737 2417 887 2491 poterant
902 2409 988 2472 enim
1005 2410 1166 2491 excipere,
1213 2407 1329 2491 popule
1350 2428 1416 2472 meo
1438 2409 1588 2488 scelerati,
1610 2410 1761 2491 aspiciam
1819 2430 1856 2474 ea
1873 2421 1932 2488 est,
1953 2420 2073 2477 astute
2098 2434 2120 2476 0
2164 2434 2217 2478 er·

197 2499 247 2563 Tu
281 2497 411 2580 quidem
445 2495 609 2579 praeclare
641 2494 694 2558 hie
727 2493 928 2560 concionaris
962 2494 1001 2560 de
1033 2505 1168 2577 paterna
1220 2492 1356 2578 vehunt)
1391 2495 1557 2559 amandam
1583 2515 1699 2576 ponere
1729 2495 1854 2577 laquem
1890 2496 1963 2583 (hee
1995 2507 2069 2576 est,
2109 2519 2151 2564 ae
2185 2499 2215 2562 si

196 2585 261 2649 Dei
285 2582 489 2664 liberalitate,
512 2581 598 2663 quod
621 2581 806 2663 suppeditet
827 2581 921 2646 nobis
943 2580 1080 2646 vietum:
1110 2581 1166 2646 sed
1219 2579 1384 2662 decipulas
1406 2580 1600 2666 tenderent),
1625 2581 1831 2663 perditionem
1852 2581 1967 2661 laceat,
1998 2584 2035 2647 ia
2061 2604 2133 2665 qua
2157 2584 2215 2650 lia

197 2692 284 2736 nnue
306 2678 415 2734 aestus
436 2669 544 2732 exurit
562 2670 672 2751 fruges
692 2674 831 2742 nostras,
854 2687 943 2731 nune
964 2667 1166 2749 intempesti·
1218 2667 1318 2731 mines
1338 2666 1474 2748 capiam.

198 2777 258 2821 vae
291 2756 422 2837 pluviae
455 2764 669 2835 corrumpunt
700 2773 881 2816 annonam:
915 2752 1055 2835 denique
1084 2752 1168 2817 nihil

197 2854 339 2918 certum,
372 2841 428 2905 sed
451 2840 561 2902 emnia
583 2851 661 2902 sunt
684 2838 827 2903 confusa.
870 2837 948 2903 Ideo
974 2851 1011 2902 ut
1040 2838 1169 2903 refellat
1305 2838 1487 2901 Confirmat
1509 2838 1691 2921 proximam
1714 2838 1928 2917 sententiam,
1961 2837 2053 2922 qnod
2079 2839 2215 2906 scilieet

198 2928 287 2992 illam
312 2927 538 2998 ebieetiemm,
569 2923 646 2989 dicit
667 2925 739 2987 fieri
761 2944 873 2989 eorum
896 2923 1022 2989 malitia
1043 2933 1076 2989 et
1098 2944 1168 3007 pra·
1221 2921 1336 2987 Iudaei
1358 2943 1418 2987 sua
1440 2923 1538 3006 eulpa
1560 2925 1728 3004 privarent
1756 2945 1793 2989 se
1821 2933 1957 3006 paterne
1980 2925 2045 2989 Dei
2080 2927 2213 2991 favore.

199 3015 309 3093 vitate,
334 3032 376 3074 ne
397 3010 488 3073 Deus
510 3011 555 3073 sic
577 3020 737 3090 temperet
764 3009 910 3093 singulas
940 3011 1018 3073 anni
1049 3019 1167 3091 partes,
1221 3008 1307 3072 Nam
1340 3007 1460 3091 alioqui
1492 3030 1621 3092 semper
1653 3009 1770 3074 luisset
1808 3009 1874 3076 illis
1913 3009 1947 3074 in
1988 3030 2048 3074 ere
2095 3012 2213 3095 aliqua

199 3107 236 3160 ut
264 3098 365 3161 oculis
394 3093 575 3175 adspiciunt
608 3095 793 3158 continuam
827 3096 897 3159 eius
930 3094 1169 3160 liberalitatem.
1221 3094 1403 3175 responsio:
1438 3096 1592 3176 queniam
1626 3094 1830 3179 hypocritae,
1863 3104 1902 3160 ut
1928 3106 2007 3161 sunt
2040 3098 2210 3178 protervi,

203 3182 400 3262 iniquitates,
424 3180 537 3259 inquit,
560 3184 677 3242 uestrae
699 3179 892 3244 marterum
912 3179 994 3252 duee.
1017 3181 1170 3246 asaelem
1223 3200 1287 3243 neu
1310 3178 1404 3243 facile
1427 3178 1557 3245 cedunt.
1599 3181 1766 3264 Propheta
1793 3181 1893 3265 igitur
1913 3183 2093 3248 confirmat
2116 3183 2211 3264 qued

200 3273 303 3331 cestra
320 3264 547 3347 prohibuerunt
568 3265 792 3343 beireficmtiam
813 3266 881 3329 eius
903 3285 923 3328 a
944 3264 1039 3329 uobis.
1076 3264 1170 3329 Haec
1223 3264 1324 3341 dixit,
1359 3285 1475 3346 nempe
1503 3267 1667 3331 sceleratos
1696 3288 1760 3333 esse
1788 3269 1823 3332 ia
1845 3268 1964 3349 popae
1992 3267 2070 3334 Dei.
2127 3269 2209 3334 Non

201 3353 363 3417 sententia
406 3361 520 3413 notatu
566 3349 664 3432 digna
707 3360 773 3425 est,
818 3351 971 3431 queniam
1015 3371 1081 3414 non
1126 3351 1171 3414 ita
1222 3349 1317 3413 debet
1340 3348 1399 3414 hoe
1422 3351 1576 3434 restringi
1599 3352 1638 3414 ad
1662 3367 1787 3433 partem
1805 3353 1958 3435 aliquam,
1981 3354 2081 3418 sieuti
2098 3353 2209 3420 inter·

201 3440 355 3504 continue
384 3446 496 3499 tenere
526 3435 713 3516 resplendet
743 3443 896 3517 paternus
925 3434 989 3500 Dei
1015 3437 1107 3500 lavor
1135 3437 1170 3499 in
1222 3448 1330 3517 pratas
1363 3456 1428 3499 non
1463 3436 1615 3501 videntur
1647 3440 1726 3502 satis
1758 3439 1900 3504 fideliter
1940 3438 2080 3504 reddere
2116 3439 2209 3522 qued

111 3602 115 3610 Ι
201 3523 390 3607 quotidiano
419 3522 523 3596 victu,
558 3521 636 3603 quin
671 3520 794 3585 multae
826 3520 964 3586 nebulae
992 3521 1172 3607 impediant
1222 3519 1330 3585 voluit
1351 3520 1517 3604 propheta
1562 3523 1676 3607 Neque
1699 3526 1785 3589 enim
1809 3537 1935 3588 tantum
1965 3525 2127 3607 quosdam
2153 3547 2208 3591 re·

202 3620 349 3675 nostrum
376 3607 572 3688 adspectum.
619 3608 708 3672 Hine
738 3609 774 3670 fit
801 3616 839 3671 ut
866 3607 994 3690 profani
1024 3609 1171 3673 homines
1223 3606 1399 3688 prehendit
1422 3609 1473 3673 vel
1495 3618 1634 3686 accusat,
1662 3609 1721 3674 sad
1743 3610 1820 3677 dicit
1842 3609 2006 3693 populum,
2035 3613 2096 3692 qui
2119 3611 2209 3678 eloe·

201 3696 389 3759 existiment
410 3714 498 3757 nunc
521 3692 647 3756 steriles
670 3714 755 3758 nune
778 3693 952 3758 foecundos
974 3714 1045 3774 esse
1067 3714 1172 3759 annos
1224 3702 1277 3758 tus
1299 3715 1319 3758 a
1340 3691 1412 3758 Deo
1435 3694 1550 3773 fuerat,
1574 3717 1646 3761 esse
1662 3694 1870 3761 sceleratum.
1905 3695 2084 3762 Generalis
2099 3697 2208 3782 igitur

202 3782 334 3845 fortuite
357 3800 442 3843 casu.
487 3777 578 3841 Nihil
601 3779 689 3840 enirn
712 3780 877 3842 cernimus
900 3780 988 3843 omni
1015 3801 1057 3843 ex
1080 3789 1172 3861 parte
1224 3788 1275 3844 est
1298 3779 1462 3844 damnatio
1484 3782 1582 3846 totius
1605 3782 1716 3865 pepuli
1738 3802 1840 3865 quum
1870 3781 1948 3848 dicit
1968 3782 2113 3849 iacentes
2135 3803 2209 3850 esse

202 3869 236 3930 in
260 3865 381 3928 munde
405 3865 450 3927 sic
478 3870 711 3944 temperatum,
746 3872 785 3927 ut
812 3864 934 3946 absque
962 3865 1090 3931 nebulis
1119 3867 1172 3930 vel
1225 3867 1261 3928 ia
1276 3865 1396 3947 papale
1417 3864 1482 3930 Dei
1510 3868 1690 3932 sceleratos:
1722 3869 1813 3950 quasi
1844 3866 1981 3942 diceret,
2014 3869 2093 3933 Non
2124 3876 2209 3936 sunt

201 3952 376 4016 obstaculis
409 3950 584 4030 conspicua
617 3949 660 4011 sit
694 3949 784 4012 nobis
817 3948 880 4013 Dei
915 3950 1053 4016 benitas.
1106 3950 1172 4016 Sed
1225 3949 1401 4032 quaerendi
1425 3950 1573 4015 scelerati
1596 3954 1682 4018 iuter
1704 3964 1818 4035 gentes
1845 3953 2017 4035 profanas,
2052 3953 2114 4020 sad
2144 3956 2209 4019 ini-

203 4057 268 4099 nen
298 4034 540 4100 consideramus
574 4034 660 4097 unde
693 4033 774 4098 haec
806 4035 1022 4115 perturbatio:
1056 4056 1174 4119 nempe
1226 4036 1337 4118 quites
1359 4037 1405 4101 sie
1428 4034 1617 4102 dominatur
1639 4040 1674 4102 in
1696 4038 1797 4104 electo
1820 4038 1948 4122 popule,
1972 4051 2011 4102 ut
2029 4040 2119 4105 nihil
2134 4040 2208 4108 illic

203 4122 278 4204 quia
300 4121 499 4184 obstruimus
517 4122 586 4183 Dee
609 4139 786 4197 aceessum,
808 4140 850 4182 ne
872 4120 941 4184 eius
959 4121 1175 4186 beneficentia
1226 4141 1341 4185 sanum
1364 4121 1415 4196 sit,
1437 4120 1491 4184 vel
1514 4123 1688 4206 integrum.
1734 4124 1846 4205 Quum
1869 4125 1947 4188 dicit
1966 4125 2119 4210 inemtas,
2142 4149 2208 4210 ego

206 4209 246 4273 ad
270 4228 329 4270 nos
359 4226 462 4286 usque
493 4208 673 4287 parveniat.
715 4204 899 4269 Turbamus
930 4207 1112 4271 eteoclem
1142 4215 1175 4271 et
1226 4207 1425 4288 interpretor
1448 4206 1666 4288 deprehensos
1687 4232 1758 4275 esse
1782 4220 1815 4275 et
1843 4212 2017 4276 convictos.
2062 4210 2208 4296 Signifi-

204 4303 325 4358 terram
350 4293 468 4354 nostris
492 4292 639 4370 peccatis.
678 4290 762 4353 Nam
786 4290 814 4352 si
838 4310 983 4355 essemus
1006 4292 1068 4355 rite
1090 4314 1173 4357 com·
1227 4301 1278 4356 eat
1300 4291 1388 4355 eninr
1411 4312 1477 4354 nen
1500 4313 1570 4358 esse
1586 4293 1723 4360 obseura
1738 4317 1849 4361 eornm
1865 4296 1996 4378 scelera,
2019 4305 2058 4361 ut
2073 4300 2208 4365 subter·

204 4381 301 4463 positi
324 4378 357 4441 in
382 4376 443 4439 Dei
467 4374 628 4458 obsequie,
657 4386 744 4440 certe
767 4376 876 4439 omnia
899 4374 1059 4440 elementa
1082 4377 1175 4442 nohis
1227 4376 1324 4459 legiis
1364 4376 1447 4440 elabi
1486 4388 1614 4459 queant.
1676 4381 1761 4446 Nam
1806 4381 1885 4447 dieit
1928 4383 2082 4448 inventos
2122 4407 2208 4463 esse,

205 4468 409 4541 accinerent,
440 4468 536 4541 atque
560 4462 605 4524 ita
635 4481 842 4526 cerneremus
871 4461 904 4523 in
934 4461 1056 4527 munde
1084 4464 1175 4543 quasi
1228 4459 1497 4543 quemadmodum
1515 4464 1650 4529 luresiv
1669 4468 1756 4552 αὐτῷ
1775 4467 1881 4552 capp,
1900 4467 1993 4532 sicuti
2009 4466 2208 4551 loquuntur.

206 4550 387 4634 angelicam
403 4546 585 4612 melodiam.
614 4546 678 4610 Sed
697 4549 774 4628 quia
790 4545 1031 4611 tumultuantur
1047 4560 1177 4612 nestrae
1228 4547 1337 4631 Negat
1359 4547 1460 4629 igitur
1482 4549 1641 4632 propheta
1667 4553 1721 4618 hic
1749 4575 1831 4636 epus
1860 4573 1931 4619 ease
1959 4552 2061 4637 longa
2092 4555 2208 4641 dispu-

206 4635 400 4720 enpidltates
434 4633 591 4698 adversus
623 4634 746 4709 Deum,
781 4634 846 4696 imo
880 4630 1000 4695 bellum
1034 4632 1176 4714 quotidie
1229 4634 1367 4708 tatione,
1403 4652 1439 4695 ac
1462 4633 1490 4697 si
1513 4634 1644 4701 Iudaeis
1667 4648 1855 4722 suppeteret
1884 4639 1994 4721 aliqua
2020 4644 2209 4721 excusatio,

207 4744 386 4798 movemus,
417 4731 449 4783 et
471 4728 582 4782 nestra
604 4717 764 4798 superbia,
795 4717 999 4782 contumacia
1025 4728 1058 4780 et
1079 4718 1175 4782 obsti·
1229 4718 1384 4798 quoniam
1407 4717 1601 4798 deprehensi
1624 4735 1726 4787 erant.
1772 4725 1845 4790 Hoc
1868 4735 1978 4789 autem
2001 4726 2112 4792 multe
2143 4730 2210 4792 fnit

207 4809 340 4873 natione
363 4808 454 4871 illum
479 4825 709 4888 provocamus,
743 4823 874 4867 necesse
906 4812 955 4865 est
983 4810 1019 4864 ut
1047 4825 1176 4867 sursum
1229 4803 1357 4885 turpius
1380 4822 1477 4882 quam
1500 4805 1584 4886 apud
1608 4828 1717 4873 caecos
1740 4821 1772 4873 et
1792 4809 1985 4876 incredulos.
2029 4811 2121 4877 Nam
2146 4814 2210 4880 hae

208 4905 242 4959 et
264 4894 413 4957 deorsum
436 4892 545 4957 omnia
567 4889 747 4964 turbentur,
769 4900 801 4952 et
824 4886 950 4950 eoelum
972 4908 1058 4951 nunc
1081 4909 1178 4969 appe·
1229 4889 1300 4969 lege
1338 4888 1492 4968 populum
1531 4891 1621 4956 illum
1662 4894 1750 4959 Deus
1791 4897 1852 4960 sibi
1893 4897 2130 4979 adoptaverat,
2173 4911 2211 4965 ut

208 4990 280 5045 reat
309 4979 474 5056 nubilum,
508 4997 596 5041 nune
629 4975 760 5056 pluviae
794 4972 942 5037 assiduae
971 4983 1178 5054 corrumpant
1229 4982 1382 5055 regnaret
1402 4973 1435 5035 in
1459 4996 1495 5036 eo
1519 4979 1730 5043 sanctimonia
1752 4992 1785 5044 et
1808 4983 1932 5063 puritas
1954 4982 2053 5047 vitae.
2090 4984 2210 5066 Quum

210 5070 332 5151 fruges,
355 5077 387 5129 et
411 5064 491 5127 nihil
511 5063 554 5126 sit
569 5062 731 5126 sincerum
749 5059 799 5121 vel
816 5060 980 5140 integrum
997 5060 1028 5121 iu
1046 5057 1177 5122 mundo.
1202 5060 1205 5121 l
1230 5078 1307 5140 erge
1330 5069 1440 5120 essent
1462 5081 1528 5122 non
1552 5072 1677 5127 tantum
1702 5078 1892 5146 peccateres,
1916 5067 1973 5131 sed
1996 5080 2122 5154 olveti,
2148 5072 2212 5139 hec

210 5154 299 5235 Ergo
323 5161 372 5216 est
393 5147 585 5232 imputanda
609 5148 688 5211 haec
711 5145 921 5227 intemperies
944 5144 1089 5207 emnium
1114 5144 1177 5206 ele·
1202 5124 1205 5209 l
1230 5152 1289 5221 est,
1313 5163 1445 5223 prorsus
1464 5146 1554 5228 impii
1578 5161 1611 5211 et
1633 5149 1797 5215 scelerati:
1827 5153 1896 5229 hoe,
1926 5156 2213 5234 quemadmodum

209 5244 393 5302 mentorum
429 5237 548 5300 nostris
582 5234 730 5316 peccatis.
790 5231 862 5294 Hoc
897 5251 984 5294 nune
1025 5228 1180 5310 intelligit
1202 5212 1206 5285 l
1231 5225 1308 5305 dixi,
1332 5227 1427 5311 lenge
1451 5234 1590 5298 atrocius
1613 5233 1685 5299 fuit.
1730 5238 1774 5300 Et
1797 5239 1843 5303 ita
1871 5239 1937 5303 illis
1967 5240 2110 5307 abstulit
2143 5266 2214 5309 om·
