4784 5970
111 375 173 440 aar
490 354 496 363 '
954 374 1104 442 carus
1127 374 1257 440 anni.
2033 373 2096 440 aaa

112 562 257 629 eiusdem
279 570 372 627 erant
393 562 535 646 corporis
557 566 703 630 membra
723 563 853 647 Iudaei,
883 566 1000 628 merito
1022 563 1077 628 ab·
1130 563 1221 628 Deus
1243 565 1298 645 qui
1322 582 1398 627 vere
1419 563 1486 628 sint
1503 562 1563 626 sui.
1592 561 1724 626 Interea
1746 564 1866 627 scimus
1887 561 1977 626 huuc
1997 562 2096 627 finem

113 648 184 713 avis
206 657 239 712 et
261 647 333 711 aliis
365 647 541 713 maioribus
572 661 721 732 posteros
755 664 958 714 annumerat.
1003 649 1077 714 Nou
1130 658 1260 713 nostrae
1281 648 1463 715 vocationis
1493 668 1562 713 esse
1591 658 1627 711 ut
1655 658 1800 712 sanctam
1831 655 1864 712 et
1891 647 2096 713 innovantem

112 742 260 798 senserat
291 732 422 816 quidem
445 733 548 799 Isaias
577 735 647 818 ipse
676 736 734 800 illa
754 736 908 801 beneficia
941 755 1078 818 quorum
1131 735 1232 799 vitam
1254 732 1427 818 degamus:
1459 743 1496 798 ut
1518 740 1658 799 testatur
1679 734 1851 798 universae
1873 736 2042 815 scriptura,
2064 740 2098 796 et

112 820 310 883 mentionem
342 819 436 884 iacit:
470 819 529 884 scd
561 841 660 902 quum
692 823 729 886 in
762 821 929 887 ecclesiam
963 821 1079 886 collata
1129 821 1195 885 iam
1224 822 1353 903 saepius
1386 820 1459 885 aliis
1490 819 1569 884 locis
1598 819 1717 884 dictum
1746 832 1803 883 est.
1849 819 1967 884 Merito
1994 820 2097 903 igitur

113 913 237 984 essem,
269 905 393 969 fructus
426 925 537 969 eorum
571 905 678 987 aliqua
711 927 751 972 ex
781 915 873 989 parte
902 906 942 970 ad
971 908 1078 989 ipsum
1131 906 1177 970 ait
1204 906 1365 970 Dominus
1398 925 1433 971 sc
1462 905 1616 986 populum
1650 903 1802 988 elegisse,
1836 916 1871 968 ut
1898 915 2031 970 sauctus
2060 924 2097 968 ac

113 1010 240 1073 quoque
272 1000 485 1070 pervenerat:
524 993 678 1072 quoniam
711 991 864 1058 ecclesiae
898 993 1079 1057 membrum
1131 1011 1233 1056 verax
1255 1001 1354 1057 esset:
1388 1000 1425 1055 ut
1447 991 1529 1055 filios
1558 990 1692 1054 haberet
1714 1012 1733 1054 a
1755 989 1922 1056 mendacio
1950 999 1982 1054 ct
2003 992 2096 1054 vani·

113 1086 193 1141 erat.
237 1074 282 1138 Et
304 1083 391 1140 certe
415 1085 545 1140 tautum
576 1075 662 1160 apud
685 1098 743 1143 nos
766 1077 877 1141 valere
906 1077 1001 1141 debet
1022 1076 1080 1141 illa
1131 1086 1198 1141 tate
1227 1076 1357 1142 alienos.
1403 1074 1469 1142 Sed
1492 1076 1628 1158 populus
1657 1075 1771 1140 fefellit
1801 1075 1913 1152 fidem,
1948 1085 1980 1139 et
2000 1075 2098 1159 longe

113 1161 362 1226 communicatio
385 1171 571 1227 sauctorum
595 1183 692 1245 quam
715 1165 913 1248 profitemur,
937 1162 1080 1226 utnobis
1130 1162 1233 1227 abfuit
1270 1163 1310 1227 ab
1347 1182 1385 1227 ea
1421 1162 1626 1242 simplicitate
1666 1181 1760 1243 quam
1802 1162 1891 1243 sequi
1931 1160 2096 1226 debuerat.

114 1245 226 1310 datum
260 1267 332 1311 esse
364 1256 516 1328 putemus
548 1248 635 1329 quod
667 1249 801 1315 ecclesia
828 1270 871 1312 cx
893 1269 992 1313 manu
1015 1247 1079 1312 Dei
1131 1247 1253 1312 Omnia
1285 1249 1371 1311 enim
1405 1246 1517 1311 fraude
1554 1255 1587 1311 et
1619 1245 1782 1329 hypocrisi
1817 1247 1917 1330 plena
1953 1247 2096 1311 fuerunt.

112 1334 244 1416 recepit.
287 1332 362 1397 Una
384 1332 472 1396 enim
494 1341 544 1397 est
567 1334 629 1397 Dei
652 1335 802 1413 ecclesia,
832 1342 970 1414 atquae
993 1355 1080 1399 nunc
1132 1336 1177 1399 at
1199 1332 1414 1398 nihilominus
1436 1353 1524 1415 spem
1549 1333 1665 1396 veniae
1687 1331 1777 1409 facit,
1807 1332 1965 1398 modoad
1988 1333 2097 1396 Deum

114 1427 163 1484 est
196 1417 278 1482 nihil
311 1430 493 1499 separatum
529 1417 627 1483 habet
656 1418 697 1483 ab
725 1440 763 1484 ea
790 1439 872 1502 quae
906 1418 1080 1501 aliquando
1130 1419 1312 1503 confugiat,
1345 1428 1441 1501 atque
1470 1440 1510 1482 ex
1534 1418 1642 1481 auimo
1672 1438 1851 1482 conversus
1879 1438 1914 1482 se
1937 1418 2096 1482 humiliet.

113 1505 183 1569 fuit.
226 1503 271 1567 Ilt
293 1524 328 1567 se
349 1504 458 1584 ipsum
489 1503 628 1585 explicat
651 1503 754 1570 Isaiae
784 1526 882 1587 quum
912 1502 1013 1585 addit,
1045 1506 1080 1568 ιἰι
1131 1504 1284 1569 Ostendit
1316 1515 1424 1568 autem
1458 1503 1617 1585 propheta
1650 1503 1726 1584 quid
1756 1505 1966 1586 praecipuum
1996 1506 2040 1567 sit
2061 1504 2096 1566 in

113 1585 322 1654 multitudine
345 1588 578 1654 beneficentiae
600 1610 677 1672 erga
700 1590 830 1654 domum
848 1590 962 1656 Israel.
992 1590 1080 1672 Ergo
1131 1590 1220 1655 cultu
1250 1590 1327 1653 Dei:
1364 1610 1480 1671 nempe
1510 1599 1547 1653 ut
1576 1608 1632 1653 cor
1661 1609 1776 1670 purum
1807 1599 1903 1671 atque
1931 1589 2096 1672 integrum

114 1696 215 1758 quum
238 1695 271 1737 se
294 1673 459 1738 liberalem
490 1686 523 1738 et
556 1674 737 1741 beneficum
772 1697 848 1758 erga
878 1698 953 1741 suos
987 1696 1079 1758 prae·
1132 1695 1292 1759 geramus.
1336 1675 1433 1740 Unde
1465 1675 1611 1756 sequitur
1643 1674 1716 1737 ideo
1748 1694 1807 1737 nos
1837 1674 1941 1738 deseri
1970 1696 1989 1739 a
2016 1674 2096 1751 Deo,

113 1761 235 1825 stiterit
255 1758 426 1835 Dominus,
453 1758 537 1824 idem
562 1760 657 1825 hodie
679 1761 874 1842 sperandum
898 1770 957 1839 est,
980 1781 1080 1844 quum
1132 1761 1216 1843 quod
1244 1760 1359 1841 perfidi
1382 1769 1480 1841 atque
1508 1760 1676 1844 foedifragi
1698 1760 1810 1823 simus.
1854 1757 1964 1840 Quum
1994 1760 2097 1843 igitur

114 1844 280 1911 domestici
303 1845 611 1927 ipsiuseteiusdem
635 1846 788 1911 ecclesiae
807 1846 951 1910 membra
968 1848 1079 1911 simus.
1132 1847 1185 1910 hic
1207 1846 1346 1928 populus
1374 1846 1434 1910 sibi
1456 1846 1491 1909 iu
1514 1846 1608 1909 malis
1638 1847 1706 1909 suis
1727 1845 1876 1927 placeret,
1912 1866 1985 1909 eum
2008 1847 2096 1927 prius

114 1931 274 2011 Quamvis
296 1931 413 1994 iratum
436 1929 530 1994 uobis
550 1931 658 2012 ipsum
686 1934 863 1995 sentiamus
885 1933 926 1997 ob
948 1943 1081 2015 peccata
1132 1931 1331 1996 infidelitatis
1362 1951 1439 1996 suae
1467 1932 1615 1996 convinci
1646 1931 1802 2013 oportuit,
1843 1942 1881 1994 ut
1910 1930 2025 1995 deinde
2055 1933 2094 1995 ad

114 2029 236 2091 nostra,
257 2028 365 2081 tamen
385 2015 530 2100 erigendi
548 2037 604 2098 spe
620 2017 720 2080 animi
735 2027 767 2080 et
784 2017 900 2081 fiducia
918 2016 1079 2082 armandi:
1132 2016 1240 2082 Deum
1263 2036 1438 2081 conversus
1459 2028 1657 2081 servatorem
1680 2018 1789 2099 ipsum
1811 2017 2005 2099 experietur.

114 2103 265 2183 quoniam
288 2100 456 2166 ecclesiam
480 2121 570 2165 suam
595 2101 771 2167 destituere
794 2124 857 2167 nou
882 2114 996 2186 potest.
1026 2103 1080 2167 In·
1217 2104 1247 2168 9.
1281 2102 1337 2187 (Ic
1362 2104 1445 2167 omui
1473 2101 1646 2186 augustia.)
1700 2102 1886 2182 Ampliiicat
1919 2102 2096 2167 bonitatem

115 2198 204 2252 terea
237 2186 411 2268 diligenter
443 2186 682 2252 observandum
719 2197 768 2252 est
801 2188 884 2271 quod
925 2188 1082 2271 propheta
1132 2188 1195 2252 Dei
1223 2210 1301 2271 erga
1330 2189 1484 2271 populum
1518 2189 1629 2251 sirum:
1663 2198 1760 2269 atque
1792 2188 1884 2251 docet
1918 2187 2096 2252 beneficum

114 2272 287 2354 magnifice
322 2272 490 2355 praedicat
526 2283 623 2354 atque
662 2273 790 2338 extollit
826 2275 1080 2340 misericordiam
1133 2276 1231 2339 fuisse
1256 2274 1414 2356 patribus,
1443 2272 1595 2355 quamdiu
1617 2274 1703 2355 passi
1727 2283 1804 2336 sunt
1826 2294 1860 2337 se
1883 2273 1923 2337 ab
1945 2274 2015 2354 ipso
2037 2293 2096 2355 gu·

115 2359 188 2433 Dei,
216 2372 252 2421 ut
274 2357 308 2419 in
330 2379 368 2422 aa
390 2368 521 2422 nostrae
547 2358 661 2422 salutis
692 2368 725 2423 ct
747 2360 904 2425 bonorum
935 2361 1079 2424 omnium
1135 2362 1283 2424 berneri:
1323 2370 1421 2441 atque
1458 2361 1505 2423 ita
1540 2359 1713 2424 sollicitum
1751 2359 1790 2420 de
1827 2359 1867 2423 iis
1903 2359 2023 2437 fuisse,
2063 2369 2099 2421 ut

113 2442 363 2508 fundamentum
386 2464 455 2507 esse
477 2443 707 2528 intelligamus.
741 2445 971 2511 Excluduutur
994 2447 1081 2508 enim
1134 2466 1307 2509 aerumnas
1343 2466 1454 2510 eorum
1489 2453 1522 2508 et
1554 2443 1723 2527 augustias
1758 2444 1827 2525 ipse
1865 2443 1985 2508 tulerit.
2043 2440 2099 2509 Sia

113 2528 167 2594 hic
189 2528 306 2592 merita
327 2526 506 2607 hominum,
530 2531 666 2612 nequid
690 2531 736 2596 eis
758 2532 825 2595 ullo
847 2532 942 2595 modo
964 2531 1081 2595 tribua
1134 2531 1220 2594 enim
1257 2530 1417 2612 loquendo
1454 2529 1740 2611 incomparabilem
1777 2548 1920 2594 amorem
1958 2529 2098 2593 declarat

115 2626 177 2678 tur.
222 2614 266 2677 Et
288 2634 352 2696 quo
375 2613 491 2678 melius
514 2615 593 2680 haec
617 2614 762 2681 doctriua
784 2618 991 2699 percipiatur,
1023 2617 1080 2680 ha·
1134 2637 1197 2699 quo
1227 2616 1317 2680 Deus
1349 2636 1427 2698 erga
1455 2637 1530 2680 suos
1560 2615 1694 2687 affectus
1723 2625 1780 2677 est.
1831 2614 1875 2678 Et
1903 2634 1965 2695 quo
1994 2617 2098 2697 magis

114 2699 219 2764 beuda
241 2707 291 2764 est
312 2699 396 2763 ratio
420 2702 574 2782 temporis
593 2700 631 2764 de
647 2723 710 2784 quo
733 2702 875 2783 loquitur
889 2702 1001 2767 Isaias.
1031 2702 1081 2765 Eo
1134 2721 1192 2765 nos
1214 2709 1416 2766 commoveat
1437 2712 1469 2764 et
1492 2700 1531 2764 ad
1554 2721 1589 2764 se
1611 2699 1733 2763 alliciat
1750 2699 1921 2773 Dominus,
1943 2699 2098 2781 quidquid

116 2786 203 2849 enim
225 2786 367 2848 maxime
389 2784 548 2850 florebant
570 2787 698 2850 iustitia
720 2800 753 2850 et
775 2789 892 2868 pietas:
922 2808 999 2850 nam
1023 2787 1082 2850 etsi
1133 2788 1260 2867 paterni
1286 2787 1437 2860 affectus,
1471 2788 1588 2849 amoris
1611 2797 1643 2849 et
1666 2784 1865 2868 συμπαθείας
1894 2806 1965 2849 csse
1992 2793 2099 2868 potest

115 2870 209 2936 valde
231 2877 404 2954 corruptus
425 2880 496 2934 erat
518 2872 667 2954 populus,
692 2882 797 2936 tamen
816 2872 935 2954 Moses,
959 2876 1081 2949 Aaron,
1134 2874 1168 2934 in
1188 2892 1221 2935 se
1244 2872 1409 2949 transfert,
1433 2881 1464 2936 et
1486 2871 1631 2934 hnmano
1653 2891 1743 2935 more
1765 2869 1996 2935 accommodat.
2029 2869 2098 2934 Nec

115 2956 235 3038 aliique
257 2955 301 3037 pii
325 2958 387 3020 viri
417 2955 584 3038 praeclara
612 2958 818 3022 innocentiae
847 2969 879 3022 et
900 2957 1082 3023 sanctitatis
1134 2966 1243 3021 tamen
1265 2958 1299 3020 iu
1322 2958 1419 3022 rebus
1441 2955 1594 3021 humanis
1622 2955 1726 3020 ullum
1755 2956 1899 3020 caritatis
1922 2965 1979 3019 aut
2001 2957 2098 3020 bene·

115 3040 265 3123 exempla
304 3039 433 3106 dabant.
494 3040 660 3124 Quidquid
701 3052 810 3107 tamen
844 3043 1008 3108 Dominus
1037 3036 1082 3107 'in
1134 3043 1296 3107 valentiae
1329 3062 1432 3126 genus
1466 3042 1643 3124 excogitari
1677 3049 1783 3123 potest
1817 3041 1902 3124 quod
1936 3063 1999 3106 uon
2030 3042 2098 3122 ipse

115 3127 230 3191 Mosen
254 3134 286 3189 ct
308 3127 388 3192 alios
418 3128 575 3193 bonorum
604 3127 755 3207 contulit,
785 3128 848 3193 hoc
871 3150 934 3193 nou
957 3128 1083 3194 meritis
1134 3148 1252 3212 magno
1285 3127 1459 3191 intervallo
1491 3135 1632 3209 superet.
1683 3126 1804 3190 Fateor
1836 3127 2027 3208 particulam
2056 3113 2098 3195 ab

116 3213 279 3294 ipsorum,
313 3210 370 3276 sed
402 3211 642 3278 misericordiae
676 3213 739 3277 Dei
772 3213 979 3280 tribuendum
1012 3236 1083 3280 esse
1134 3235 1192 3296 per
1216 3229 1238 3281 tt
1260 3215 1389 3297 proprie
1419 3213 1607 3296 negativam
1636 3232 1715 3277 csse.
1759 3211 1902 3293 Ideoque
1932 3211 2098 3276 diversum

116 3298 275 3379 propheta
297 3295 398 3362 docet.
432 3298 502 3362 Nos
525 3318 601 3362 vero
623 3300 733 3380 quales
756 3320 834 3382 prae
857 3300 948 3364 Mose
971 3321 1082 3365 sumus
1134 3319 1265 3364 sensum
1288 3320 1352 3363 nou
1376 3319 1506 3380 prorsus
1528 3298 1673 3380 repudio,
1696 3298 1852 3380 populum
1869 3299 1905 3362 in
1923 3299 1990 3362 suis
2006 3298 2099 3362 malis

117 3391 153 3445 ut
175 3381 296 3464 aliquid
318 3402 338 3445 a
359 3382 431 3448 Deo
454 3383 658 3448 mereamur?
692 3384 784 3449 Haec
805 3386 905 3468 igitur
934 3386 1082 3468 repetitio
1134 3405 1199 3448 nou
1217 3384 1317 3449 fuisse
1339 3385 1485 3460 anxium,
1510 3384 1585 3465 quia
1603 3403 1731 3464 semper
1748 3382 1869 3464 aliquid
1887 3384 1994 3448 solatii
2010 3384 2099 3447 Deus

117 3467 364 3545 beneficentiae,
412 3469 707 3534 misericordiarum
752 3480 785 3534 et
828 3471 1083 3553 miserationum,
1133 3469 1318 3534 adhibuerit
1339 3469 1379 3533 ad
1402 3470 1568 3533 leniendos
1591 3468 1725 3532 dolores.
1758 3466 1825 3532 Sed
1848 3488 1949 3549 quum
1969 3490 2008 3532 ex
2027 3468 2099 3532 aliis

117 3553 214 3618 sicuti
245 3551 366 3618 debiles
398 3554 524 3619 animos
550 3555 586 3618 in
608 3555 747 3621 sublime
780 3556 890 3621 evehit
920 3565 957 3620 ut
985 3577 1083 3639 supra
1133 3557 1212 3621 locis
1233 3566 1343 3638 pateat
1365 3569 1387 3620 tt
1406 3575 1501 3636 saepe
1523 3555 1642 3617 mutari
1665 3555 1698 3616 iu
1717 3567 1736 3628 ι,
1759 3564 1855 3631 recte,
1879 3574 1949 3617 meo
1970 3551 2099 3633 iudicio,

117 3637 235 3703 arduas
257 3638 475 3703 tentationum
498 3639 601 3704 moles
624 3650 802 3725 emergant,
824 3642 871 3705 ita
893 3662 1021 3706 omnem
1043 3641 1083 3706 de
1134 3641 1218 3706 docti
1240 3642 1435 3722 interpretes
1457 3640 1593 3704 relative
1614 3638 1667 3703 hic
1684 3639 1858 3722 accipiunt,
1881 3659 1943 3720 quo
1962 3648 2099 3704 testatur

117 3722 288 3787 hominum
316 3724 440 3789 meritis
467 3725 697 3808 cogitationem
720 3726 833 3790 tollere
856 3737 951 3809 atque
974 3726 1082 3791 absor·
1133 3725 1301 3808 propheta,
1332 3733 1368 3789 ut
1390 3725 1479 3789 Deus
1502 3744 1640 3809 angores
1669 3724 1779 3806 populi
1809 3726 1859 3788 sni
1881 3733 1914 3787 et
1936 3724 2100 3790 molestias

117 3809 192 3874 bere
216 3807 318 3872 debet.
1134 3812 1272 3894 levaret,
1302 3811 1408 3893 ipsum
1431 3830 1531 3874 onera
1552 3809 1704 3875 subiisse:
1738 3829 1804 3873 non
1826 3809 1909 3892 quod
1933 3811 2010 3894 augi
2031 3809 2099 3874 ullo

203 3895 233 3959 8.
266 3891 367 3977 (Nam
387 3893 494 3979 dixit.)
538 3894 779 3961 Commemorat
808 3895 997 3960 electionem
1027 3917 1083 3978 po·
1134 3895 1229 3960 modo
1259 3898 1374 3978 possit,
1408 3894 1465 3959 sed
1493 3894 1654 3959 humanas
1686 3896 1850 3977 passiones
1883 3897 1988 3979 figura
2020 3897 2100 3960 satis

117 3981 195 4064 puli,
225 3988 257 4043 et
280 3980 319 4043 de
341 4000 380 4043 ea
402 3979 591 4061 loquentem
613 3979 790 4047 introducit
812 3983 930 4061 Deum,
952 3990 988 4044 ut
1009 3982 1088 4047 fiais
1135 3982 1254 4046 usitata
1282 3982 1315 4045 in
1346 4001 1381 4046 sc
1410 3980 1543 4063 suscipit
1576 4001 1614 4045 ac
1643 3980 1810 4045 transfert.
1861 3979 1971 4046 Huius
2004 4002 2102 4047 curae

117 4079 246 4132 nostrae
269 4065 446 4130 vocationis
467 4066 503 4129 in
521 4076 664 4130 mentam
687 4067 779 4132 nobis
798 4068 918 4145 veniat,
941 4067 1083 4131 voluisse
1135 4067 1284 4131 effectum
1308 4066 1424 4130 deinde
1445 4067 1603 4149 explicat,
1637 4063 1723 4147 qnod
1746 4086 1805 4148 per
1825 4086 1959 4131 manum
1993 4067 2102 4151 angeli

117 4154 224 4235 ipsum
246 4150 442 4233 peculiarem
466 4150 620 4233 populum
642 4151 776 4230 habere,
806 4151 891 4235 apud
915 4172 1011 4234 quem
1033 4154 1083 4216 in·
1135 4153 1184 4217 sui
1203 4171 1331 4234 semper
1348 4173 1402 4217 eos
1420 4152 1584 4234 cripuerit,
1608 4172 1700 4233 quem
1718 4155 1814 4216 vocat
1835 4152 1977 4233 angelum
1996 4154 2102 4234 facici,

119 4244 261 4302 vocetur.
292 4235 401 4318 Atque
418 4236 543 4300 interea
564 4236 835 4320 ingratitudinem
859 4238 968 4321 populi
992 4258 1084 4304 accu·
1135 4239 1210 4321 quia
1242 4239 1334 4302 testis
1366 4239 1465 4302 fucrit
1495 4236 1558 4301 Dei
1591 4236 1811 4318 praesentiae,
1843 4249 1876 4301 et
1906 4240 1997 4320 quasi
2031 4239 2101 4303 eius

118 4337 185 4402 sat,
217 4321 302 4405 quod
324 4321 433 4385 Deum
466 4324 708 4404 exspectatione
741 4344 799 4388 sua
828 4325 1002 4389 frustratus
1024 4325 1083 4388 sit:
1135 4323 1301 4407 apparitor
1323 4323 1362 4387 ad
1383 4325 1472 4388 iussa
1493 4320 1712 4404 exsequenda:
1734 4342 1776 4385 ne
1794 4333 1946 4405 putemus
1968 4323 2101 4406 angelos

117 4430 181 4473 non
208 4406 292 4490 quod
322 4407 391 4471 falli
419 4407 521 4489 possit
544 4407 717 4485 Dominus,
751 4429 851 4492 quum
884 4411 963 4474 satis
991 4429 1084 4489 prae·
1135 4409 1265 4491 prodire
1286 4429 1305 4471 a
1324 4429 1359 4474 se
1376 4409 1464 4491 ipsis,
1487 4420 1544 4473 aut
1565 4408 1694 4490 proprio
1717 4416 1807 4471 motu
1829 4429 1863 4473 se
1883 4409 2041 4492 ingerere,
2065 4421 2101 4473 ut

118 4494 243 4557 videret
264 4492 376 4574 quales
399 4493 502 4556 futuri
524 4504 627 4572 eraut,
650 4502 747 4576 atque
768 4496 867 4558 etiam
889 4515 948 4576 per
968 4495 1083 4560 Mosen
1136 4515 1228 4578 opem
1263 4495 1354 4560 nobis
1387 4495 1510 4559 ferant:
1547 4493 1623 4576 quia
1654 4491 1817 4557 Dominus
1850 4495 1953 4558 utitur
1986 4514 2098 4557 eorum

118 4578 350 4662 significasset:
384 4577 440 4642 sed
463 4578 510 4640 ita
532 4578 675 4662 loquitur
696 4580 865 4662 scriptura,
895 4601 995 4663 quum
1019 4601 1083 4644 uon
1135 4601 1241 4664 opera,
1270 4589 1304 4646 ct
1326 4581 1541 4663 praesentiam
1563 4598 1655 4644 suam
1678 4576 1770 4643 nobis
1792 4599 1850 4660 per
1871 4600 1925 4643 eos
1946 4579 2099 4644 declarat.

117 4673 182 4729 stat
207 4684 266 4746 per
286 4661 456 4726 homiuum
485 4663 754 4746 ingratitudinem
784 4667 955 4748 quominus
977 4667 1083 4730 Deum
1135 4666 1254 4749 Angeli
1283 4665 1367 4730 nihil
1389 4688 1429 4731 ex
1452 4686 1487 4730 se
1509 4672 1653 4746 possunt,
1683 4683 1743 4728 nec
1764 4684 1857 4746 opem
1880 4666 2002 4740 ferunt,
2037 4664 2099 4727 nisi

117 4750 326 4825 frustrentur,
359 4756 395 4812 ut
419 4749 510 4830 prius
539 4750 646 4832 capite
678 4752 793 4832 quinto
819 4751 981 4818 vidimus:
1015 4752 1083 4816 Ex·
1136 4763 1295 4834 quatenus
1328 4772 1383 4817 eos
1415 4751 1535 4814 emittit
1568 4749 1751 4826 Dominus,
1788 4759 1823 4812 ut
1856 4749 1921 4813 siut
1958 4749 2099 4814 ministri

117 4836 262 4920 spectavi
293 4842 331 4897 ut
353 4834 472 4898 faceret
500 4835 581 4898 mihi
611 4857 707 4912 uvas.
742 4847 775 4900 et
802 4836 879 4901 fecit
907 4837 1083 4903 labruscas.
1135 4846 1265 4901 nostrae
1286 4837 1410 4903 salutis.
1440 4837 1529 4919 Ergo
1551 4856 1593 4899 na
1615 4834 1806 4899 haereamus
1828 4836 1861 4898 in
1884 4837 1972 4917 ipsis,
1995 4855 2099 4916 quum

117 4920 186 4986 Nec
208 4939 286 4985 vero
309 4918 348 4984 de
369 4937 488 4983 arcano
511 4918 575 4984 Dei
604 4922 738 4987 consilio
771 4923 910 4999 disserit,
943 4921 999 4989 sed
1023 4922 1083 4987 hu·
1133 4926 1223 4987 recta
1245 4943 1303 4987 nos
1325 4922 1365 4986 ad
1388 4921 1497 4986 Deum
1526 4921 1655 4985 ducant.
1700 4918 1737 4986 Si
1759 4921 1811 4984 cui
1841 4922 1944 5004 magis
1973 4921 2099 5003 placeat

117 5007 261 5070 manitus
283 5005 427 5086 loquitur
449 5003 489 5067 de
506 5013 620 5070 mutuo
634 5008 698 5071 Dei
717 5018 750 5072 et
766 5009 893 5090 piorum
916 5027 1084 5088 consensu,
1119 5009 1271 5090 exprimi
1295 5008 1403 5072 vivam
1427 5006 1490 5071 Dei
1512 5007 1663 5090 effigiem,
1692 5006 1766 5088 quia
1788 5005 1923 5087 angelus
1946 5007 2008 5072 iste
2030 5006 2097 5070 dux

118 5099 154 5157 ut
176 5090 247 5157 Deo
276 5090 404 5155 vocanti
438 5090 655 5172 respondeant
688 5113 800 5159 omues
833 5093 949 5176 quibus
982 5113 1017 5157 se
1049 5094 1083 5157 in
1134 5093 1243 5175 populi
1276 5097 1309 5157 et
1340 5100 1447 5157 custos
1480 5093 1571 5176 quasi
1604 5091 1638 5155 iu
1671 5092 1854 5172 spectaculo
1888 5092 2002 5157 faciem
2036 5092 2098 5156 Dei

116 5186 243 5261 patrem
265 5177 382 5241 offerre
409 5174 579 5259 dignatur:
611 5179 741 5244 firmum
772 5179 859 5245 enim
881 5186 947 5243 stat
967 5176 1082 5243 funda·
1135 5177 1323 5256 ostenderit,
1350 5186 1424 5262 apte
1446 5179 1626 5244 conveniet.
1669 5176 1738 5241 Nec
1759 5196 1839 5240 vero
1861 5177 1940 5241 mihi
1964 5178 2098 5243 dubium

117 5270 282 5341 mentum,
316 5262 482 5327 neminem
516 5282 556 5327 ex
585 5265 694 5330 electis
727 5267 849 5348 perire,
883 5265 960 5347 quia
993 5263 1083 5329 novit
1133 5271 1200 5340 est,
1233 5262 1383 5330 servandi
1406 5284 1523 5328 munus
1546 5263 1680 5329 Ohristo
1713 5262 1828 5340 tribui,
1862 5265 1956 5329 sicuti
1979 5265 2098 5338 scimus
