4784 5970
187 352 234 420 39
1072 351 1122 418 IN
1143 350 1309 419 ISAIAM
2148 350 2192 416 40

188 543 258 610 eius
285 541 394 608 odium
425 542 538 608 multis
568 543 600 608 in
631 543 711 609 locis
740 543 955 626 multiplicata
976 553 1056 608 sunt
1078 540 1163 606 idola
1216 540 1360 606 Additur
1382 540 1479 606 tertio
1501 541 1571 606 loco
1588 560 1689 606 senen
1701 540 1859 619 Abrahae,
1883 551 1920 606 ut
1942 541 2081 606 sciamus
2103 541 2189 608 elec·

188 637 223 695 et
250 639 371 704 erecta,
402 629 696 712 peregrinationes,
728 630 861 706 missae,
895 640 971 694 vota
999 629 1101 713 impia
1130 637 1164 694 et
1216 628 1337 692 tionem
1360 625 1542 710 penderes
1568 625 1782 709 promissione
1803 626 1881 706 Dei,
1912 647 1976 690 non
2004 626 2090 709 quod
2112 649 2187 711 pro·

189 715 415 780 anniversaria
441 713 526 796 apud
549 714 727 780 nonnullos
749 714 926 780 celebriora
948 734 1046 797 quam
1068 724 1164 780 antea
1214 714 1326 777 missio
1354 713 1545 778 electionem
1573 711 1759 795 praecedat,
1790 733 1873 795 quae
1902 713 1942 776 ab
1972 724 2104 778 aeterno
2128 726 2187 791 est,

188 801 334 866 fuerunt.
386 799 471 864 Nam
501 801 534 864 iu
564 801 704 883 pristina
737 800 794 864 illa
825 800 1012 884 ignorantia
1041 799 1163 884 aliquid
1215 799 1271 863 sed
1289 797 1374 881 quod
1386 799 1558 877 Dominus,
1578 798 1804 881 promissionis
1822 807 1982 880 respectu,
2004 797 2187 865 beneficen-

189 903 260 952 erat
298 885 551 951 moderationis:
595 907 683 952 nunc
722 906 801 950 vero
840 885 1032 951 idololatrae
1071 885 1164 952 velut
1216 885 1294 948 tiam
1323 905 1417 949 suam
1449 896 1664 968 prosequutus
1691 883 1748 948 sit:
1779 884 1855 966 quia
1879 883 2033 949 Abrahae
2059 885 2188 951 dixerat

188 972 279 1038 rabie
309 973 424 1054 perciti
446 970 644 1050 dimanant,
675 984 708 1035 et
730 991 824 1036 caeco
846 972 970 1054 impetu
991 972 1162 1036 feruntur:
1217 970 1289 1053 Ego
1322 990 1395 1034 sum
1425 969 1517 1034 Deus
1551 980 1629 1034 tuus
1662 981 1695 1034 et
1724 970 1856 1034 seminis
1885 971 1941 1036 tui.
1986 969 2188 1038 Continuata

189 1057 272 1122 nihil
296 1078 362 1122 uon
384 1056 574 1135 moliuntur,
601 1067 638 1121 ut
660 1057 876 1123 labasoentem
899 1058 1163 1139 superstitionem
1214 1055 1317 1138 igitur
1347 1056 1427 1121 haec
1454 1057 1487 1119 in
1516 1064 1662 1137 posteros
1691 1056 1798 1138 gratia
1825 1066 1886 1120 est:
1917 1067 2013 1139 atque
2042 1057 2082 1122 ob
2110 1079 2188 1141 pro·

189 1141 345 1227 fulciant,
385 1158 418 1207 et
450 1143 601 1207 nutantia
639 1141 743 1207 idola:
782 1142 921 1226 denique
959 1145 1163 1226 coniungunt
1215 1141 1405 1206 missionem
1439 1142 1577 1224 populus
1610 1140 1666 1204 ille
1696 1140 1836 1205 Domino
1862 1142 2071 1223 peculiariter
2099 1163 2188 1208 com·

189 1249 315 1308 munus,
346 1237 378 1294 et
407 1241 537 1293 mutuas
565 1229 652 1293 iuter
680 1250 714 1293 se
737 1249 852 1312 operas
878 1227 1023 1311 tradunt,
1053 1239 1090 1293 ut
1112 1251 1162 1293 re·
1215 1225 1386 1291 mandatus
1410 1227 1488 1310 luit,
1512 1225 1782 1309 quemadmodum
1806 1227 1905 1291 etiam
1929 1227 2054 1293 Paulus
2076 1226 2187 1312 (Rom.

190 1314 308 1379 sistant
337 1312 419 1378 Deo.
463 1312 560 1396 Quod
589 1317 616 1379 si
647 1316 809 1397 quispiam
837 1314 871 1378 in
903 1315 1037 1378 fratrem
1067 1334 1160 1379 suum
1215 1312 1246 1393 9,
1268 1309 1302 1398 4)
1325 1320 1571 1389 testamentum,
1594 1312 1858 1394 promissionem,
1886 1313 2122 1397 legislationem
2147 1314 2188 1378 ad

190 1399 325 1465 reiicere
348 1399 476 1482 culpam
500 1400 588 1482 velit,
613 1399 694 1464 nihil
713 1400 842 1465 efficiet.
878 1396 933 1464 Sic
949 1401 1034 1464 enim
1051 1399 1164 1464 haeret
1215 1418 1289 1461 eum
1323 1398 1519 1481 pertinuisse
1552 1396 1652 1463 docet.
1696 1397 1792 1463 Unde
1827 1399 1925 1463 etiam
1959 1419 2070 1464 semen
2105 1400 2186 1465 illud

189 1485 226 1555 in
249 1505 443 1567 unoquoquo
466 1494 512 1549 ut
525 1484 641 1569 depelli
665 1485 756 1550 nullo
780 1485 875 1550 modo
894 1487 1003 1566 possit.
1039 1484 1163 1551 Omnes
1215 1492 1365 1548 sanctum
1379 1489 1529 1549 vocatum
1542 1495 1599 1559 est,
1615 1502 1707 1548 sacra
1720 1484 1782 1549 Dei
1794 1483 1985 1562 haereditus,
2005 1495 2037 1549 et
2049 1506 2186 1568 reguum

191 1570 326 1636 student
356 1569 532 1649 mendacio,
561 1576 594 1634 et
621 1573 715 1653 quasi
737 1593 778 1635 ex
800 1571 945 1655 professo
967 1573 1163 1653 imposturas
1216 1568 1422 1634 sacerdotale.
1474 1567 1642 1653 Singulari
1686 1590 1761 1634 vero
1801 1569 1924 1635 honore
1960 1571 2185 1638 Abrahamum

192 1664 368 1738 appetunt,
402 1676 527 1738 suaque
560 1656 768 1721 multitudine
798 1658 873 1720 freti
902 1669 968 1721 tam
1001 1678 1036 1721 se
1065 1677 1162 1739 quam
1216 1664 1493 1804 greaequutusest
1510 1653 1683 1736 Dominus,
1702 1654 1786 1737 quod
1805 1677 1880 1720 eum
1897 1657 2038 1722 amicum
2054 1658 2187 1722 vocarit.

192 1742 273 1806 alios
300 1741 422 1827 singuli
451 1740 524 1805 Deo
556 1743 755 1823 praeferunt.
807 1742 873 1806 Alii
908 1742 988 1806 alios
1021 1743 1162 1808 vicissim
1245 1761 1358 1803 ervum
1382 1739 1445 1803 Dei
1468 1740 1624 1823 appellari
1647 1762 1801 1824 magnum
1832 1753 1865 1805 et
1892 1740 2104 1807 honorificum
2129 1744 2187 1809 est.

192 1827 365 1892 stimulant
393 1826 434 1890 ad
464 1826 623 1893 idolorum
654 1827 793 1905 cultum,
825 1839 922 1911 atque
951 1838 1017 1892 tam
1049 1830 1164 1892 insano
1217 1825 1302 1890 Nam
1331 1827 1358 1890 si
1388 1829 1498 1908 magni
1529 1825 1675 1890 beneficii
1706 1826 1775 1892 loeo
1807 1825 1935 1892 ducitur
1964 1829 1998 1891 in
2029 1829 2187 1894 familiam

193 1932 304 1977 amore
337 1914 493 1997 flagrant,
534 1922 572 1976 ut
604 1913 778 1978 universus
811 1915 1041 1998 propemodum
1077 1914 1164 1979 orbis
1217 1913 1303 1994 regis
1325 1921 1380 1975 aut
1399 1911 1554 1995 principis
1572 1914 1726 1995 cooptari,
1748 1912 2187 1995 quantoplurislaciendum,

194 2020 232 2064 eo
255 1997 377 2063 ardeat.
1217 2017 1318 2079 quum
1347 2016 1406 2061 nos
1437 1998 1526 2061 Deus
1556 2018 1613 2080 pro
1642 1999 1744 2062 servis
1779 2019 1817 2064 ac
1852 1997 2036 2065 domesticis
2066 2000 2186 2066 habet?

281 2083 309 2149 8.
333 2082 391 2170 (Ar
412 2088 447 2148 tu
465 2082 593 2170 Israel.)
630 2082 724 2149 Nunc
743 2083 894 2167 ostendit,
918 2085 1068 2166 quamvis
1090 2085 1163 2150 sub·
1217 2082 1284 2147 Sed
1314 2103 1352 2147 eo
1382 2104 1447 2147 non
1478 2093 1649 2147 contentus
1679 2084 1800 2148 maiore
1831 2084 1929 2148 etiarn
1961 2085 2083 2151 honore
2112 2108 2187 2151 eum

194 2168 259 2234 lato
282 2170 402 2234 vexillo
424 2189 536 2234 omnes
554 2171 760 2235 consentiunt
781 2171 814 2233 in
838 2190 991 2252 errorem,
1013 2178 1165 2252 totusque
1217 2168 1332 2247 afficit,
1362 2177 1458 2251 atque
1481 2169 1575 2233 amici
1607 2172 1738 2232 nomine
1767 2180 1913 2235 exornat.
1959 2169 2053 2250 Quod
2077 2183 2188 2238 autem

194 2254 335 2319 mundus
357 2255 491 2320 fallaciis
514 2255 557 2320 sit
580 2254 716 2332 deditus,
739 2255 1022 2337 quamabsurdum
1046 2257 1087 2320 sit
1110 2279 1165 2338 po·
1218 2254 1271 2319 hic
1293 2253 1333 2317 de
1355 2254 1543 2319 Abrahamo
1567 2253 1689 2319 dietum
1714 2265 1779 2333 est,
1802 2255 1841 2318 ad
1865 2258 1934 2339 pios
1956 2278 2070 2322 omnes
2092 2260 2190 2340 perti-

193 2340 305 2422 pulum
329 2340 431 2405 Israel
458 2341 586 2405 misceri
610 2361 682 2405 cum
709 2339 861 2423 gentibus
886 2342 1037 2421 profanis.
1080 2342 1164 2406 Nam
1217 2351 1287 2402 net:
1311 2339 1408 2422 idque
1431 2340 1557 2422 plenius
1581 2339 1723 2403 declarat
1745 2340 1913 2406 Christus:
1944 2341 2017 2407 Non
2040 2343 2105 2405 iam
2130 2365 2189 2408 vos

194 2447 295 2507 quum
309 2427 452 2508 gratuita
464 2426 632 2490 vocatione
648 2438 838 2508 segregatus
856 2425 957 2491 aDeo
972 2448 1008 2492 ao
1024 2427 1164 2493 selectus
1218 2445 1329 2490 servos
1359 2426 1503 2508 appello,
1533 2425 1588 2489 sed
1619 2427 1713 2490 amici
1743 2428 1805 2490 mei
1836 2429 1913 2493 estis
1935 2427 2019 2512 (Ich.
2045 2429 2187 2516 15,1t›).

194 2521 289 2593 esset,
313 2512 346 2574 in
362 2511 501 2576 eundem
520 2513 660 2575 furorem
677 2533 747 2576 sese
763 2511 921 2594 proiicere
937 2534 1001 2577 non
1019 2512 1163 2580 debebat.
1218 2512 1315 2577 Servi
1350 2511 1436 2575 enim
1475 2512 1675 2576 voluntatem
1716 2511 1850 2575 Domini
1888 2515 2058 2596 ignorant:
2094 2516 2189 2580 vobis

194 2596 339 2680 Insignis
352 2597 450 2675 locus,
466 2618 528 2678 quo
541 2597 693 2662 docemur
706 2599 906 2662 vocationem
919 2610 1059 2663 nostram
1074 2600 1164 2665 suifi-
1217 2609 1325 2660 autem
1356 2617 1474 2661 arcana
1508 2609 1541 2661 et
1577 2597 1687 2660 divina
1715 2600 1873 2679 mysteria
1903 2600 2064 2680 patefacta
2093 2612 2187 2665 sunt:

195 2702 267 2748 cere
290 2683 383 2747 nobis
399 2682 522 2760 debere,
546 2694 582 2747 ut
604 2681 645 2746 ab
668 2683 921 2765 inquinamentis
932 2683 1032 2749 huius
1051 2686 1164 2750 mundi
1218 2681 1304 2746 unde
1327 2683 1421 2747 amici
1444 2696 1475 2746 et
1496 2683 1648 2765 propensi
1670 2703 1747 2765 erga
1767 2704 1824 2748 vos
1843 2685 1941 2748 animi
1962 2685 2113 2750 affectum
2138 2688 2188 2750 in·

194 2768 412 2832 cohibeamur.
465 2766 624 2847 Quamvis
656 2781 846 2850 grassentur
882 2771 1099 2851 corruptelae,
1128 2794 1164 2837 ac
1219 2768 1365 2852 telligere
1393 2770 1538 2849 potestis.
1583 2770 1728 2832 Tantum
1758 2769 1860 2852 igitur
1889 2771 2043 2835 honorem
2073 2771 2188 2837 aDeo

195 2853 339 2917 mundus
368 2875 402 2918 se
433 2853 467 2916 in
496 2874 624 2918 omnem
654 2855 833 2935 nequitiam
863 2855 1023 2933 effundat,
1055 2871 1163 2922 tamen
1217 2855 1410 2936 consequuti
1432 2856 1526 2920 officii
1551 2856 1652 2917 nostri
1668 2856 1857 2933 meminisse
1875 2857 2045 2920 debemus:
2069 2868 2107 2921 ut
2124 2879 2187 2940 quo

194 2936 255 3003 hoc
283 2939 395 3002 fraeno
423 2940 558 3003 retineri
588 2959 647 3002 nos
677 2938 784 3018 decet,
814 2940 897 3022 quod
929 2940 1040 3006 aDeo
1071 2944 1164 3007 electi
1217 2942 1322 3023 magis
1353 2938 1529 3004 bonitatem
1557 2962 1635 3021 erga
1671 2960 1729 3004 uos
1763 2961 1856 3004 suam
1888 2952 2024 3005 testatus
2054 2954 2118 3022 est,
2151 2966 2187 3008 eo

195 3043 324 3089 sumus:
347 3024 483 3106 ideoque
506 3024 654 3108 gentium
678 3033 710 3087 et
739 3025 914 3108 impiorum
938 3047 1028 3090 more
1052 3029 1164 3110 vagari
1217 3027 1321 3108 magis
1343 3025 1479 3089 sollicite
1502 3026 1688 3108 maioreque
1717 3027 1899 3091 reverentia
1928 3029 2034 3109 ipsum
2057 3028 2188 3093 assidue

194 3109 288 3173 nobis
311 3110 443 3174 minime
465 3110 513 3175 fas
536 3126 593 3175 est.
630 3109 698 3173 Vos
716 3110 846 3191 quidem
868 3112 1026 3176 eiusmodi
1049 3113 1164 3193 luistis,
1217 3111 1370 3175 colamus.
1409 3108 1546 3192 Semper
1569 3131 1645 3174 vero
1668 3111 1842 3175 tenendum
1862 3122 1920 3189 est,
1945 3134 2008 3177 non
2032 3114 2095 3178 alio
2117 3117 2188 3179 iure

193 3196 302 3278 inquit
323 3195 444 3260 Paulus
466 3193 509 3280 (1.
535 3194 609 3260 Oor.
633 3194 664 3273 6,
688 3192 758 3280 11):
789 3204 823 3258 at
845 3219 931 3261 nuuc
954 3197 1055 3262 abluti
1077 3201 1164 3279 estis,
1218 3195 1386 3260 Abraham
1409 3197 1508 3259 fuisse
1533 3196 1593 3259 Dei
1616 3197 1773 3271 amicum,
1797 3218 1892 3279 qoam
1916 3200 2115 3280 adoptionis:
2145 3202 2187 3265 si-

194 3281 386 3346 sauctifioati
417 3282 493 3346 estis
524 3302 582 3363 per
613 3301 729 3345 nomen
759 3280 895 3346 Domini
925 3282 1016 3360 lesn,
1048 3295 1080 3348 et
1108 3306 1165 3368 per
1217 3282 1284 3346 cuti
1307 3281 1403 3345 etiam
1428 3281 1506 3346 dicit
1528 3280 1632 3345 Moses
1655 3282 1721 3347 solo
1746 3284 1805 3346 Dei
1828 3284 2028 3365 beneplacito
2050 3284 2188 3352 Iudaeos

193 3368 347 3450 spiritum
379 3365 442 3430 Dei
472 3367 584 3431 nostri.
635 3365 704 3429 Imo
733 3367 816 3431 nihil
846 3370 950 3452 magis
977 3368 1164 3445 absurdum,
1217 3365 1386 3449 excellere,
1409 3367 1486 3449 quia
1506 3377 1614 3449 patres
1636 3388 1745 3432 eorum
1770 3368 1883 3433 dilexit
1906 3371 2006 3434 Deus.

195 3474 292 3536 quam
316 3451 373 3516 ubi
395 3452 489 3517 nobis
516 3451 626 3516 illuxit
655 3451 704 3516 sol
733 3452 894 3530 iustitiae,
928 3457 1042 3538 vagari
1073 3458 1164 3538 quasi
1302 3453 1332 3518 9.
1356 3452 1528 3538 (Quoniam
1549 3453 1790 3539 apprehendite.)
1834 3454 1924 3518 Idem
1956 3468 2186 3539 argumentum

194 3560 304 3604 caecos
328 3538 532 3602 intenebris.
577 3535 765 3621 Spectanda
786 3539 888 3622 igitur
909 3552 958 3604 est
981 3551 1090 3606 nostra
1113 3564 1166 3605 vo·
1218 3540 1423 3622 prosequitur
1441 3537 1554 3604 Isaiae.
1598 3539 1667 3622 Ipsi
1689 3541 1776 3603 enim
1801 3561 1859 3604 usu
1883 3543 2068 3624 experimur
2090 3561 2188 3624 quam

194 3625 292 3701 catio,
316 3636 351 3687 ut
374 3645 444 3688 eam
467 3623 554 3687 omui
584 3622 691 3688 studio
723 3635 756 3687 et
783 3624 954 3707 diligentia
981 3647 1165 3710 sequamur,
1217 3646 1349 3690 necesse
1382 3625 1425 3688 sit
1454 3624 1687 3689 consolationes
1717 3627 1819 3709 repeti
1849 3628 1904 3691 ubi
1940 3648 1999 3692 uos
2031 3627 2188 3693 adversae

193 3716 304 3792 atque,
327 3720 363 3772 ut
381 3708 464 3773 filios
482 3708 565 3773 lucis
584 3708 675 3773 decet
687 3709 900 3793 ambulantes,
923 3711 1060 3793 apriori
1079 3713 1166 3794 vitae
1217 3732 1269 3775 res
1291 3719 1459 3793 premunt:
1491 3722 1526 3774 ut
1556 3712 1673 3775 mirum
1698 3732 1762 3775 non
1786 3713 1826 3776 sit
1850 3712 2040 3796 prophetam
2070 3714 2103 3777 in
2127 3713 2189 3778 hoc

194 3794 428 3862 consuetudine
466 3793 709 3860 abhorreamus.
765 3795 838 3860 Hac
874 3797 1000 3861 ratione
1033 3818 1163 3864 servum
1217 3800 1412 3879 argumento
1435 3795 1514 3860 adeo
1536 3797 1700 3878 copiosum
1724 3817 1803 3861 esse.
1847 3797 2023 3862 Caeterum
2053 3797 2094 3862 ab
2124 3820 2189 3863 uno

194 3901 289 3946 suum
313 3881 469 3963 appellat,
500 3899 566 3945 uon
595 3879 678 3961 quod
707 3881 774 3945 suis
803 3879 965 3963 obsequiis
987 3883 1165 3965 quidquam
1218 3882 1386 3948 Abraham
1417 3881 1457 3945 ad
1488 3891 1589 3946 totam
1619 3894 1750 3964 gentem
1781 3883 2013 3961 transscendit,
2047 3904 2188 3950 comme·

194 3966 360 4048 promeriti
390 3976 500 4031 essent
526 3964 711 4030 Israelitae:
745 3965 801 4030 sed
831 3968 905 4047 quia
936 3988 990 4033 eos
1019 3969 1080 4033 sibi
1108 3969 1164 4033 ad·
1217 3988 1348 4032 morans
1370 3966 1447 4048 quid
1465 3967 1545 4048 ipsis
1564 3967 1714 4032 oninibus
1733 3970 1930 4049 praestiterit
1952 3970 2051 4035 Deus.
2085 3969 2189 4034 Porro

195 4052 331 4117 dixerat.
375 4051 518 4134 Ideoque
540 4052 572 4115 in
596 4049 736 4115 eundem
759 4050 859 4115 finem
880 4052 985 4133 addit,
1011 4059 1045 4118 tu
1067 4053 1163 4121 Iacob
1217 4053 1390 4118 relativum
1412 4065 1488 4119 avt<
1512 4053 1565 4117 hie
1595 4073 1653 4134 pro
1684 4054 1836 4118 rationali
1867 4054 2025 4136 particula
2048 4056 2188 4137 accipio:

194 4159 286 4220 quem
310 4137 403 4221 elegi,
427 4158 509 4219 quae
530 4138 618 4201 clara
640 4145 690 4199 est
707 4137 842 4219 gratuiti
861 4137 980 4204 favoris
998 4159 1164 4205 commen·
1217 4158 1331 4203 causae
1354 4137 1442 4201 enim
1464 4137 1601 4202 redditio
1624 4147 1687 4215 est,
1717 4160 1775 4204 cur
1805 4140 1943 4222 populus
1970 4140 2046 4204 lorti
2077 4143 2189 4204 auimo

194 4224 295 4288 datio:
319 4221 552 4299 condiceret,
576 4242 633 4287 vos
651 4221 781 4303 quidem
800 4223 888 4286 servi
908 4225 969 4288 mei
988 4225 1076 4304 estis,
1099 4247 1163 4290 uon
1217 4244 1287 4288 esse
1309 4221 1424 4287 debeat
1441 4222 1477 4287 in
1495 4222 1591 4288 rebus
1610 4224 1773 4290 adversis:
1796 4227 1873 4307 quia
1895 4227 1985 4308 prius
2009 4225 2190 4291 beneficen-

151 4373 154 4381 ,
192 4309 324 4393 proprio
348 4309 480 4385 merito,
510 4307 566 4373 sed
595 4306 809 4371 beneficentia
831 4329 920 4384 mea,
950 4309 1079 4391 quando
1107 4332 1164 4374 vos
1217 4310 1296 4373 tiam
1319 4309 1422 4393 ipsius
1444 4319 1598 4389 expertus
1621 4322 1706 4373 erat:
1731 4311 1814 4375 unde
1833 4311 1917 4374 et'in
1936 4317 2103 4393 posterum
2122 4333 2188 4376 non

194 4395 351 4461 electione
378 4414 451 4482 mea
480 4394 592 4477 paravi
619 4404 651 4457 et
681 4395 790 4475 aptavi
820 4406 855 4457 ut
885 4393 966 4458 mihi
992 4396 1164 4477 peculiaris
1216 4396 1325 4458 minus
1341 4396 1422 4459 bene
1437 4393 1644 4477 sperandum.
1668 4396 1902 4461 Extremitates
1918 4409 2023 4461 terrae
2039 4396 2188 4462 bifariam

194 4481 308 4546 essetis
329 4479 476 4563 populus.
510 4478 662 4561 Denique
674 4478 827 4542 admonet
849 4499 915 4542 non
938 4480 1071 4564 adeptos
1094 4503 1164 4546 esse
1217 4481 1362 4561 accipere
1384 4478 1475 4544 licet:
1504 4480 1554 4543 vel
1584 4481 1669 4563 quod
1693 4502 1735 4544 ex
1762 4482 1940 4565 longinqua
1963 4483 2073 4565 plaga,
2103 4485 2189 4547 unde

193 4588 254 4632 sua
283 4564 444 4630 industria
474 4574 511 4628 ut
537 4571 731 4630 censeantur
756 4563 819 4627 Dei
849 4565 954 4643 servi,
982 4586 1042 4632 nec
1071 4565 1164 4649 quid·
1217 4566 1339 4630 scilicet
1371 4563 1527 4631 oriundus
1560 4579 1630 4630 erat
1664 4565 1845 4643 Abraham,
1888 4567 2046 4632 deductus
2087 4568 2189 4633 luerit

194 4673 291 4735 quam
315 4650 355 4716 ab
377 4651 450 4716 aliis
478 4648 608 4714 differre
638 4649 673 4712 in
703 4669 766 4731 quo
796 4649 973 4714 excellant:
1003 4651 1059 4717 sed
1090 4653 1165 4734 quia
1217 4650 1368 4734 populus:
1399 4651 1451 4714 vel
1480 4653 1564 4733 quod
1594 4651 1702 4727 Deus,
1735 4653 1790 4735 qui
1828 4653 1959 4717 ultimos
1989 4653 2076 4717 orbis
2104 4655 2188 4719 fines

193 4739 240 4804 sio
262 4737 334 4803 Deo
355 4736 523 4820 placuerit,
545 4737 639 4800 cuius
661 4746 713 4799 est
734 4735 855 4819 eligere
878 4756 1012 4818 proauo
1031 4737 1164 4801 arbitrio
1217 4736 1441 4819 complectitur
1458 4757 1517 4801 suo
1528 4737 1675 4820 imperio,
1699 4740 1754 4802 uni
1768 4749 1895 4802 tautum
1916 4739 2033 4822 populo
2051 4759 2187 4804 manum

193 4823 282 4889 hune
306 4822 356 4887 vel
380 4821 481 4887 illum.
526 4820 658 4885 Interea
680 4821 776 4885 simul
803 4820 958 4885 admonet
987 4824 1059 4904 quis
1091 4824 1164 4887 finis
1215 4823 1383 4905 porrigere
1419 4821 1573 4905 diguatus
1617 4824 1668 4886 sit.
1726 4823 1825 4887 Addit
1858 4825 2073 4888 Eminentius.
2129 4824 2188 4890 Sic

193 4912 236 4975 sit
271 4920 398 4974 nostrae
432 4907 610 4972 electionis:
648 4924 765 4988 nempe
799 4915 836 4970 ut
868 4908 1047 4973 serviamus
1080 4907 1162 4974 Dec.
1216 4909 1303 4971 enim
1327 4917 1454 4971 vertere
1477 4929 1594 4972 nomeu
1619 4893 1727 4975 obt-tt<
1749 4909 1881 4990 placuit.
1922 4910 1988 4974 Alii
2012 4912 2045 4972 in
2068 4931 2188 4993 genere

193 4993 261 5060 Nos
284 4997 380 5073 enim,
402 5005 438 5059 ut
460 4993 565 5076 iuquit
582 4992 705 5057 Paulus
728 4989 861 5075 (Ephes.
882 4992 910 5071 1,
929 4993 974 5077 4),
997 4993 1103 5077 elegit,
1127 5002 1164 5057 ut
1216 4993 1394 5058 masculino
1417 4992 1551 5070 malunt,
1576 4994 1736 5075 principes
1756 4994 1807 5057 vel
1830 4996 1975 5071 eximios,
2000 5016 2097 5059 sensu
2121 5017 2188 5060 non

193 5081 296 5147 sancti
318 5090 351 5145 et
373 5077 672 5163 irreprehensibiles
695 5096 840 5143 essemus
855 5097 963 5143 coram
982 5079 1061 5163 ipso.
1099 5079 1164 5143 Hic
1216 5077 1391 5143 admodum
1415 5078 1553 5144 diverso.
1593 5079 1733 5143 Extollit
1755 5080 1842 5143 enim
1865 5080 1928 5144 Dei
1950 5082 2089 5163 gratiam
2112 5103 2187 5164 pro-

193 5166 279 5231 enim
303 5174 354 5231 eat
376 5185 491 5250 scopus
513 5163 688 5244 electionis,
711 5173 747 5225 ut
764 5164 818 5245 qui
841 5165 1002 5246 mancipia
1021 5162 1163 5230 Satanae
1187 5150 1192 5296 Ι
1215 5163 1325 5248 pheta,
1348 5164 1432 5246 quod
1456 5167 1640 5248 praeteritis
1662 5164 1812 5248 gentibus
1835 5166 2063 5242 nobilissimis,
2087 5167 2187 5232 vilem

192 5251 336 5330 fuerunt,
359 5270 429 5317 sese
451 5251 523 5318 Deo
545 5260 630 5315 totos
658 5247 871 5327 submittant,
903 5271 940 5315 ac
969 5249 1161 5316 devoveant.
1215 5261 1248 5315 et
1274 5248 1446 5315 obscurum
1475 5249 1630 5333 populum
1668 5251 1727 5316 sibi
1765 5250 1977 5333 adoptaverit.
2027 5251 2188 5319 Nonnulli
