<?xml version="1.0" encoding="UTF-8"?>
<!DOCTYPE html PUBLIC "-//W3C//DTD XHTML 1.0 Transitional//EN"
    "http://www.w3.org/TR/xhtml1/DTD/xhtml1-transitional.dtd">
<html xmlns="http://www.w3.org/1999/xhtml" xml:lang="en" lang="en">
 <head>
  <title>
</title>
<meta http-equiv="Content-Type" content="text/html;charset=utf-8" />
  <meta name='ocr-system' content='tesseract 3.04.00' />
  <meta name='ocr-capabilities' content='ocr_page ocr_carea ocr_par ocr_line ocrx_word'/>
</head>
<body>
  <div class='ocr_page' id='page_1' title='image "./corpusreformato04melagoog_0326.png"; bbox 0 0 4784 5970; ppageno 0'>
   <div class='ocr_carea' id='block_1_1' title="bbox 843 364 2107 437">
    <p class='ocr_par' dir='ltr' id='par_1_1' title="bbox 843 364 2107 437">
     <span class='ocr_line' id='line_1_1' title="bbox 843 364 2107 437; baseline -0.001 -1"><span class='ocrx_word' id='word_1_1' title='bbox 843 369 892 436; x_wconf 86' lang='lat' dir='ltr'><strong>IN</strong></span> <span class='ocrx_word' id='word_1_2' title='bbox 915 364 1164 437; x_wconf 69' lang='lat' dir='ltr'><strong>Iuturnam</strong></span> <span class='ocrx_word' id='word_1_3' title='bbox 1208 368 1306 436; x_wconf 81' lang='lat' dir='ltr'><strong>oAP.</strong></span> <span class='ocrx_word' id='word_1_4' title='bbox 1330 367 1371 434; x_wconf 82' lang='lat' dir='ltr'><strong>V.</strong></span> <span class='ocrx_word' id='word_1_5' title='bbox 2044 370 2107 437; x_wconf 79' lang='lat'><strong>622</strong></span> 
     </span>
    </p>
   </div>
   <div class='ocr_carea' id='block_1_2' title="bbox 112 376 172 440">
    <p class='ocr_par' dir='ltr' id='par_1_2' title="bbox 112 376 172 440">
     <span class='ocr_line' id='line_1_2' title="bbox 112 376 172 440; baseline -0.033 0"><span class='ocrx_word' id='word_1_6' title='bbox 112 376 172 440; x_wconf 84' lang='lat'><strong>621</strong></span> 
     </span>
    </p>
   </div>
   <div class='ocr_carea' id='block_1_3' title="bbox 111 554 2108 2102">
    <p class='ocr_par' dir='ltr' id='par_1_3' title="bbox 111 554 2108 1926">
     <span class='ocr_line' id='line_1_3' title="bbox 112 554 2108 646; baseline -0.001 -18"><span class='ocrx_word' id='word_1_7' title='bbox 112 562 270 629; x_wconf 74' lang='lat' dir='ltr'><strong>Ieremias</strong></span> <span class='ocrx_word' id='word_1_8' title='bbox 287 561 418 646; x_wconf 91' lang='lat' dir='ltr'><strong>proprie</strong></span> <span class='ocrx_word' id='word_1_9' title='bbox 436 560 532 627; x_wconf 89' lang='lat' dir='ltr'><strong>datus</strong></span> <span class='ocrx_word' id='word_1_10' title='bbox 552 562 657 626; x_wconf 84' lang='lat' dir='ltr'><strong>fuerat</strong></span> <span class='ocrx_word' id='word_1_11' title='bbox 675 559 785 627; x_wconf 88' lang='lat' dir='ltr'><strong>dootor</strong></span> <span class='ocrx_word' id='word_1_12' title='bbox 803 560 903 626; x_wconf 91' lang='lat' dir='ltr'><strong>tribui</strong></span> <span class='ocrx_word' id='word_1_13' title='bbox 924 558 1084 638; x_wconf 90' lang='lat' dir='ltr'><strong>Iehudah,</strong></span> <span class='ocrx_word' id='word_1_14' title='bbox 1136 558 1224 623; x_wconf 91' lang='lat' dir='ltr'><strong>enim</strong></span> <span class='ocrx_word' id='word_1_15' title='bbox 1252 558 1279 623; x_wconf 91' lang='lat' dir='ltr'><strong>si</strong></span> <span class='ocrx_word' id='word_1_16' title='bbox 1308 556 1402 621; x_wconf 90' lang='lat' dir='ltr'><strong>illum</strong></span> <span class='ocrx_word' id='word_1_17' title='bbox 1431 578 1502 623; x_wconf 88' lang='lat' dir='ltr'><strong>esse</strong></span> <span class='ocrx_word' id='word_1_18' title='bbox 1523 554 1632 620; x_wconf 90' lang='lat' dir='ltr'><strong>Deum</strong></span> <span class='ocrx_word' id='word_1_19' title='bbox 1661 557 1876 642; x_wconf 86' lang='lat' dir='ltr'><strong>agnosoimus,</strong></span> <span class='ocrx_word' id='word_1_20' title='bbox 1906 559 2108 627; x_wconf 88' lang='lat' dir='ltr'><strong>detrahenda</strong></span> 
     </span>
     <span class='ocr_line' id='line_1_4' title="bbox 112 640 2106 729; baseline -0.002 -15"><span class='ocrx_word' id='word_1_21' title='bbox 112 648 207 714; x_wconf 89' lang='lat' dir='ltr'><strong>simul</strong></span> <span class='ocrx_word' id='word_1_22' title='bbox 229 650 328 714; x_wconf 89' lang='lat' dir='ltr'><strong>etiam</strong></span> <span class='ocrx_word' id='word_1_23' title='bbox 349 648 508 713; x_wconf 78' lang='lat' dir='ltr'>Israelitis</span> <span class='ocrx_word' id='word_1_24' title='bbox 531 646 641 711; x_wconf 81' lang='lat' dir='ltr'><strong>debuit</strong></span> <span class='ocrx_word' id='word_1_25' title='bbox 668 646 857 729; x_wconf 83' lang='lat' dir='ltr'><strong>impendere</strong></span> <span class='ocrx_word' id='word_1_26' title='bbox 888 666 981 712; x_wconf 87' lang='lat' dir='ltr'><strong>enam</strong></span> <span class='ocrx_word' id='word_1_27' title='bbox 1011 665 1083 727; x_wconf 79' lang='lat' dir='ltr'><strong>ope·</strong></span> <span class='ocrx_word' id='word_1_28' title='bbox 1136 654 1185 708; x_wconf 86' lang='lat' dir='ltr'><strong>eet</strong></span> <span class='ocrx_word' id='word_1_29' title='bbox 1207 644 1256 708; x_wconf 92' lang='lat' dir='ltr'><strong>illi</strong></span> <span class='ocrx_word' id='word_1_30' title='bbox 1276 643 1392 709; x_wconf 90' lang='lat' dir='ltr'><strong>iudiois</strong></span> <span class='ocrx_word' id='word_1_31' title='bbox 1415 650 1565 726; x_wconf 88' lang='lat' dir='ltr'><strong>potestas.</strong></span> <span class='ocrx_word' id='word_1_32' title='bbox 1599 640 1688 722; x_wconf 88' lang='lat' dir='ltr'><strong>Quid</strong></span> <span class='ocrx_word' id='word_1_33' title='bbox 1707 643 1795 707; x_wconf 91' lang='lat' dir='ltr'><strong>enim</strong></span> <span class='ocrx_word' id='word_1_34' title='bbox 1817 645 1879 709; x_wconf 93' lang='lat' dir='ltr'><strong>sibi</strong></span> <span class='ocrx_word' id='word_1_35' title='bbox 1895 646 1966 711; x_wconf 85' lang='lat' dir='ltr'><strong>vult</strong></span> <span class='ocrx_word' id='word_1_36' title='bbox 1988 668 2106 713; x_wconf 92' lang='lat' dir='ltr'><strong>nomen</strong></span> 
     </span>
     <span class='ocr_line' id='line_1_5' title="bbox 113 728 2106 817; baseline -0.001 -17"><span class='ocrx_word' id='word_1_37' title='bbox 113 755 192 800; x_wconf 87' lang='lat' dir='ltr'><strong>ram.</strong></span> <span class='ocrx_word' id='word_1_38' title='bbox 225 733 347 817; x_wconf 85' lang='lat' dir='ltr'><strong>Aliqua</strong></span> <span class='ocrx_word' id='word_1_39' title='bbox 361 735 426 799; x_wconf 88' lang='lat' dir='ltr'><strong>iam</strong></span> <span class='ocrx_word' id='word_1_40' title='bbox 442 754 484 798; x_wconf 90' lang='lat' dir='ltr'><strong>ex</strong></span> <span class='ocrx_word' id='word_1_41' title='bbox 499 739 593 817; x_wconf 88' lang='lat' dir='ltr'><strong>parte</strong></span> <span class='ocrx_word' id='word_1_42' title='bbox 608 732 792 798; x_wconf 87' lang='lat' dir='ltr'><strong>oonoiderat</strong></span> <span class='ocrx_word' id='word_1_43' title='bbox 813 752 953 816; x_wconf 87' lang='lat' dir='ltr'><strong>regnum</strong></span> <span class='ocrx_word' id='word_1_44' title='bbox 970 729 1083 796; x_wconf 86' lang='lat' dir='ltr'><strong>Israel.</strong></span> <span class='ocrx_word' id='word_1_45' title='bbox 1137 728 1222 794; x_wconf 87' lang='lat' dir='ltr'><strong>Dei?</strong></span> <span class='ocrx_word' id='word_1_46' title='bbox 1256 729 1355 793; x_wconf 82' lang='lat' dir='ltr'><strong>Oerte</strong></span> <span class='ocrx_word' id='word_1_47' title='bbox 1370 731 1425 812; x_wconf 94' lang='lat' dir='ltr'><strong>qui</strong></span> <span class='ocrx_word' id='word_1_48' title='bbox 1448 728 1671 813; x_wconf 84' lang='lat' dir='ltr'><strong>imaginantur</strong></span> <span class='ocrx_word' id='word_1_49' title='bbox 1688 728 1794 794; x_wconf 90' lang='lat' dir='ltr'><strong>Deum</strong></span> <span class='ocrx_word' id='word_1_50' title='bbox 1811 749 1944 796; x_wconf 89' lang='lat' dir='ltr'><strong>manere</strong></span> <span class='ocrx_word' id='word_1_51' title='bbox 1959 732 2106 814; x_wconf 91' lang='lat' dir='ltr'><strong>quietum</strong></span> 
     </span>
     <span class='ocr_line' id='line_1_6' title="bbox 114 814 2107 901; baseline -0.001 -16"><span class='ocrx_word' id='word_1_52' title='bbox 114 820 282 887; x_wconf 85' lang='lat' dir='ltr'><strong>Abduotae</strong></span> <span class='ocrx_word' id='word_1_53' title='bbox 305 821 392 884; x_wconf 92' lang='lat' dir='ltr'><strong>enim</strong></span> <span class='ocrx_word' id='word_1_54' title='bbox 414 819 545 884; x_wconf 86' lang='lat' dir='ltr'><strong>fuerant</strong></span> <span class='ocrx_word' id='word_1_55' title='bbox 574 827 712 901; x_wconf 86' lang='lat' dir='ltr'><strong>quatuor</strong></span> <span class='ocrx_word' id='word_1_56' title='bbox 740 818 861 883; x_wconf 85' lang='lat' dir='ltr'><strong>tribue:</strong></span> <span class='ocrx_word' id='word_1_57' title='bbox 892 829 925 881; x_wconf 90' lang='lat' dir='ltr'><strong>et</strong></span> <span class='ocrx_word' id='word_1_58' title='bbox 945 837 1083 899; x_wconf 89' lang='lat' dir='ltr'><strong>regnum</strong></span> <span class='ocrx_word' id='word_1_59' title='bbox 1135 816 1167 880; x_wconf 91' lang='lat' dir='ltr'><strong>in</strong></span> <span class='ocrx_word' id='word_1_60' title='bbox 1191 815 1290 892; x_wconf 93' lang='lat' dir='ltr'><strong>ooelo,</strong></span> <span class='ocrx_word' id='word_1_61' title='bbox 1317 824 1350 880; x_wconf 91' lang='lat' dir='ltr'><strong>et</strong></span> <span class='ocrx_word' id='word_1_62' title='bbox 1378 815 1447 881; x_wconf 92' lang='lat' dir='ltr'><strong>illio</strong></span> <span class='ocrx_word' id='word_1_63' title='bbox 1475 815 1578 880; x_wconf 91' lang='lat' dir='ltr'><strong>otium</strong></span> <span class='ocrx_word' id='word_1_64' title='bbox 1607 824 1641 878; x_wconf 90' lang='lat' dir='ltr'><strong>et</strong></span> <span class='ocrx_word' id='word_1_65' title='bbox 1669 814 1797 879; x_wconf 90' lang='lat' dir='ltr'><strong>delitiae</strong></span> <span class='ocrx_word' id='word_1_66' title='bbox 1825 816 1941 900; x_wconf 88' lang='lat' dir='ltr'><strong>eolere,</strong></span> <span class='ocrx_word' id='word_1_67' title='bbox 1971 817 2018 882; x_wconf 94' lang='lat' dir='ltr'><strong>illi</strong></span> <span class='ocrx_word' id='word_1_68' title='bbox 2045 821 2107 884; x_wconf 90' lang='lat' dir='ltr'><strong>etsi</strong></span> 
     </span>
     <span class='ocr_line' id='line_1_7' title="bbox 116 897 2106 985; baseline -0.001 -14"><span class='ocrx_word' id='word_1_69' title='bbox 116 905 197 971; x_wconf 92' lang='lat' dir='ltr'><strong>illud</strong></span> <span class='ocrx_word' id='word_1_70' title='bbox 220 915 291 969; x_wconf 88' lang='lat' dir='ltr'><strong>erat</strong></span> <span class='ocrx_word' id='word_1_71' title='bbox 312 906 454 971; x_wconf 90' lang='lat' dir='ltr'><strong>laoerum</strong></span> <span class='ocrx_word' id='word_1_72' title='bbox 473 911 506 970; x_wconf 93' lang='lat' dir='ltr'><strong>et</strong></span> <span class='ocrx_word' id='word_1_73' title='bbox 521 903 643 969; x_wconf 87' lang='lat' dir='ltr'><strong>debile:</strong></span> <span class='ocrx_word' id='word_1_74' title='bbox 667 913 776 968; x_wconf 90' lang='lat' dir='ltr'><strong>tamen</strong></span> <span class='ocrx_word' id='word_1_75' title='bbox 791 903 897 969; x_wconf 85' lang='lat' dir='ltr'><strong>voluit</strong></span> <span class='ocrx_word' id='word_1_76' title='bbox 914 901 1084 968; x_wconf 76' lang='lat' dir='ltr'><strong>consulere</strong></span> <span class='ocrx_word' id='word_1_77' title='bbox 1136 921 1202 965; x_wconf 90' lang='lat' dir='ltr'><strong>uno</strong></span> <span class='ocrx_word' id='word_1_78' title='bbox 1220 901 1321 966; x_wconf 87' lang='lat' dir='ltr'><strong>verbo</strong></span> <span class='ocrx_word' id='word_1_79' title='bbox 1343 922 1408 966; x_wconf 93' lang='lat' dir='ltr'><strong>non</strong></span> <span class='ocrx_word' id='word_1_80' title='bbox 1431 909 1554 985; x_wconf 88' lang='lat' dir='ltr'><strong>negant</strong></span> <span class='ocrx_word' id='word_1_81' title='bbox 1573 897 1691 980; x_wconf 91' lang='lat' dir='ltr'><strong>Deum,</strong></span> <span class='ocrx_word' id='word_1_82' title='bbox 1708 910 1817 965; x_wconf 92' lang='lat' dir='ltr'><strong>tamen</strong></span> <span class='ocrx_word' id='word_1_83' title='bbox 1836 901 1977 968; x_wconf 91' lang='lat' dir='ltr'><strong>illudunt</strong></span> <span class='ocrx_word' id='word_1_84' title='bbox 1994 905 2106 970; x_wconf 81' lang='lat' dir='ltr'><strong>fauete.</strong></span> 
     </span>
     <span class='ocr_line' id='line_1_8' title="bbox 113 984 2107 1074; baseline 0 -19"><span class='ocrx_word' id='word_1_85' title='bbox 113 1000 270 1074; x_wconf 84' lang='lat' dir='ltr'><strong>quantum</strong></span> <span class='ocrx_word' id='word_1_86' title='bbox 301 992 336 1055; x_wconf 91' lang='lat' dir='ltr'><strong>in</strong></span> <span class='ocrx_word' id='word_1_87' title='bbox 366 1012 401 1056; x_wconf 92' lang='lat' dir='ltr'><strong>se</strong></span> <span class='ocrx_word' id='word_1_88' title='bbox 426 998 511 1056; x_wconf 87' lang='lat' dir='ltr'><strong>osset</strong></span> <span class='ocrx_word' id='word_1_89' title='bbox 538 988 693 1072; x_wconf 88' lang='lat' dir='ltr'><strong>reliquiis.</strong></span> <span class='ocrx_word' id='word_1_90' title='bbox 738 989 816 1053; x_wconf 94' lang='lat' dir='ltr'><strong>Ideo</strong></span> <span class='ocrx_word' id='word_1_91' title='bbox 846 998 1003 1072; x_wconf 89' lang='lat' dir='ltr'><strong>utrosque</strong></span> <span class='ocrx_word' id='word_1_92' title='bbox 1031 986 1084 1053; x_wconf 90' lang='lat' dir='ltr'><strong>hio</strong></span> <span class='ocrx_word' id='word_1_93' title='bbox 1135 985 1267 1051; x_wconf 79' lang='lat' dir='ltr'><strong>Interea</strong></span> <span class='ocrx_word' id='word_1_94' title='bbox 1289 987 1379 1052; x_wconf 89' lang='lat' dir='ltr'><strong>nulla</strong></span> <span class='ocrx_word' id='word_1_95' title='bbox 1401 997 1452 1052; x_wconf 92' lang='lat' dir='ltr'><strong>eet</strong></span> <span class='ocrx_word' id='word_1_96' title='bbox 1478 989 1512 1051; x_wconf 93' lang='lat' dir='ltr'><strong>in</strong></span> <span class='ocrx_word' id='word_1_97' title='bbox 1542 984 1607 1050; x_wconf 91' lang='lat' dir='ltr'><strong>illis</strong></span> <span class='ocrx_word' id='word_1_98' title='bbox 1636 985 1761 1070; x_wconf 91' lang='lat' dir='ltr'><strong>religio,</strong></span> <span class='ocrx_word' id='word_1_99' title='bbox 1791 997 1824 1051; x_wconf 90' lang='lat' dir='ltr'><strong>et</strong></span> <span class='ocrx_word' id='word_1_100' title='bbox 1852 987 1963 1054; x_wconf 90' lang='lat' dir='ltr'><strong>nullus</strong></span> <span class='ocrx_word' id='word_1_101' title='bbox 1992 1010 2107 1057; x_wconf 89' lang='lat' dir='ltr'><strong>sensus</strong></span> 
     </span>
     <span class='ocr_line' id='line_1_9' title="bbox 114 1071 2107 1159; baseline 0.001 -19"><span class='ocrx_word' id='word_1_102' title='bbox 114 1079 193 1143; x_wconf 87' lang='lat' dir='ltr'><strong>dieit</strong></span> <span class='ocrx_word' id='word_1_103' title='bbox 214 1095 284 1140; x_wconf 85' lang='lat' dir='ltr'><strong>essa</strong></span> <span class='ocrx_word' id='word_1_104' title='bbox 306 1076 424 1159; x_wconf 92' lang='lat' dir='ltr'><strong>impios</strong></span> <span class='ocrx_word' id='word_1_105' title='bbox 446 1083 618 1158; x_wconf 88' lang='lat' dir='ltr'><strong>apostatas,</strong></span> <span class='ocrx_word' id='word_1_106' title='bbox 639 1076 721 1157; x_wconf 83' lang='lat' dir='ltr'><strong>qnod</strong></span> <span class='ocrx_word' id='word_1_107' title='bbox 737 1074 858 1157; x_wconf 64' lang='lat' dir='ltr'><strong>petride</strong></span> <span class='ocrx_word' id='word_1_108' title='bbox 878 1094 911 1139; x_wconf 83' lang='lat' dir='ltr'><strong>se</strong></span> <span class='ocrx_word' id='word_1_109' title='bbox 930 1075 1085 1158; x_wconf 74' lang='lat' dir='ltr'><strong>gesserint</strong></span> <span class='ocrx_word' id='word_1_110' title='bbox 1136 1071 1328 1137; x_wconf 85' lang='lat' dir='ltr'><strong>divinitatis.</strong></span> <span class='ocrx_word' id='word_1_111' title='bbox 1373 1072 1561 1158; x_wconf 82' lang='lat' dir='ltr'><strong>Diligenter</strong></span> <span class='ocrx_word' id='word_1_112' title='bbox 1582 1092 1659 1155; x_wconf 86' lang='lat' dir='ltr'><strong>ergo</strong></span> <span class='ocrx_word' id='word_1_113' title='bbox 1689 1071 1851 1138; x_wconf 87' lang='lat' dir='ltr'><strong>notandus</strong></span> <span class='ocrx_word' id='word_1_114' title='bbox 1873 1083 1921 1140; x_wconf 92' lang='lat' dir='ltr'><strong>eet</strong></span> <span class='ocrx_word' id='word_1_115' title='bbox 1943 1074 1996 1140; x_wconf 86' lang='lat' dir='ltr'><strong>hie</strong></span> <span class='ocrx_word' id='word_1_116' title='bbox 2017 1075 2107 1142; x_wconf 90' lang='lat' dir='ltr'><strong>loeus</strong></span> 
     </span>
     <span class='ocr_line' id='line_1_10' title="bbox 112 1156 2108 1245; baseline -0.001 -17"><span class='ocrx_word' id='word_1_117' title='bbox 112 1183 186 1245; x_wconf 73' lang='lat' dir='ltr'><strong>erpo</strong></span> <span class='ocrx_word' id='word_1_118' title='bbox 208 1159 323 1227; x_wconf 88' lang='lat' dir='ltr'><strong>Deum.</strong></span> <span class='ocrx_word' id='word_1_119' title='bbox 368 1162 413 1227; x_wconf 82' lang='lat' dir='ltr'><strong>Et</strong></span> <span class='ocrx_word' id='word_1_120' title='bbox 440 1161 590 1244; x_wconf 86' lang='lat' dir='ltr'><strong>quoniam</strong></span> <span class='ocrx_word' id='word_1_121' title='bbox 622 1159 738 1226; x_wconf 84' lang='lat' dir='ltr'><strong>acerba</strong></span> <span class='ocrx_word' id='word_1_122' title='bbox 768 1172 839 1225; x_wconf 89' lang='lat' dir='ltr'><strong>eret</strong></span> <span class='ocrx_word' id='word_1_123' title='bbox 868 1160 949 1225; x_wconf 87' lang='lat' dir='ltr'><strong>haee</strong></span> <span class='ocrx_word' id='word_1_124' title='bbox 977 1160 1084 1241; x_wconf 89' lang='lat' dir='ltr'><strong>queri-</strong></span> <span class='ocrx_word' id='word_1_125' title='bbox 1135 1159 1324 1241; x_wconf 83' lang='lat' dir='ltr'><strong>prophetae,</strong></span> <span class='ocrx_word' id='word_1_126' title='bbox 1359 1158 1414 1223; x_wconf 92' lang='lat' dir='ltr'><strong>ubi</strong></span> <span class='ocrx_word' id='word_1_127' title='bbox 1436 1168 1576 1225; x_wconf 88' lang='lat' dir='ltr'><strong>testatur</strong></span> <span class='ocrx_word' id='word_1_128' title='bbox 1599 1156 1708 1221; x_wconf 89' lang='lat' dir='ltr'><strong>Deum</strong></span> <span class='ocrx_word' id='word_1_129' title='bbox 1732 1160 1845 1242; x_wconf 89' lang='lat' dir='ltr'><strong>negari</strong></span> <span class='ocrx_word' id='word_1_130' title='bbox 1868 1161 2012 1242; x_wconf 91' lang='lat' dir='ltr'><strong>anobis,</strong></span> <span class='ocrx_word' id='word_1_131' title='bbox 2042 1162 2108 1228; x_wconf 91' lang='lat' dir='ltr'><strong>nisi</strong></span> 
     </span>
     <span class='ocr_line' id='line_1_11' title="bbox 111 1243 2106 1330; baseline 0 -18"><span class='ocrx_word' id='word_1_132' title='bbox 111 1249 229 1326; x_wconf 88' lang='lat' dir='ltr'><strong>monia,</strong></span> <span class='ocrx_word' id='word_1_133' title='bbox 252 1255 286 1311; x_wconf 91' lang='lat' dir='ltr'><strong>et</strong></span> <span class='ocrx_word' id='word_1_134' title='bbox 307 1255 435 1329; x_wconf 87' lang='lat' dir='ltr'><strong>poterat</strong></span> <span class='ocrx_word' id='word_1_135' title='bbox 457 1247 603 1330; x_wconf 81' lang='lat' dir='ltr'><strong>graviter</strong></span> <span class='ocrx_word' id='word_1_136' title='bbox 621 1246 795 1311; x_wconf 78' lang='lat' dir='ltr'><strong>vulnerare</strong></span> <span class='ocrx_word' id='word_1_137' title='bbox 813 1266 925 1310; x_wconf 87' lang='lat' dir='ltr'><strong>eorum</strong></span> <span class='ocrx_word' id='word_1_138' title='bbox 948 1246 1084 1328; x_wconf 88' lang='lat' dir='ltr'><strong>animos,</strong></span> <span class='ocrx_word' id='word_1_139' title='bbox 1135 1264 1305 1308; x_wconf 85' lang='lat' dir='ltr'><strong>movemur</strong></span> <span class='ocrx_word' id='word_1_140' title='bbox 1327 1244 1397 1309; x_wconf 89' lang='lat' dir='ltr'><strong>eius</strong></span> <span class='ocrx_word' id='word_1_141' title='bbox 1423 1245 1538 1309; x_wconf 91' lang='lat' dir='ltr'><strong>minis:</strong></span> <span class='ocrx_word' id='word_1_142' title='bbox 1569 1243 1645 1326; x_wconf 89' lang='lat' dir='ltr'><strong>quia</strong></span> <span class='ocrx_word' id='word_1_143' title='bbox 1674 1245 1820 1309; x_wconf 86' lang='lat' dir='ltr'><strong>sonordia</strong></span> <span class='ocrx_word' id='word_1_144' title='bbox 1848 1244 1883 1309; x_wconf 93' lang='lat' dir='ltr'><strong>in</strong></span> <span class='ocrx_word' id='word_1_145' title='bbox 1906 1266 1970 1328; x_wconf 89' lang='lat' dir='ltr'><strong>qua</strong></span> <span class='ocrx_word' id='word_1_146' title='bbox 2000 1258 2106 1330; x_wconf 92' lang='lat' dir='ltr'><strong>torpe·</strong></span> 
     </span>
     <span class='ocr_line' id='line_1_12' title="bbox 112 1328 2105 1416; baseline 0 -19"><span class='ocrx_word' id='word_1_147' title='bbox 112 1332 269 1397; x_wconf 80' lang='lat' dir='ltr'><strong>transfert</strong></span> <span class='ocrx_word' id='word_1_148' title='bbox 290 1332 326 1396; x_wconf 93' lang='lat' dir='ltr'><strong>in</strong></span> <span class='ocrx_word' id='word_1_149' title='bbox 351 1332 459 1397; x_wconf 90' lang='lat' dir='ltr'><strong>Deum</strong></span> <span class='ocrx_word' id='word_1_150' title='bbox 481 1332 566 1414; x_wconf 90' lang='lat' dir='ltr'><strong>quod</strong></span> <span class='ocrx_word' id='word_1_151' title='bbox 591 1332 648 1395; x_wconf 87' lang='lat' dir='ltr'><strong>vix</strong></span> <span class='ocrx_word' id='word_1_152' title='bbox 675 1330 715 1395; x_wconf 88' lang='lat' dir='ltr'><strong>ab</strong></span> <span class='ocrx_word' id='word_1_153' title='bbox 742 1332 812 1414; x_wconf 90' lang='lat' dir='ltr'><strong>ipso</strong></span> <span class='ocrx_word' id='word_1_154' title='bbox 834 1332 921 1414; x_wconf 91' lang='lat' dir='ltr'><strong>passi</strong></span> <span class='ocrx_word' id='word_1_155' title='bbox 945 1330 1084 1395; x_wconf 82' lang='lat' dir='ltr'><strong>tuissent</strong></span> <span class='ocrx_word' id='word_1_156' title='bbox 1136 1349 1218 1412; x_wconf 92' lang='lat' dir='ltr'><strong>mus,</strong></span> <span class='ocrx_word' id='word_1_157' title='bbox 1256 1329 1311 1395; x_wconf 91' lang='lat' dir='ltr'><strong>ubi</strong></span> <span class='ocrx_word' id='word_1_158' title='bbox 1341 1328 1433 1394; x_wconf 89' lang='lat' dir='ltr'><strong>Deus</strong></span> <span class='ocrx_word' id='word_1_159' title='bbox 1469 1328 1625 1396; x_wconf 91' lang='lat' dir='ltr'><strong>iudioium</strong></span> <span class='ocrx_word' id='word_1_160' title='bbox 1662 1350 1757 1394; x_wconf 91' lang='lat' dir='ltr'><strong>suum</strong></span> <span class='ocrx_word' id='word_1_161' title='bbox 1794 1330 1887 1397; x_wconf 92' lang='lat' dir='ltr'><strong>nobis</strong></span> <span class='ocrx_word' id='word_1_162' title='bbox 1924 1332 2105 1416; x_wconf 85' lang='lat' dir='ltr'><strong>denuntiet,</strong></span> 
     </span>
     <span class='ocr_line' id='line_1_13' title="bbox 112 1415 2107 1500; baseline 0.001 -17"><span class='ocrx_word' id='word_1_163' title='bbox 112 1418 226 1483; x_wconf 89' lang='lat' dir='ltr'><strong>Iudaei</strong></span> <span class='ocrx_word' id='word_1_164' title='bbox 247 1417 309 1482; x_wconf 90' lang='lat' dir='ltr'><strong>eibi</strong></span> <span class='ocrx_word' id='word_1_165' title='bbox 331 1419 538 1500; x_wconf 78' lang='lat' dir='ltr'><strong>exprobrari:</strong></span> <span class='ocrx_word' id='word_1_166' title='bbox 569 1416 705 1482; x_wconf 71' lang='lat' dir='ltr'><strong>Inerat</strong></span> <span class='ocrx_word' id='word_1_167' title='bbox 726 1422 770 1482; x_wconf 88' lang='lat' dir='ltr'><strong>est</strong></span> <span class='ocrx_word' id='word_1_168' title='bbox 790 1418 845 1499; x_wconf 85' lang='lat' dir='ltr'><strong>qni</strong></span> <span class='ocrx_word' id='word_1_169' title='bbox 867 1417 1010 1498; x_wconf 80' lang='lat' dir='ltr'><strong>loquitur,</strong></span> <span class='ocrx_word' id='word_1_170' title='bbox 1033 1416 1084 1479; x_wconf 90' lang='lat' dir='ltr'><strong>in·</strong></span> <span class='ocrx_word' id='word_1_171' title='bbox 1136 1415 1327 1479; x_wconf 79' lang='lat' dir='ltr'><strong>tantundem</strong></span> <span class='ocrx_word' id='word_1_172' title='bbox 1350 1416 1439 1480; x_wconf 84' lang='lat' dir='ltr'><strong>valet</strong></span> <span class='ocrx_word' id='word_1_173' title='bbox 1466 1425 1564 1498; x_wconf 88' lang='lat' dir='ltr'><strong>atque</strong></span> <span class='ocrx_word' id='word_1_174' title='bbox 1594 1415 1664 1481; x_wconf 91' lang='lat' dir='ltr'><strong>eius</strong></span> <span class='ocrx_word' id='word_1_175' title='bbox 1693 1415 1875 1500; x_wconf 85' lang='lat' dir='ltr'><strong>abnegatio.</strong></span> <span class='ocrx_word' id='word_1_176' title='bbox 1920 1417 2034 1500; x_wconf 89' lang='lat' dir='ltr'><strong>Neque</strong></span> <span class='ocrx_word' id='word_1_177' title='bbox 2057 1432 2107 1484; x_wconf 90' lang='lat' dir='ltr'><strong>est</strong></span> 
     </span>
     <span class='ocr_line' id='line_1_14' title="bbox 112 1498 2106 1586; baseline 0.001 -19"><span class='ocrx_word' id='word_1_178' title='bbox 112 1506 189 1586; x_wconf 92' lang='lat' dir='ltr'><strong>quit,</strong></span> <span class='ocrx_word' id='word_1_179' title='bbox 212 1502 274 1567; x_wconf 92' lang='lat' dir='ltr'><strong>boo</strong></span> <span class='ocrx_word' id='word_1_180' title='bbox 296 1513 354 1581; x_wconf 89' lang='lat' dir='ltr'><strong>eet,</strong></span> <span class='ocrx_word' id='word_1_181' title='bbox 385 1515 523 1568; x_wconf 91' lang='lat' dir='ltr'><strong>nonest</strong></span> <span class='ocrx_word' id='word_1_182' title='bbox 552 1503 636 1585; x_wconf 89' lang='lat' dir='ltr'><strong>quod</strong></span> <span class='ocrx_word' id='word_1_183' title='bbox 669 1503 801 1586; x_wconf 81' lang='lat' dir='ltr'><strong>litigetis</strong></span> <span class='ocrx_word' id='word_1_184' title='bbox 830 1523 967 1581; x_wconf 87' lang='lat' dir='ltr'><strong>meeum,</strong></span> <span class='ocrx_word' id='word_1_185' title='bbox 996 1521 1033 1564; x_wconf 88' lang='lat' dir='ltr'><strong>ao</strong></span> <span class='ocrx_word' id='word_1_186' title='bbox 1055 1503 1083 1564; x_wconf 90' lang='lat' dir='ltr'><strong>si</strong></span> <span class='ocrx_word' id='word_1_187' title='bbox 1135 1498 1220 1581; x_wconf 88' lang='lat' dir='ltr'><strong>quod</strong></span> <span class='ocrx_word' id='word_1_188' title='bbox 1243 1499 1296 1566; x_wconf 84' lang='lat' dir='ltr'><strong>hie</strong></span> <span class='ocrx_word' id='word_1_189' title='bbox 1318 1509 1498 1567; x_wconf 84' lang='lat' dir='ltr'><strong>extenuent</strong></span> <span class='ocrx_word' id='word_1_190' title='bbox 1519 1501 1643 1566; x_wconf 88' lang='lat' dir='ltr'><strong>orimen</strong></span> <span class='ocrx_word' id='word_1_191' title='bbox 1665 1522 1761 1565; x_wconf 91' lang='lat' dir='ltr'><strong>suum</strong></span> <span class='ocrx_word' id='word_1_192' title='bbox 1780 1504 1834 1584; x_wconf 94' lang='lat' dir='ltr'><strong>qui</strong></span> <span class='ocrx_word' id='word_1_193' title='bbox 1851 1501 1913 1566; x_wconf 91' lang='lat' dir='ltr'><strong>Dei</strong></span> <span class='ocrx_word' id='word_1_194' title='bbox 1930 1503 2106 1570; x_wconf 84' lang='lat' dir='ltr'><strong>vindiotam</strong></span> 
     </span>
     <span class='ocr_line' id='line_1_15' title="bbox 111 1585 2107 1672; baseline 0.001 -18"><span class='ocrx_word' id='word_1_195' title='bbox 111 1589 257 1672; x_wconf 89' lang='lat' dir='ltr'><strong>asperius</strong></span> <span class='ocrx_word' id='word_1_196' title='bbox 290 1588 457 1654; x_wconf 74' lang='lat' dir='ltr'><strong>nobiseum</strong></span> <span class='ocrx_word' id='word_1_197' title='bbox 490 1609 637 1672; x_wconf 87' lang='lat' dir='ltr'><strong>agerem:</strong></span> <span class='ocrx_word' id='word_1_198' title='bbox 668 1587 723 1652; x_wconf 89' lang='lat' dir='ltr'><strong>sed</strong></span> <span class='ocrx_word' id='word_1_199' title='bbox 753 1588 879 1672; x_wconf 78' lang='lat' dir='ltr'><strong>litigato</strong></span> <span class='ocrx_word' id='word_1_200' title='bbox 907 1607 981 1652; x_wconf 90' lang='lat' dir='ltr'><strong>eum</strong></span> <span class='ocrx_word' id='word_1_201' title='bbox 1010 1585 1083 1650; x_wconf 92' lang='lat' dir='ltr'><strong>Deo</strong></span> <span class='ocrx_word' id='word_1_202' title='bbox 1135 1593 1358 1650; x_wconf 80' lang='lat' dir='ltr'><strong>contemnunt.</strong></span> <span class='ocrx_word' id='word_1_203' title='bbox 1382 1587 1468 1651; x_wconf 88' lang='lat' dir='ltr'><strong>Nam</strong></span> <span class='ocrx_word' id='word_1_204' title='bbox 1484 1586 1582 1651; x_wconf 90' lang='lat' dir='ltr'><strong>semel</strong></span> <span class='ocrx_word' id='word_1_205' title='bbox 1599 1587 1659 1653; x_wconf 92' lang='lat' dir='ltr'><strong>hoo</strong></span> <span class='ocrx_word' id='word_1_206' title='bbox 1671 1587 1806 1670; x_wconf 89' lang='lat' dir='ltr'><strong>protulit</strong></span> <span class='ocrx_word' id='word_1_207' title='bbox 1818 1589 1952 1671; x_wconf 90' lang='lat' dir='ltr'><strong>spiritus</strong></span> <span class='ocrx_word' id='word_1_208' title='bbox 1963 1600 2107 1670; x_wconf 90' lang='lat' dir='ltr'><strong>sanetus,</strong></span> 
     </span>
     <span class='ocr_line' id='line_1_16' title="bbox 112 1672 2106 1757; baseline 0.002 -18"><span class='ocrx_word' id='word_1_209' title='bbox 112 1676 200 1757; x_wconf 92' lang='lat' dir='ltr'><strong>ipso,</strong></span> <span class='ocrx_word' id='word_1_210' title='bbox 234 1674 497 1757; x_wconf 89' lang='lat' dir='ltr'><strong>quandoquidem</strong></span> <span class='ocrx_word' id='word_1_211' title='bbox 529 1675 598 1755; x_wconf 88' lang='lat' dir='ltr'><strong>ipse</strong></span> <span class='ocrx_word' id='word_1_212' title='bbox 631 1688 680 1738; x_wconf 91' lang='lat' dir='ltr'><strong>est</strong></span> <span class='ocrx_word' id='word_1_213' title='bbox 713 1675 769 1755; x_wconf 88' lang='lat' dir='ltr'><strong>qui</strong></span> <span class='ocrx_word' id='word_1_214' title='bbox 802 1675 993 1755; x_wconf 87' lang='lat' dir='ltr'><strong>pronuntiat</strong></span> <span class='ocrx_word' id='word_1_215' title='bbox 1027 1692 1083 1735; x_wconf 87' lang='lat' dir='ltr'><strong>voe</strong></span> <span class='ocrx_word' id='word_1_216' title='bbox 1135 1692 1252 1754; x_wconf 91' lang='lat' dir='ltr'><strong>nempe</strong></span> <span class='ocrx_word' id='word_1_217' title='bbox 1275 1672 1457 1754; x_wconf 76' lang='lat' dir='ltr'><strong>quicunque</strong></span> <span class='ocrx_word' id='word_1_218' title='bbox 1480 1673 1650 1756; x_wconf 90' lang='lat' dir='ltr'><strong>prophetis</strong></span> <span class='ocrx_word' id='word_1_219' title='bbox 1679 1672 1829 1751; x_wconf 89' lang='lat' dir='ltr'><strong>illudunt,</strong></span> <span class='ocrx_word' id='word_1_220' title='bbox 1859 1674 1893 1738; x_wconf 95' lang='lat' dir='ltr'><strong>in</strong></span> <span class='ocrx_word' id='word_1_221' title='bbox 1917 1674 2026 1740; x_wconf 89' lang='lat' dir='ltr'><strong>animo</strong></span> <span class='ocrx_word' id='word_1_222' title='bbox 2048 1698 2106 1742; x_wconf 92' lang='lat' dir='ltr'><strong>suo</strong></span> 
     </span>
     <span class='ocr_line' id='line_1_17' title="bbox 111 1757 2107 1844; baseline 0.002 -20"><span class='ocrx_word' id='word_1_223' title='bbox 111 1781 224 1825; x_wconf 86' lang='lat' dir='ltr'><strong>omnes</strong></span> <span class='ocrx_word' id='word_1_224' title='bbox 246 1780 317 1826; x_wconf 90' lang='lat' dir='ltr'><strong>esse</strong></span> <span class='ocrx_word' id='word_1_225' title='bbox 339 1758 489 1844; x_wconf 87' lang='lat' dir='ltr'><strong>perfidos.</strong></span> <span class='ocrx_word' id='word_1_226' title='bbox 534 1760 653 1823; x_wconf 83' lang='lat' dir='ltr'><strong>Postea</strong></span> <span class='ocrx_word' id='word_1_227' title='bbox 675 1757 775 1842; x_wconf 89' lang='lat' dir='ltr'><strong>addit,</strong></span> <span class='ocrx_word' id='word_1_228' title='bbox 1136 1757 1251 1837; x_wconf 84' lang='lat' dir='ltr'><strong>dicere,</strong></span> <span class='ocrx_word' id='word_1_229' title='bbox 1276 1777 1341 1821; x_wconf 92' lang='lat' dir='ltr'><strong>non</strong></span> <span class='ocrx_word' id='word_1_230' title='bbox 1365 1778 1435 1823; x_wconf 92' lang='lat' dir='ltr'><strong>esse</strong></span> <span class='ocrx_word' id='word_1_231' title='bbox 1459 1759 1575 1823; x_wconf 89' lang='lat' dir='ltr'><strong>Deum.</strong></span> <span class='ocrx_word' id='word_1_232' title='bbox 1622 1757 1771 1840; x_wconf 85' lang='lat' dir='ltr'><strong>Spoliant</strong></span> <span class='ocrx_word' id='word_1_233' title='bbox 1801 1759 1887 1824; x_wconf 89' lang='lat' dir='ltr'><strong>enim</strong></span> <span class='ocrx_word' id='word_1_234' title='bbox 1917 1762 2025 1842; x_wconf 91' lang='lat' dir='ltr'><strong>ipsum</strong></span> <span class='ocrx_word' id='word_1_235' title='bbox 2047 1783 2107 1827; x_wconf 92' lang='lat' dir='ltr'><strong>sua</strong></span> 
     </span>
     <span class='ocr_line' id='line_1_18' title="bbox 1135 1843 2105 1926; baseline 0.007 -21"><span class='ocrx_word' id='word_1_236' title='bbox 1135 1844 1269 1925; x_wconf 87' lang='lat' dir='ltr'><strong>virtute,</strong></span> <span class='ocrx_word' id='word_1_237' title='bbox 1298 1850 1331 1907; x_wconf 92' lang='lat' dir='ltr'><strong>et</strong></span> <span class='ocrx_word' id='word_1_238' title='bbox 1353 1864 1410 1909; x_wconf 92' lang='lat' dir='ltr'><strong>suo</strong></span> <span class='ocrx_word' id='word_1_239' title='bbox 1433 1843 1557 1909; x_wconf 89' lang='lat' dir='ltr'><strong>offioio:</strong></span> <span class='ocrx_word' id='word_1_240' title='bbox 1587 1843 1778 1926; x_wconf 90' lang='lat' dir='ltr'><strong>relinquunt</strong></span> <span class='ocrx_word' id='word_1_241' title='bbox 1801 1844 1962 1911; x_wconf 74' lang='lat' dir='ltr'><strong>duntaxat</strong></span> <span class='ocrx_word' id='word_1_242' title='bbox 1983 1848 2105 1912; x_wconf 90' lang='lat' dir='ltr'><strong>nudam</strong></span> 
     </span>
    </p>

    <p class='ocr_par' dir='ltr' id='par_1_4' title="bbox 111 1928 2105 2102">
     <span class='ocr_line' id='line_1_19' title="bbox 198 1928 2105 2014; baseline 0.001 -18"><span class='ocrx_word' id='word_1_243' title='bbox 198 1932 248 1995; x_wconf 82' lang='lat'><strong>12.</strong></span> <span class='ocrx_word' id='word_1_244' title='bbox 287 1931 453 2013; x_wconf 71' lang='lat' dir='ltr'><strong>Nequeunt</strong></span> <span class='ocrx_word' id='word_1_245' title='bbox 485 1929 633 1994; x_wconf 78' lang='lat' dir='ltr'><strong>Ielaeuam</strong></span> <span class='ocrx_word' id='word_1_246' title='bbox 683 1929 739 1994; x_wconf 88' lang='lat' dir='ltr'><strong>alii</strong></span> <span class='ocrx_word' id='word_1_247' title='bbox 772 1934 921 2007; x_wconf 81' lang='lat' dir='ltr'><strong>vertunt,</strong></span> <span class='ocrx_word' id='word_1_248' title='bbox 955 1928 1083 1994; x_wconf 89' lang='lat' dir='ltr'><strong>mentiti</strong></span> <span class='ocrx_word' id='word_1_249' title='bbox 1135 1930 1318 2006; x_wconf 89' lang='lat' dir='ltr'><strong>essentiam,</strong></span> <span class='ocrx_word' id='word_1_250' title='bbox 1342 1929 1403 1994; x_wconf 92' lang='lat' dir='ltr'><strong>hoe</strong></span> <span class='ocrx_word' id='word_1_251' title='bbox 1426 1939 1485 2008; x_wconf 88' lang='lat' dir='ltr'><strong>est,</strong></span> <span class='ocrx_word' id='word_1_252' title='bbox 1513 1928 1728 2012; x_wconf 80' lang='lat' dir='ltr'><strong>nescioquod</strong></span> <span class='ocrx_word' id='word_1_253' title='bbox 1759 1932 1952 2014; x_wconf 83' lang='lat' dir='ltr'><strong>figmentum</strong></span> <span class='ocrx_word' id='word_1_254' title='bbox 1983 1941 2017 1997; x_wconf 91' lang='lat' dir='ltr'><strong>et</strong></span> <span class='ocrx_word' id='word_1_255' title='bbox 2045 1933 2105 1997; x_wconf 87' lang='lat' dir='ltr'><strong>ali·</strong></span> 
     </span>
     <span class='ocr_line' id='line_1_20' title="bbox 111 2013 2104 2102; baseline 0.001 -19"><span class='ocrx_word' id='word_1_256' title='bbox 111 2024 190 2083; x_wconf 93' lang='lat' dir='ltr'><strong>sunt</strong></span> <span class='ocrx_word' id='word_1_257' title='bbox 219 2016 375 2101; x_wconf 85' lang='lat' dir='ltr'><strong>Iehovae)</strong></span> <span class='ocrx_word' id='word_1_258' title='bbox 403 2021 431 2080; x_wconf 90' lang='lat' dir='ltr'><strong>et</strong></span> <span class='ocrx_word' id='word_1_259' title='bbox 459 2015 621 2095; x_wconf 77' lang='lat' dir='ltr'><strong>diaemnt,</strong></span> <span class='ocrx_word' id='word_1_260' title='bbox 686 2034 727 2080; x_wconf 90' lang='lat' dir='ltr'><strong>on</strong></span> <span class='ocrx_word' id='word_1_261' title='bbox 755 2019 814 2093; x_wconf 85' lang='lat' dir='ltr'><strong>eet,</strong></span> <span class='ocrx_word' id='word_1_262' title='bbox 844 2019 871 2080; x_wconf 87' lang='lat' dir='ltr'><strong>et</strong></span> <span class='ocrx_word' id='word_1_263' title='bbox 898 2035 960 2081; x_wconf 85' lang='lat' dir='ltr'><strong>non</strong></span> <span class='ocrx_word' id='word_1_264' title='bbox 986 2015 1085 2080; x_wconf 70' lang='lat' dir='ltr'><strong>uenia</strong></span> <span class='ocrx_word' id='word_1_265' title='bbox 1135 2013 1219 2095; x_wconf 89' lang='lat' dir='ltr'><strong>quod</strong></span> <span class='ocrx_word' id='word_1_266' title='bbox 1242 2023 1416 2096; x_wconf 91' lang='lat' dir='ltr'><strong>speotrum.</strong></span> <span class='ocrx_word' id='word_1_267' title='bbox 1450 2013 1547 2079; x_wconf 88' lang='lat' dir='ltr'><strong>Nune</strong></span> <span class='ocrx_word' id='word_1_268' title='bbox 1568 2035 1646 2097; x_wconf 89' lang='lat' dir='ltr'><strong>ergo</strong></span> <span class='ocrx_word' id='word_1_269' title='bbox 1669 2025 1818 2080; x_wconf 88' lang='lat' dir='ltr'><strong>tenemus</strong></span> <span class='ocrx_word' id='word_1_270' title='bbox 1839 2017 2010 2082; x_wconf 88' lang='lat' dir='ltr'><strong>eonsilium</strong></span> <span class='ocrx_word' id='word_1_271' title='bbox 2033 2041 2104 2102; x_wconf 89' lang='lat' dir='ltr'><strong>pro·</strong></span> 
     </span>
    </p>
   </div>
   <div class='ocr_carea' id='block_1_4' title="bbox 111 2099 2108 2526">
    <p class='ocr_par' dir='ltr' id='par_1_5' title="bbox 111 2099 2108 2526">
     <span class='ocr_line' id='line_1_21' title="bbox 111 2099 2105 2185; baseline 0.001 -18"><span class='ocrx_word' id='word_1_272' title='bbox 111 2124 209 2183; x_wconf 80' lang='lat' dir='ltr'><strong>snper</strong></span> <span class='ocrx_word' id='word_1_273' title='bbox 237 2123 294 2168; x_wconf 82' lang='lat' dir='ltr'><strong>noa</strong></span> <span class='ocrx_word' id='word_1_274' title='bbox 320 2102 456 2167; x_wconf 87' lang='lat' dir='ltr'><strong>malam:</strong></span> <span class='ocrx_word' id='word_1_275' title='bbox 477 2107 506 2167; x_wconf 88' lang='lat' dir='ltr'><strong>et</strong></span> <span class='ocrx_word' id='word_1_276' title='bbox 530 2102 688 2185; x_wconf 76' lang='lat' dir='ltr'><strong>pladinrn,</strong></span> <span class='ocrx_word' id='word_1_277' title='bbox 717 2106 744 2164; x_wconf 87' lang='lat' dir='ltr'><strong>et</strong></span> <span class='ocrx_word' id='word_1_278' title='bbox 770 2101 886 2182; x_wconf 79' lang='lat' dir='ltr'><strong>famem</strong></span> <span class='ocrx_word' id='word_1_279' title='bbox 913 2121 975 2166; x_wconf 91' lang='lat' dir='ltr'><strong>non</strong></span> <span class='ocrx_word' id='word_1_280' title='bbox 1001 2101 1084 2166; x_wconf 83' lang='lat' dir='ltr'><strong>eide·</strong></span> <span class='ocrx_word' id='word_1_281' title='bbox 1135 2099 1262 2181; x_wconf 87' lang='lat' dir='ltr'><strong>phetae.</strong></span> <span class='ocrx_word' id='word_1_282' title='bbox 1296 2099 1471 2165; x_wconf 87' lang='lat' dir='ltr'><strong>Perfidiam</strong></span> <span class='ocrx_word' id='word_1_283' title='bbox 1495 2101 1593 2177; x_wconf 91' lang='lat' dir='ltr'><strong>enim,</strong></span> <span class='ocrx_word' id='word_1_284' title='bbox 1627 2120 1723 2182; x_wconf 88' lang='lat' dir='ltr'><strong>quam</strong></span> <span class='ocrx_word' id='word_1_285' title='bbox 1746 2101 1781 2165; x_wconf 91' lang='lat' dir='ltr'><strong>in</strong></span> <span class='ocrx_word' id='word_1_286' title='bbox 1804 2101 1934 2168; x_wconf 89' lang='lat' dir='ltr'><strong>Iudaeis</strong></span> <span class='ocrx_word' id='word_1_287' title='bbox 1954 2104 2105 2169; x_wconf 86' lang='lat' dir='ltr'><strong>eandem·</strong></span> 
     </span>
     <span class='ocr_line' id='line_1_22' title="bbox 137 2185 2106 2274; baseline 0.006 -32"><span class='ocrx_word' id='word_1_288' title='bbox 137 2191 143 2202; x_wconf 90' lang='lat'>&#39;</span> <span class='ocrx_word' id='word_1_289' title='bbox 1135 2193 1288 2264; x_wconf 84' lang='lat' dir='ltr'><strong>neverat,</strong></span> <span class='ocrx_word' id='word_1_290' title='bbox 1328 2207 1418 2253; x_wconf 89' lang='lat' dir='ltr'><strong>nuno</strong></span> <span class='ocrx_word' id='word_1_291' title='bbox 1458 2186 1635 2268; x_wconf 88' lang='lat' dir='ltr'><strong>amplifioet</strong></span> <span class='ocrx_word' id='word_1_292' title='bbox 1676 2185 1823 2268; x_wconf 89' lang='lat' dir='ltr'><strong>pluribus</strong></span> <span class='ocrx_word' id='word_1_293' title='bbox 1856 2186 1982 2266; x_wconf 88' lang='lat' dir='ltr'><strong>verbis,</strong></span> <span class='ocrx_word' id='word_1_294' title='bbox 2024 2192 2106 2274; x_wconf 83' lang='lat' dir='ltr'><strong>qaod</strong></span> 
     </span>
     <span class='ocr_line' id='line_1_23' title="bbox 1134 2269 2107 2358; baseline 0.006 -24"><span class='ocrx_word' id='word_1_295' title='bbox 1134 2270 1353 2353; x_wconf 64' lang='lat' dir='ltr'><strong>abnegaverint</strong></span> <span class='ocrx_word' id='word_1_296' title='bbox 1372 2269 1487 2351; x_wconf 87' lang='lat' dir='ltr'><strong>Deum,</strong></span> <span class='ocrx_word' id='word_1_297' title='bbox 1510 2291 1547 2337; x_wconf 89' lang='lat' dir='ltr'><strong>oa</strong></span> <span class='ocrx_word' id='word_1_298' title='bbox 1563 2271 1702 2337; x_wconf 79' lang='lat' dir='ltr'><strong>dixerint</strong></span> <span class='ocrx_word' id='word_1_299' title='bbox 1715 2292 1778 2336; x_wconf 89' lang='lat' dir='ltr'><strong>non</strong></span> <span class='ocrx_word' id='word_1_300' title='bbox 1792 2293 1867 2354; x_wconf 81' lang='lat' dir='ltr'><strong>esee,</strong></span> <span class='ocrx_word' id='word_1_301' title='bbox 1890 2295 2006 2356; x_wconf 88' lang='lat' dir='ltr'><strong>nempe</strong></span> <span class='ocrx_word' id='word_1_302' title='bbox 2029 2277 2107 2358; x_wconf 88' lang='lat' dir='ltr'><strong>quia</strong></span> 
     </span>
     <span class='ocr_line' id='line_1_24' title="bbox 1136 2357 2108 2444; baseline 0.009 -26"><span class='ocrx_word' id='word_1_303' title='bbox 1136 2376 1201 2419; x_wconf 92' lang='lat' dir='ltr'><strong>non</strong></span> <span class='ocrx_word' id='word_1_304' title='bbox 1232 2364 1390 2438; x_wconf 87' lang='lat' dir='ltr'><strong>putarunt</strong></span> <span class='ocrx_word' id='word_1_305' title='bbox 1419 2357 1480 2423; x_wconf 94' lang='lat' dir='ltr'><strong>sibi</strong></span> <span class='ocrx_word' id='word_1_306' title='bbox 1506 2357 1629 2422; x_wconf 89' lang='lat' dir='ltr'><strong>instare</strong></span> <span class='ocrx_word' id='word_1_307' title='bbox 1655 2357 1786 2437; x_wconf 90' lang='lat' dir='ltr'><strong>malum,</strong></span> <span class='ocrx_word' id='word_1_308' title='bbox 1817 2358 1901 2442; x_wconf 86' lang='lat' dir='ltr'><strong>quod</strong></span> <span class='ocrx_word' id='word_1_309' title='bbox 1929 2362 2108 2444; x_wconf 86' lang='lat' dir='ltr'><strong>prophetae</strong></span> 
     </span>
     <span class='ocr_line' id='line_1_25' title="bbox 1136 2441 1763 2526; baseline 0.002 -21"><span class='ocrx_word' id='word_1_310' title='bbox 1136 2441 1418 2508; x_wconf 86' lang='lat' dir='ltr'><strong>denuntiaverant.</strong></span> <span class='ocrx_word' id='word_1_311' title='bbox 1462 2443 1583 2508; x_wconf 82' lang='lat' dir='ltr'><strong>Postea</strong></span> <span class='ocrx_word' id='word_1_312' title='bbox 1604 2443 1763 2526; x_wconf 83' lang='lat' dir='ltr'><strong>sequitur,</strong></span> 
     </span>
    </p>
   </div>
   <div class='ocr_carea' id='block_1_5' title="bbox 111 2189 221 2253">
    <p class='ocr_par' dir='ltr' id='par_1_6' title="bbox 111 2189 221 2253">
     <span class='ocr_line' id='line_1_26' title="bbox 111 2189 221 2253; baseline -0.009 0"><span class='ocrx_word' id='word_1_313' title='bbox 111 2189 221 2253; x_wconf 81' lang='lat' dir='ltr'><strong>berane.</strong></span> 
     </span>
    </p>
   </div>
   <div class='ocr_carea' id='block_1_6' title="bbox 111 2357 1084 2955">
    <p class='ocr_par' dir='ltr' id='par_1_7' title="bbox 111 2357 1084 2955">
     <span class='ocr_line' id='line_1_27' title="bbox 197 2357 1083 2442; baseline 0.001 -18"><span class='ocrx_word' id='word_1_314' title='bbox 197 2359 327 2424; x_wconf 89' lang='lat' dir='ltr'><strong>Olarius</strong></span> <span class='ocrx_word' id='word_1_315' title='bbox 350 2369 382 2424; x_wconf 91' lang='lat' dir='ltr'><strong>et</strong></span> <span class='ocrx_word' id='word_1_316' title='bbox 408 2357 557 2440; x_wconf 92' lang='lat' dir='ltr'><strong>pluribus</strong></span> <span class='ocrx_word' id='word_1_317' title='bbox 580 2357 687 2422; x_wconf 82' lang='lat' dir='ltr'><strong>verbis</strong></span> <span class='ocrx_word' id='word_1_318' title='bbox 718 2358 874 2439; x_wconf 86' lang='lat' dir='ltr'><strong>exprimit</strong></span> <span class='ocrx_word' id='word_1_319' title='bbox 896 2360 981 2442; x_wconf 89' lang='lat' dir='ltr'><strong>quod</strong></span> <span class='ocrx_word' id='word_1_320' title='bbox 1011 2361 1083 2425; x_wconf 83' lang='lat' dir='ltr'><strong>bre·</strong></span> 
     </span>
     <span class='ocr_line' id='line_1_28' title="bbox 114 2442 1082 2528; baseline 0 -18"><span class='ocrx_word' id='word_1_321' title='bbox 114 2446 197 2511; x_wconf 83' lang='lat' dir='ltr'><strong>viter</strong></span> <span class='ocrx_word' id='word_1_322' title='bbox 226 2446 362 2509; x_wconf 87' lang='lat' dir='ltr'><strong>dixerat.</strong></span> <span class='ocrx_word' id='word_1_323' title='bbox 406 2442 499 2509; x_wconf 88' lang='lat' dir='ltr'><strong>Haeo</strong></span> <span class='ocrx_word' id='word_1_324' title='bbox 531 2444 634 2528; x_wconf 88' lang='lat' dir='ltr'><strong>igitur</strong></span> <span class='ocrx_word' id='word_1_325' title='bbox 666 2444 789 2526; x_wconf 90' lang='lat' dir='ltr'><strong>speeies</strong></span> <span class='ocrx_word' id='word_1_326' title='bbox 822 2443 885 2508; x_wconf 86' lang='lat' dir='ltr'><strong>fuit</strong></span> <span class='ocrx_word' id='word_1_327' title='bbox 918 2444 1082 2527; x_wconf 87' lang='lat' dir='ltr'><strong>perfidiae,</strong></span> 
     </span>
     <span class='ocr_line' id='line_1_29' title="bbox 112 2529 1081 2613; baseline 0 -19"><span class='ocrx_word' id='word_1_328' title='bbox 112 2530 195 2611; x_wconf 83' lang='lat' dir='ltr'><strong>qnod</strong></span> <span class='ocrx_word' id='word_1_329' title='bbox 215 2529 320 2596; x_wconf 84' lang='lat' dir='ltr'><strong>Deum</strong></span> <span class='ocrx_word' id='word_1_330' title='bbox 341 2529 532 2612; x_wconf 69' lang='lat' dir='ltr'><strong>abnegarint.</strong></span> <span class='ocrx_word' id='word_1_331' title='bbox 576 2529 652 2593; x_wconf 93' lang='lat' dir='ltr'><strong>Non</strong></span> <span class='ocrx_word' id='word_1_332' title='bbox 680 2530 789 2593; x_wconf 90' lang='lat' dir='ltr'><strong>reiioio</strong></span> <span class='ocrx_word' id='word_1_333' title='bbox 811 2530 845 2593; x_wconf 93' lang='lat' dir='ltr'><strong>in</strong></span> <span class='ocrx_word' id='word_1_334' title='bbox 869 2539 974 2595; x_wconf 90' lang='lat' dir='ltr'><strong>tetum</strong></span> <span class='ocrx_word' id='word_1_335' title='bbox 997 2532 1081 2613; x_wconf 86' lang='lat' dir='ltr'><strong>quod</strong></span> 
     </span>
     <span class='ocr_line' id='line_1_30' title="bbox 112 2615 1082 2698; baseline 0.001 -18"><span class='ocrx_word' id='word_1_336' title='bbox 112 2616 169 2680; x_wconf 91' lang='lat' dir='ltr'><strong>alii</strong></span> <span class='ocrx_word' id='word_1_337' title='bbox 190 2626 336 2694; x_wconf 83' lang='lat' dir='ltr'><strong>vertunt,</strong></span> <span class='ocrx_word' id='word_1_338' title='bbox 360 2635 476 2697; x_wconf 89' lang='lat' dir='ltr'><strong>nempe</strong></span> <span class='ocrx_word' id='word_1_339' title='bbox 493 2615 647 2678; x_wconf 87' lang='lat' dir='ltr'><strong>mentitos</strong></span> <span class='ocrx_word' id='word_1_340' title='bbox 669 2616 767 2680; x_wconf 82' lang='lat' dir='ltr'><strong>luisse</strong></span> <span class='ocrx_word' id='word_1_341' title='bbox 791 2615 870 2679; x_wconf 91' lang='lat' dir='ltr'><strong>Deo.</strong></span> <span class='ocrx_word' id='word_1_342' title='bbox 914 2615 981 2680; x_wconf 81' lang='lat' dir='ltr'><strong>Sed</strong></span> <span class='ocrx_word' id='word_1_343' title='bbox 1004 2636 1082 2698; x_wconf 89' lang='lat' dir='ltr'><strong>quo·</strong></span> 
     </span>
     <span class='ocr_line' id='line_1_31' title="bbox 111 2699 1084 2783; baseline -0.001 -18"><span class='ocrx_word' id='word_1_344' title='bbox 111 2703 197 2766; x_wconf 90' lang='lat' dir='ltr'><strong>niem</strong></span> <span class='ocrx_word' id='word_1_345' title='bbox 221 2703 275 2767; x_wconf 88' lang='lat' dir='ltr'><strong>hio</strong></span> <span class='ocrx_word' id='word_1_346' title='bbox 296 2701 429 2783; x_wconf 89' lang='lat' dir='ltr'><strong>ponitur</strong></span> <span class='ocrx_word' id='word_1_347' title='bbox 452 2713 486 2776; x_wconf 72' lang='lat'><strong>2,</strong></span> <span class='ocrx_word' id='word_1_348' title='bbox 510 2700 618 2764; x_wconf 88' lang='lat' dir='ltr'><strong>neseio</strong></span> <span class='ocrx_word' id='word_1_349' title='bbox 640 2720 680 2762; x_wconf 94' lang='lat' dir='ltr'><strong>an</strong></span> <span class='ocrx_word' id='word_1_350' title='bbox 705 2699 739 2762; x_wconf 91' lang='lat' dir='ltr'><strong>in</strong></span> <span class='ocrx_word' id='word_1_351' title='bbox 763 2699 824 2764; x_wconf 87' lang='lat' dir='ltr'><strong>heo</strong></span> <span class='ocrx_word' id='word_1_352' title='bbox 842 2701 1084 2781; x_wconf 78' lang='lat' dir='ltr'><strong>construetione</strong></span> 
     </span>
     <span class='ocr_line' id='line_1_32' title="bbox 112 2783 1082 2867; baseline 0 -17"><span class='ocrx_word' id='word_1_353' title='bbox 112 2787 246 2851; x_wconf 87' lang='lat' dir='ltr'><strong>verbum</strong></span> <span class='ocrx_word' id='word_1_354' title='bbox 275 2799 349 2852; x_wconf 69' lang='lat' dir='ltr'><strong>tvm</strong></span> <span class='ocrx_word' id='word_1_355' title='bbox 374 2786 538 2867; x_wconf 84' lang='lat' dir='ltr'><strong>signifieet</strong></span> <span class='ocrx_word' id='word_1_356' title='bbox 566 2785 708 2849; x_wconf 87' lang='lat' dir='ltr'><strong>mentiri.</strong></span> <span class='ocrx_word' id='word_1_357' title='bbox 752 2783 938 2851; x_wconf 90' lang='lat' dir='ltr'><strong>Dioendum</strong></span> <span class='ocrx_word' id='word_1_358' title='bbox 968 2787 1082 2852; x_wconf 88' lang='lat' dir='ltr'><strong>fuisset</strong></span> 
     </span>
     <span class='ocr_line' id='line_1_33' title="bbox 111 2855 1082 2955; baseline 0.001 -19"><span class='ocrx_word' id='word_1_359' title='bbox 111 2873 220 2955; x_wconf 79' lang='lat' dir='ltr'><strong>perine</strong></span> <span class='ocrx_word' id='word_1_360' title='bbox 244 2855 333 2939; x_wconf 67' lang='lat' dir='ltr'><strong>aab</strong></span> <span class='ocrx_word' id='word_1_361' title='bbox 352 2883 444 2938; x_wconf 76' lang='lat' dir='ltr'><strong>tuan.</strong></span> <span class='ocrx_word' id='word_1_362' title='bbox 490 2869 557 2935; x_wconf 75' lang='lat' dir='ltr'><strong>Sed</strong></span> <span class='ocrx_word' id='word_1_363' title='bbox 579 2889 678 2950; x_wconf 87' lang='lat' dir='ltr'><strong>quum</strong></span> <span class='ocrx_word' id='word_1_364' title='bbox 701 2868 778 2935; x_wconf 83' lang='lat' dir='ltr'><strong>diei:</strong></span> <span class='ocrx_word' id='word_1_365' title='bbox 800 2883 903 2948; x_wconf 62' lang='lat' dir='ltr'><strong>annun,</strong></span> <span class='ocrx_word' id='word_1_366' title='bbox 933 2894 997 2936; x_wconf 87' lang='lat' dir='ltr'><strong>non</strong></span> <span class='ocrx_word' id='word_1_367' title='bbox 1021 2872 1082 2937; x_wconf 87' lang='lat' dir='ltr'><strong>dn-</strong></span> 
     </span>
    </p>
   </div>
   <div class='ocr_carea' id='block_1_7' title="bbox 108 2954 1083 3895">
    <p class='ocr_par' dir='ltr' id='par_1_8' title="bbox 108 2954 1083 3895">
     <span class='ocr_line' id='line_1_34' title="bbox 111 2954 1082 3041; baseline 0 -18"><span class='ocrx_word' id='word_1_368' title='bbox 111 2960 176 3023; x_wconf 91' lang='lat' dir='ltr'><strong>bito</strong></span> <span class='ocrx_word' id='word_1_369' title='bbox 192 2959 271 3040; x_wconf 90' lang='lat' dir='ltr'><strong>quin</strong></span> <span class='ocrx_word' id='word_1_370' title='bbox 287 2957 478 3040; x_wconf 85' lang='lat' dir='ltr'><strong>simplieiter</strong></span> <span class='ocrx_word' id='word_1_371' title='bbox 492 2954 681 3037; x_wconf 87' lang='lat' dir='ltr'><strong>pronuntiet</strong></span> <span class='ocrx_word' id='word_1_372' title='bbox 695 2955 769 3020; x_wconf 78' lang='lat' dir='ltr'><strong>allos</strong></span> <span class='ocrx_word' id='word_1_373' title='bbox 783 2956 949 3041; x_wconf 68' lang='lat' dir='ltr'><strong>abnegasse</strong></span> <span class='ocrx_word' id='word_1_374' title='bbox 964 2957 1082 3023; x_wconf 81' lang='lat' dir='ltr'><strong>Deum:</strong></span> 
     </span>
     <span class='ocr_line' id='line_1_35' title="bbox 110 3039 1080 3126; baseline -0.001 -17"><span class='ocrx_word' id='word_1_375' title='bbox 110 3054 144 3109; x_wconf 88' lang='lat' dir='ltr'><strong>et</strong></span> <span class='ocrx_word' id='word_1_376' title='bbox 166 3053 342 3109; x_wconf 88' lang='lat' dir='ltr'><strong>oontextus</strong></span> <span class='ocrx_word' id='word_1_377' title='bbox 364 3041 462 3107; x_wconf 90' lang='lat' dir='ltr'><strong>etiam</strong></span> <span class='ocrx_word' id='word_1_378' title='bbox 485 3039 616 3106; x_wconf 84' lang='lat' dir='ltr'><strong>videtur</strong></span> <span class='ocrx_word' id='word_1_379' title='bbox 636 3040 699 3106; x_wconf 90' lang='lat' dir='ltr'><strong>hoo</strong></span> <span class='ocrx_word' id='word_1_380' title='bbox 720 3043 893 3123; x_wconf 86' lang='lat' dir='ltr'><strong>requirere,</strong></span> <span class='ocrx_word' id='word_1_381' title='bbox 917 3064 951 3108; x_wconf 92' lang='lat' dir='ltr'><strong>se</strong></span> <span class='ocrx_word' id='word_1_382' title='bbox 974 3045 1080 3126; x_wconf 93' lang='lat' dir='ltr'><strong>ipsum</strong></span> 
     </span>
     <span class='ocr_line' id='line_1_36' title="bbox 110 3126 1083 3209; baseline -0.001 -14"><span class='ocrx_word' id='word_1_383' title='bbox 110 3129 196 3195; x_wconf 88' lang='lat' dir='ltr'><strong>enim</strong></span> <span class='ocrx_word' id='word_1_384' title='bbox 226 3129 380 3194; x_wconf 89' lang='lat' dir='ltr'><strong>eontinuo</strong></span> <span class='ocrx_word' id='word_1_385' title='bbox 411 3138 483 3209; x_wconf 91' lang='lat' dir='ltr'><strong>post</strong></span> <span class='ocrx_word' id='word_1_386' title='bbox 515 3126 658 3207; x_wconf 90' lang='lat' dir='ltr'><strong>exponit,</strong></span> <span class='ocrx_word' id='word_1_387' title='bbox 691 3128 772 3209; x_wconf 83' lang='lat' dir='ltr'><strong>qaod</strong></span> <span class='ocrx_word' id='word_1_388' title='bbox 799 3128 913 3193; x_wconf 76' lang='lat' dir='ltr'><strong>sedicet</strong></span> <span class='ocrx_word' id='word_1_389' title='bbox 944 3130 1083 3195; x_wconf 76' lang='lat' dir='ltr'><strong>dixerint</strong></span> 
     </span>
     <span class='ocr_line' id='line_1_37' title="bbox 110 3212 1082 3295; baseline 0 -15"><span class='ocrx_word' id='word_1_390' title='bbox 110 3236 171 3280; x_wconf 86' lang='lat' dir='ltr'><strong>nen</strong></span> <span class='ocrx_word' id='word_1_391' title='bbox 192 3234 257 3280; x_wconf 83' lang='lat' dir='ltr'><strong>esee</strong></span> <span class='ocrx_word' id='word_1_392' title='bbox 278 3213 392 3278; x_wconf 86' lang='lat' dir='ltr'><strong>Deam.</strong></span> <span class='ocrx_word' id='word_1_393' title='bbox 436 3213 508 3278; x_wconf 87' lang='lat' dir='ltr'><strong>Hoo</strong></span> <span class='ocrx_word' id='word_1_394' title='bbox 531 3221 618 3277; x_wconf 88' lang='lat' dir='ltr'><strong>eerte</strong></span> <span class='ocrx_word' id='word_1_395' title='bbox 641 3233 708 3276; x_wconf 92' lang='lat' dir='ltr'><strong>non</strong></span> <span class='ocrx_word' id='word_1_396' title='bbox 730 3212 828 3277; x_wconf 83' lang='lat' dir='ltr'><strong>fuerit</strong></span> <span class='ocrx_word' id='word_1_397' title='bbox 849 3215 981 3278; x_wconf 91' lang='lat' dir='ltr'><strong>mentiri</strong></span> <span class='ocrx_word' id='word_1_398' title='bbox 999 3215 1082 3295; x_wconf 91' lang='lat' dir='ltr'><strong>Deo,</strong></span> 
     </span>
     <span class='ocr_line' id='line_1_38' title="bbox 110 3297 1082 3383; baseline -0.001 -17"><span class='ocrx_word' id='word_1_399' title='bbox 110 3301 165 3366; x_wconf 89' lang='lat' dir='ltr'><strong>sed</strong></span> <span class='ocrx_word' id='word_1_400' title='bbox 189 3301 322 3365; x_wconf 89' lang='lat' dir='ltr'><strong>reiiaere</strong></span> <span class='ocrx_word' id='word_1_401' title='bbox 344 3318 381 3362; x_wconf 89' lang='lat' dir='ltr'><strong>ao</strong></span> <span class='ocrx_word' id='word_1_402' title='bbox 401 3298 429 3363; x_wconf 92' lang='lat' dir='ltr'><strong>ei</strong></span> <span class='ocrx_word' id='word_1_403' title='bbox 452 3318 517 3361; x_wconf 92' lang='lat' dir='ltr'><strong>non</strong></span> <span class='ocrx_word' id='word_1_404' title='bbox 539 3309 625 3363; x_wconf 87' lang='lat' dir='ltr'><strong>esset</strong></span> <span class='ocrx_word' id='word_1_405' title='bbox 646 3297 747 3363; x_wconf 93' lang='lat' dir='ltr'><strong>Deus.</strong></span> <span class='ocrx_word' id='word_1_406' title='bbox 792 3297 953 3378; x_wconf 80' lang='lat' dir='ltr'><strong>Quoniam</strong></span> <span class='ocrx_word' id='word_1_407' title='bbox 978 3301 1082 3383; x_wconf 82' lang='lat' dir='ltr'><strong>igitur</strong></span> 
     </span>
     <span class='ocr_line' id='line_1_39' title="bbox 109 3382 1079 3470; baseline 0.002 -20"><span class='ocrx_word' id='word_1_408' title='bbox 109 3386 165 3450; x_wconf 89' lang='lat' dir='ltr'><strong>ille</strong></span> <span class='ocrx_word' id='word_1_409' title='bbox 187 3406 302 3450; x_wconf 89' lang='lat' dir='ltr'><strong>sensus</strong></span> <span class='ocrx_word' id='word_1_410' title='bbox 324 3392 410 3448; x_wconf 89' lang='lat' dir='ltr'><strong>esset</strong></span> <span class='ocrx_word' id='word_1_411' title='bbox 431 3382 587 3466; x_wconf 82' lang='lat' dir='ltr'><strong>frigidior,</strong></span> <span class='ocrx_word' id='word_1_412' title='bbox 617 3382 688 3447; x_wconf 88' lang='lat' dir='ltr'><strong>Deo</strong></span> <span class='ocrx_word' id='word_1_413' title='bbox 711 3383 810 3448; x_wconf 88' lang='lat' dir='ltr'><strong>fuisse</strong></span> <span class='ocrx_word' id='word_1_414' title='bbox 833 3385 996 3468; x_wconf 89' lang='lat' dir='ltr'><strong>mentitos,</strong></span> <span class='ocrx_word' id='word_1_415' title='bbox 1019 3407 1079 3470; x_wconf 84' lang='lat' dir='ltr'><strong>ego</strong></span> 
     </span>
     <span class='ocr_line' id='line_1_40' title="bbox 109 3469 1080 3553; baseline 0.002 -18"><span class='ocrx_word' id='word_1_416' title='bbox 109 3474 142 3536; x_wconf 90' lang='lat' dir='ltr'><strong>in</strong></span> <span class='ocrx_word' id='word_1_417' title='bbox 159 3471 319 3536; x_wconf 83' lang='lat' dir='ltr'><strong>diversam</strong></span> <span class='ocrx_word' id='word_1_418' title='bbox 342 3479 468 3553; x_wconf 87' lang='lat' dir='ltr'><strong>partem</strong></span> <span class='ocrx_word' id='word_1_419' title='bbox 484 3469 589 3551; x_wconf 89' lang='lat' dir='ltr'><strong>magis</strong></span> <span class='ocrx_word' id='word_1_420' title='bbox 604 3469 734 3547; x_wconf 88' lang='lat' dir='ltr'><strong>ineline,</strong></span> <span class='ocrx_word' id='word_1_421' title='bbox 750 3470 833 3550; x_wconf 80' lang='lat' dir='ltr'><strong>qnod</strong></span> <span class='ocrx_word' id='word_1_422' title='bbox 846 3471 962 3536; x_wconf 70' lang='lat' dir='ltr'><strong>eeilnet</strong></span> <span class='ocrx_word' id='word_1_423' title='bbox 975 3469 1080 3537; x_wconf 85' lang='lat' dir='ltr'><strong>Deum</strong></span> 
     </span>
     <span class='ocr_line' id='line_1_41' title="bbox 108 3553 1080 3640; baseline 0.001 -18"><span class='ocrx_word' id='word_1_424' title='bbox 108 3556 337 3640; x_wconf 69' lang='lat' dir='ltr'><strong>abnegaverint,</strong></span> <span class='ocrx_word' id='word_1_425' title='bbox 361 3555 421 3620; x_wconf 87' lang='lat' dir='ltr'><strong>boe</strong></span> <span class='ocrx_word' id='word_1_426' title='bbox 439 3563 497 3631; x_wconf 90' lang='lat' dir='ltr'><strong>est,</strong></span> <span class='ocrx_word' id='word_1_427' title='bbox 520 3553 628 3618; x_wconf 91' lang='lat' dir='ltr'><strong>Deum</strong></span> <span class='ocrx_word' id='word_1_428' title='bbox 647 3574 706 3637; x_wconf 92' lang='lat' dir='ltr'><strong>pro</strong></span> <span class='ocrx_word' id='word_1_429' title='bbox 725 3554 828 3618; x_wconf 91' lang='lat' dir='ltr'><strong>nihilo</strong></span> <span class='ocrx_word' id='word_1_430' title='bbox 846 3554 1008 3635; x_wconf 89' lang='lat' dir='ltr'><strong>duxerint,</strong></span> <span class='ocrx_word' id='word_1_431' title='bbox 1028 3558 1080 3623; x_wconf 85' lang='lat' dir='ltr'><strong>vel</strong></span> 
     </span>
     <span class='ocr_line' id='line_1_42' title="bbox 110 3638 1080 3722; baseline 0 -15"><span class='ocrx_word' id='word_1_432' title='bbox 110 3641 294 3707; x_wconf 87' lang='lat' dir='ltr'><strong>studuerint</strong></span> <span class='ocrx_word' id='word_1_433' title='bbox 317 3641 454 3705; x_wconf 88' lang='lat' dir='ltr'><strong>abolere.</strong></span> <span class='ocrx_word' id='word_1_434' title='bbox 499 3638 654 3721; x_wconf 86' lang='lat' dir='ltr'><strong>Sequitur</strong></span> <span class='ocrx_word' id='word_1_435' title='bbox 676 3650 787 3703; x_wconf 90' lang='lat' dir='ltr'><strong>tamen</strong></span> <span class='ocrx_word' id='word_1_436' title='bbox 813 3641 895 3704; x_wconf 87' lang='lat' dir='ltr'><strong>ratio</strong></span> <span class='ocrx_word' id='word_1_437' title='bbox 916 3661 1000 3722; x_wconf 89' lang='lat' dir='ltr'><strong>quae</strong></span> <span class='ocrx_word' id='word_1_438' title='bbox 1022 3664 1080 3707; x_wconf 93' lang='lat' dir='ltr'><strong>no·</strong></span> 
     </span>
     <span class='ocr_line' id='line_1_43' title="bbox 110 3723 1081 3809; baseline 0.004 -19"><span class='ocrx_word' id='word_1_439' title='bbox 110 3726 209 3791; x_wconf 86' lang='lat' dir='ltr'><strong>tanda</strong></span> <span class='ocrx_word' id='word_1_440' title='bbox 230 3736 290 3809; x_wconf 90' lang='lat' dir='ltr'><strong>est,</strong></span> <span class='ocrx_word' id='word_1_441' title='bbox 312 3726 481 3804; x_wconf 80' lang='lat' dir='ltr'><strong>Dinernnt,</strong></span> <span class='ocrx_word' id='word_1_442' title='bbox 506 3725 580 3790; x_wconf 87' lang='lat' dir='ltr'><strong>Non</strong></span> <span class='ocrx_word' id='word_1_443' title='bbox 601 3729 656 3788; x_wconf 80' lang='lat' dir='ltr'><strong>eet.</strong></span> <span class='ocrx_word' id='word_1_444' title='bbox 700 3723 746 3788; x_wconf 92' lang='lat' dir='ltr'><strong>Ut</strong></span> <span class='ocrx_word' id='word_1_445' title='bbox 768 3724 830 3789; x_wconf 92' lang='lat' dir='ltr'><strong>boo</strong></span> <span class='ocrx_word' id='word_1_446' title='bbox 851 3724 938 3789; x_wconf 92' lang='lat' dir='ltr'><strong>idem</strong></span> <span class='ocrx_word' id='word_1_447' title='bbox 960 3726 1081 3794; x_wconf 87' lang='lat' dir='ltr'><strong>elarius</strong></span> 
     </span>
     <span class='ocr_line' id='line_1_44' title="bbox 109 3807 1080 3895; baseline 0.003 -19"><span class='ocrx_word' id='word_1_448' title='bbox 109 3812 258 3895; x_wconf 85' lang='lat' dir='ltr'><strong>explieat,</strong></span> <span class='ocrx_word' id='word_1_449' title='bbox 287 3811 442 3894; x_wconf 88' lang='lat' dir='ltr'><strong>gloriatos</strong></span> <span class='ocrx_word' id='word_1_450' title='bbox 468 3810 568 3874; x_wconf 81' lang='lat' dir='ltr'><strong>luisse</strong></span> <span class='ocrx_word' id='word_1_451' title='bbox 589 3810 666 3873; x_wconf 93' lang='lat' dir='ltr'><strong>dieit</strong></span> <span class='ocrx_word' id='word_1_452' title='bbox 688 3807 728 3874; x_wconf 91' lang='lat' dir='ltr'><strong>de</strong></span> <span class='ocrx_word' id='word_1_453' title='bbox 758 3810 963 3891; x_wconf 89' lang='lat' dir='ltr'><strong>impunitate.</strong></span> <span class='ocrx_word' id='word_1_454' title='bbox 1007 3813 1080 3879; x_wconf 88' lang='lat' dir='ltr'><strong>Hoo</strong></span> 
     </span>
    </p>
   </div>
   <div class='ocr_carea' id='block_1_8' title="bbox 1134 2612 2107 2781">
    <p class='ocr_par' dir='ltr' id='par_1_9' title="bbox 1134 2612 2107 2781">
     <span class='ocr_line' id='line_1_45' title="bbox 1222 2612 2107 2697; baseline 0.012 -22"><span class='ocrx_word' id='word_1_455' title='bbox 1222 2613 1272 2677; x_wconf 86' lang='lat'><strong>13.</strong></span> <span class='ocrx_word' id='word_1_456' title='bbox 1304 2612 1349 2678; x_wconf 84' lang='lat' dir='ltr'><strong>Et</strong></span> <span class='ocrx_word' id='word_1_457' title='bbox 1369 2613 1538 2695; x_wconf 68' lang='lat' dir='ltr'><strong>propinas</strong></span> <span class='ocrx_word' id='word_1_458' title='bbox 1560 2619 1649 2678; x_wconf 78' lang='lat' dir='ltr'><strong>enmt</strong></span> <span class='ocrx_word' id='word_1_459' title='bbox 1670 2615 1705 2678; x_wconf 85' lang='lat' dir='ltr'><strong>in</strong></span> <span class='ocrx_word' id='word_1_460' title='bbox 1725 2620 1855 2697; x_wconf 84' lang='lat' dir='ltr'><strong>uentum,</strong></span> <span class='ocrx_word' id='word_1_461' title='bbox 1877 2621 1905 2681; x_wconf 86' lang='lat' dir='ltr'><strong>et</strong></span> <span class='ocrx_word' id='word_1_462' title='bbox 1925 2636 2024 2682; x_wconf 71' lang='lat' dir='ltr'><strong>sumo</strong></span> <span class='ocrx_word' id='word_1_463' title='bbox 2046 2639 2107 2686; x_wconf 87' lang='lat' dir='ltr'><strong>non</strong></span> 
     </span>
     <span class='ocr_line' id='line_1_46' title="bbox 1134 2697 1547 2781; baseline 0.005 -20"><span class='ocrx_word' id='word_1_464' title='bbox 1134 2698 1232 2762; x_wconf 82' lang='lat' dir='ltr'><strong>estin</strong></span> <span class='ocrx_word' id='word_1_465' title='bbox 1254 2699 1315 2763; x_wconf 85' lang='lat' dir='ltr'><strong>eis.-</strong></span> <span class='ocrx_word' id='word_1_466' title='bbox 1336 2699 1382 2765; x_wconf 80' lang='lat' dir='ltr'><strong>sie</strong></span> <span class='ocrx_word' id='word_1_467' title='bbox 1400 2700 1452 2781; x_wconf 71' lang='lat' dir='ltr'><strong>fiet</strong></span> <span class='ocrx_word' id='word_1_468' title='bbox 1471 2697 1547 2764; x_wconf 79' lang='lat' dir='ltr'><strong>allis.</strong></span> 
     </span>
    </p>
   </div>
   <div class='ocr_carea' id='block_1_9' title="bbox 1131 2867 2107 3900">
    <p class='ocr_par' dir='ltr' id='par_1_10' title="bbox 1131 2867 2107 3900">
     <span class='ocr_line' id='line_1_47' title="bbox 1218 2867 2107 2957; baseline 0.008 -23"><span class='ocrx_word' id='word_1_469' title='bbox 1218 2868 1436 2952; x_wconf 87' lang='lat' dir='ltr'><strong>Prosequitur</strong></span> <span class='ocrx_word' id='word_1_470' title='bbox 1467 2867 1604 2934; x_wconf 88' lang='lat' dir='ltr'><strong>eandem</strong></span> <span class='ocrx_word' id='word_1_471' title='bbox 1637 2869 1819 2935; x_wconf 88' lang='lat' dir='ltr'><strong>doetrinam</strong></span> <span class='ocrx_word' id='word_1_472' title='bbox 1847 2874 2016 2957; x_wconf 79' lang='lat' dir='ltr'><strong>propheta</strong></span> <span class='ocrx_word' id='word_1_473' title='bbox 2062 2877 2107 2941; x_wconf 81' lang='lat' dir='ltr'><strong>Et</strong></span> 
     </span>
     <span class='ocr_line' id='line_1_48' title="bbox 1133 2953 2106 3041; baseline 0.009 -23"><span class='ocrx_word' id='word_1_474' title='bbox 1133 2953 1205 3019; x_wconf 90' lang='lat' dir='ltr'><strong>ideo</strong></span> <span class='ocrx_word' id='word_1_475' title='bbox 1228 2955 1319 3021; x_wconf 92' lang='lat' dir='ltr'><strong>looue</strong></span> <span class='ocrx_word' id='word_1_476' title='bbox 1341 2955 1395 3021; x_wconf 90' lang='lat' dir='ltr'><strong>hio</strong></span> <span class='ocrx_word' id='word_1_477' title='bbox 1416 2955 1588 3020; x_wconf 83' lang='lat' dir='ltr'><strong>observatu</strong></span> <span class='ocrx_word' id='word_1_478' title='bbox 1611 2955 1730 3038; x_wconf 91' lang='lat' dir='ltr'><strong>dignus</strong></span> <span class='ocrx_word' id='word_1_479' title='bbox 1758 2969 1816 3036; x_wconf 89' lang='lat' dir='ltr'><strong>est,</strong></span> <span class='ocrx_word' id='word_1_480' title='bbox 1845 2959 2009 3041; x_wconf 86' lang='lat' dir='ltr'><strong>quianon</strong></span> <span class='ocrx_word' id='word_1_481' title='bbox 2031 2962 2106 3027; x_wconf 82' lang='lat' dir='ltr'><strong>vul·</strong></span> 
     </span>
     <span class='ocr_line' id='line_1_49' title="bbox 1134 3040 2105 3129; baseline 0.009 -25"><span class='ocrx_word' id='word_1_482' title='bbox 1134 3041 1256 3124; x_wconf 81' lang='lat' dir='ltr'><strong>geritur</strong></span> <span class='ocrx_word' id='word_1_483' title='bbox 1277 3041 1371 3106; x_wconf 91' lang='lat' dir='ltr'><strong>nobis</strong></span> <span class='ocrx_word' id='word_1_484' title='bbox 1393 3040 1598 3106; x_wconf 84' lang='lat' dir='ltr'><strong>sommendat</strong></span> <span class='ocrx_word' id='word_1_485' title='bbox 1627 3053 1797 3107; x_wconf 87' lang='lat' dir='ltr'><strong>externam</strong></span> <span class='ocrx_word' id='word_1_486' title='bbox 1821 3042 1987 3110; x_wconf 87' lang='lat' dir='ltr'><strong>doetrinae</strong></span> <span class='ocrx_word' id='word_1_487' title='bbox 2015 3066 2105 3129; x_wconf 79' lang='lat' dir='ltr'><strong>prae</strong></span> 
     </span>
     <span class='ocr_line' id='line_1_50' title="bbox 1134 3125 2105 3214; baseline 0.008 -24"><span class='ocrx_word' id='word_1_488' title='bbox 1134 3126 1336 3190; x_wconf 79' lang='lat' dir='ltr'><strong>ditationem.</strong></span> <span class='ocrx_word' id='word_1_489' title='bbox 1380 3125 1469 3206; x_wconf 89' lang='lat' dir='ltr'><strong>Quid</strong></span> <span class='ocrx_word' id='word_1_490' title='bbox 1491 3127 1580 3190; x_wconf 90' lang='lat' dir='ltr'><strong>enim</strong></span> <span class='ocrx_word' id='word_1_491' title='bbox 1602 3127 1682 3210; x_wconf 81' lang='lat' dir='ltr'><strong>fingi</strong></span> <span class='ocrx_word' id='word_1_492' title='bbox 1709 3135 1816 3210; x_wconf 90' lang='lat' dir='ltr'><strong>potest</strong></span> <span class='ocrx_word' id='word_1_493' title='bbox 1839 3130 1942 3214; x_wconf 85' lang='lat' dir='ltr'><strong>magis</strong></span> <span class='ocrx_word' id='word_1_494' title='bbox 1964 3130 2105 3198; x_wconf 84' lang='lat' dir='ltr'><strong>detesta-</strong></span> 
     </span>
     <span class='ocr_line' id='line_1_51' title="bbox 1133 3210 2104 3295; baseline 0.008 -19"><span class='ocrx_word' id='word_1_495' title='bbox 1133 3211 1205 3286; x_wconf 89' lang='lat' dir='ltr'><strong>bile,</strong></span> <span class='ocrx_word' id='word_1_496' title='bbox 1222 3232 1316 3294; x_wconf 82' lang='lat' dir='ltr'><strong>qnam</strong></span> <span class='ocrx_word' id='word_1_497' title='bbox 1326 3232 1439 3295; x_wconf 71' lang='lat' dir='ltr'><strong>negare</strong></span> <span class='ocrx_word' id='word_1_498' title='bbox 1449 3210 1578 3277; x_wconf 80' lang='lat' dir='ltr'><strong>Deum?</strong></span> <span class='ocrx_word' id='word_1_499' title='bbox 1596 3224 1692 3295; x_wconf 89' lang='lat' dir='ltr'><strong>utque</strong></span> <span class='ocrx_word' id='word_1_500' title='bbox 1707 3214 1770 3279; x_wconf 89' lang='lat' dir='ltr'><strong>nisi</strong></span> <span class='ocrx_word' id='word_1_501' title='bbox 1785 3213 1933 3281; x_wconf 87' lang='lat' dir='ltr'><strong>defertur</strong></span> <span class='ocrx_word' id='word_1_502' title='bbox 1948 3220 2104 3284; x_wconf 88' lang='lat' dir='ltr'><strong>autoritas</strong></span> 
     </span>
     <span class='ocr_line' id='line_1_52' title="bbox 1133 3297 2104 3384; baseline 0.007 -21"><span class='ocrx_word' id='word_1_503' title='bbox 1133 3299 1204 3363; x_wconf 92' lang='lat' dir='ltr'><strong>eius</strong></span> <span class='ocrx_word' id='word_1_504' title='bbox 1227 3299 1335 3377; x_wconf 84' lang='lat' dir='ltr'><strong>verbo,</strong></span> <span class='ocrx_word' id='word_1_505' title='bbox 1361 3297 1495 3380; x_wconf 92' lang='lat' dir='ltr'><strong>perinde</strong></span> <span class='ocrx_word' id='word_1_506' title='bbox 1516 3302 1567 3362; x_wconf 92' lang='lat' dir='ltr'><strong>est</strong></span> <span class='ocrx_word' id='word_1_507' title='bbox 1588 3319 1626 3363; x_wconf 91' lang='lat' dir='ltr'><strong>ao</strong></span> <span class='ocrx_word' id='word_1_508' title='bbox 1648 3300 1675 3363; x_wconf 93' lang='lat' dir='ltr'><strong>si</strong></span> <span class='ocrx_word' id='word_1_509' title='bbox 1703 3305 1944 3384; x_wconf 86' lang='lat' dir='ltr'><strong>oontemptoros</strong></span> <span class='ocrx_word' id='word_1_510' title='bbox 1969 3303 2062 3369; x_wconf 91' lang='lat' dir='ltr'><strong>illum</strong></span> <span class='ocrx_word' id='word_1_511' title='bbox 2085 3327 2104 3370; x_wconf 92' lang='lat' dir='ltr'><strong>e</strong></span> 
     </span>
     <span class='ocr_line' id='line_1_53' title="bbox 1133 3382 2103 3466; baseline 0.005 -17"><span class='ocrx_word' id='word_1_512' title='bbox 1133 3384 1221 3449; x_wconf 91' lang='lat' dir='ltr'><strong>ooelo</strong></span> <span class='ocrx_word' id='word_1_513' title='bbox 1253 3383 1425 3449; x_wconf 88' lang='lat' dir='ltr'><strong>detrahere</strong></span> <span class='ocrx_word' id='word_1_514' title='bbox 1457 3382 1590 3466; x_wconf 89' lang='lat' dir='ltr'><strong>vellent,</strong></span> <span class='ocrx_word' id='word_1_515' title='bbox 1627 3395 1658 3448; x_wconf 90' lang='lat' dir='ltr'><strong>et</strong></span> <span class='ocrx_word' id='word_1_516' title='bbox 1690 3407 1730 3451; x_wconf 93' lang='lat' dir='ltr'><strong>ne</strong></span> <span class='ocrx_word' id='word_1_517' title='bbox 1774 3396 1847 3450; x_wconf 88' lang='lat' dir='ltr'><strong>rent</strong></span> <span class='ocrx_word' id='word_1_518' title='bbox 1879 3386 1987 3452; x_wconf 91' lang='lat' dir='ltr'><strong>Deum</strong></span> <span class='ocrx_word' id='word_1_519' title='bbox 2023 3410 2103 3454; x_wconf 87' lang='lat' dir='ltr'><strong>esse.</strong></span> 
     </span>
     <span class='ocr_line' id='line_1_54' title="bbox 1133 3468 2104 3556; baseline 0.008 -24"><span class='ocrx_word' id='word_1_520' title='bbox 1133 3468 1292 3535; x_wconf 82' lang='lat' dir='ltr'><strong>Videmus</strong></span> <span class='ocrx_word' id='word_1_521' title='bbox 1314 3489 1392 3552; x_wconf 88' lang='lat' dir='ltr'><strong>ergo</strong></span> <span class='ocrx_word' id='word_1_522' title='bbox 1414 3477 1451 3533; x_wconf 91' lang='lat' dir='ltr'><strong>ut</strong></span> <span class='ocrx_word' id='word_1_523' title='bbox 1473 3470 1645 3534; x_wconf 89' lang='lat' dir='ltr'><strong>ooniunota</strong></span> <span class='ocrx_word' id='word_1_524' title='bbox 1671 3470 1715 3533; x_wconf 91' lang='lat' dir='ltr'><strong>eit</strong></span> <span class='ocrx_word' id='word_1_525' title='bbox 1772 3473 1801 3535; x_wconf 89' lang='lat' dir='ltr'><strong>ei</strong></span> <span class='ocrx_word' id='word_1_526' title='bbox 1829 3473 1981 3538; x_wconf 87' lang='lat' dir='ltr'><strong>maiestas</strong></span> <span class='ocrx_word' id='word_1_527' title='bbox 2011 3477 2104 3556; x_wconf 91' lang='lat' dir='ltr'><strong>quasi</strong></span> 
     </span>
     <span class='ocr_line' id='line_1_55' title="bbox 1132 3552 2102 3637; baseline 0.009 -19"><span class='ocrx_word' id='word_1_528' title='bbox 1132 3552 1301 3620; x_wconf 84' lang='lat' dir='ltr'><strong>individuo</strong></span> <span class='ocrx_word' id='word_1_529' title='bbox 1318 3576 1407 3619; x_wconf 87' lang='lat' dir='ltr'><strong>nexu</strong></span> <span class='ocrx_word' id='word_1_530' title='bbox 1424 3574 1499 3618; x_wconf 92' lang='lat' dir='ltr'><strong>oum</strong></span> <span class='ocrx_word' id='word_1_531' title='bbox 1518 3562 1653 3619; x_wconf 87' lang='lat' dir='ltr'><strong>externa</strong></span> <span class='ocrx_word' id='word_1_532' title='bbox 1671 3554 1910 3637; x_wconf 88' lang='lat' dir='ltr'><strong>praedieatione</strong></span> <span class='ocrx_word' id='word_1_533' title='bbox 1928 3558 2102 3627; x_wconf 89' lang='lat' dir='ltr'><strong>doetrinae.</strong></span> 
     </span>
     <span class='ocr_line' id='line_1_56' title="bbox 1132 3639 2104 3721; baseline 0.009 -17"><span class='ocrx_word' id='word_1_534' title='bbox 1132 3640 1178 3704; x_wconf 81' lang='lat' dir='ltr'><strong>Et</strong></span> <span class='ocrx_word' id='word_1_535' title='bbox 1198 3640 1233 3704; x_wconf 93' lang='lat' dir='ltr'><strong>in</strong></span> <span class='ocrx_word' id='word_1_536' title='bbox 1254 3639 1393 3706; x_wconf 87' lang='lat' dir='ltr'><strong>eundem</strong></span> <span class='ocrx_word' id='word_1_537' title='bbox 1421 3640 1519 3704; x_wconf 90' lang='lat' dir='ltr'><strong>finem</strong></span> <span class='ocrx_word' id='word_1_538' title='bbox 1550 3644 1677 3721; x_wconf 89' lang='lat' dir='ltr'><strong>epeotat</strong></span> <span class='ocrx_word' id='word_1_539' title='bbox 1705 3641 1758 3707; x_wconf 88' lang='lat' dir='ltr'><strong>hio</strong></span> <span class='ocrx_word' id='word_1_540' title='bbox 1781 3662 1903 3718; x_wconf 83' lang='lat' dir='ltr'><strong>versus,</strong></span> <span class='ocrx_word' id='word_1_541' title='bbox 1927 3643 1981 3708; x_wconf 92' lang='lat' dir='ltr'><strong>ubi</strong></span> <span class='ocrx_word' id='word_1_542' title='bbox 2004 3645 2104 3712; x_wconf 80' lang='lat' dir='ltr'><strong>refert</strong></span> 
     </span>
     <span class='ocr_line' id='line_1_57' title="bbox 1131 3723 2102 3807; baseline 0.009 -19"><span class='ocrx_word' id='word_1_543' title='bbox 1131 3723 1288 3791; x_wconf 87' lang='lat' dir='ltr'><strong>Ieremias</strong></span> <span class='ocrx_word' id='word_1_544' title='bbox 1310 3723 1452 3789; x_wconf 86' lang='lat' dir='ltr'><strong>ludibria</strong></span> <span class='ocrx_word' id='word_1_545' title='bbox 1474 3723 1596 3807; x_wconf 89' lang='lat' dir='ltr'><strong>populi.</strong></span> <span class='ocrx_word' id='word_1_546' title='bbox 1640 3725 1726 3790; x_wconf 91' lang='lat' dir='ltr'><strong>Nam</strong></span> <span class='ocrx_word' id='word_1_547' title='bbox 1749 3727 1874 3793; x_wconf 87' lang='lat' dir='ltr'><strong>induoit</strong></span> <span class='ocrx_word' id='word_1_548' title='bbox 1895 3728 2033 3796; x_wconf 86' lang='lat' dir='ltr'><strong>Iudaeos</strong></span> <span class='ocrx_word' id='word_1_549' title='bbox 2055 3732 2102 3797; x_wconf 92' lang='lat' dir='ltr'><strong>lo-</strong></span> 
     </span>
     <span class='ocr_line' id='line_1_58' title="bbox 1132 3809 2104 3900; baseline 0.011 -26"><span class='ocrx_word' id='word_1_550' title='bbox 1132 3816 1275 3893; x_wconf 89' lang='lat' dir='ltr'><strong>quentes,</strong></span> <span class='ocrx_word' id='word_1_551' title='bbox 1307 3809 1479 3891; x_wconf 73' lang='lat' dir='ltr'><strong>Prophetae</strong></span> <span class='ocrx_word' id='word_1_552' title='bbox 1500 3815 1591 3874; x_wconf 70' lang='lat' dir='ltr'><strong>nant</strong></span> <span class='ocrx_word' id='word_1_553' title='bbox 1610 3811 1645 3875; x_wconf 90' lang='lat' dir='ltr'><strong>in</strong></span> <span class='ocrx_word' id='word_1_554' title='bbox 1666 3817 1797 3893; x_wconf 82' lang='lat' dir='ltr'><strong>ventam,</strong></span> <span class='ocrx_word' id='word_1_555' title='bbox 1819 3833 1880 3878; x_wconf 90' lang='lat' dir='ltr'><strong>non</strong></span> <span class='ocrx_word' id='word_1_556' title='bbox 1901 3821 1946 3880; x_wconf 81' lang='lat' dir='ltr'><strong>eat</strong></span> <span class='ocrx_word' id='word_1_557' title='bbox 1966 3816 2001 3882; x_wconf 85' lang='lat' dir='ltr'><strong>in</strong></span> <span class='ocrx_word' id='word_1_558' title='bbox 2021 3818 2104 3900; x_wconf 73' lang='lat' dir='ltr'><strong>ipsis</strong></span> 
     </span>
    </p>
   </div>
   <div class='ocr_carea' id='block_1_10' title="bbox 107 3895 2103 5357">
    <p class='ocr_par' dir='ltr' id='par_1_11' title="bbox 107 3895 2103 5357">
     <span class='ocr_line' id='line_1_59' title="bbox 1130 3895 2103 3978; baseline 0.008 -17"><span class='ocrx_word' id='word_1_559' title='bbox 1130 3916 1246 3977; x_wconf 82' lang='lat' dir='ltr'><strong>sermo,</strong></span> <span class='ocrx_word' id='word_1_560' title='bbox 1280 3900 1307 3961; x_wconf 86' lang='lat' dir='ltr'><strong>et</strong></span> <span class='ocrx_word' id='word_1_561' title='bbox 1334 3896 1454 3962; x_wconf 74' lang='lat' dir='ltr'><strong>malm</strong></span> <span class='ocrx_word' id='word_1_562' title='bbox 1481 3897 1562 3978; x_wconf 85' lang='lat' dir='ltr'><strong>qnod</strong></span> <span class='ocrx_word' id='word_1_563' title='bbox 1593 3895 1686 3962; x_wconf 80' lang='lat' dir='ltr'><strong>nobie</strong></span> <span class='ocrx_word' id='word_1_564' title='bbox 1714 3899 1904 3965; x_wconf 76' lang='lat' dir='ltr'><strong>minitantur</strong></span> <span class='ocrx_word' id='word_1_565' title='bbox 1930 3903 2043 3968; x_wconf 76' lang='lat' dir='ltr'><strong>renidet</strong></span> <span class='ocrx_word' id='word_1_566' title='bbox 2068 3906 2103 3969; x_wconf 89' lang='lat' dir='ltr'><strong>in</strong></span> 
     </span>
     <span class='ocr_line' id='line_1_60' title="bbox 108 3978 2102 4068; baseline 0.004 -21"><span class='ocrx_word' id='word_1_567' title='bbox 108 3991 263 4066; x_wconf 88' lang='lat' dir='ltr'><strong>negatum</strong></span> <span class='ocrx_word' id='word_1_568' title='bbox 294 3981 397 4046; x_wconf 83' lang='lat' dir='ltr'><strong>luisse</strong></span> <span class='ocrx_word' id='word_1_569' title='bbox 429 3979 538 4044; x_wconf 92' lang='lat' dir='ltr'><strong>Deum</strong></span> <span class='ocrx_word' id='word_1_570' title='bbox 571 3978 752 4045; x_wconf 89' lang='lat' dir='ltr'><strong>aIudaeis.</strong></span> <span class='ocrx_word' id='word_1_571' title='bbox 807 3978 874 4046; x_wconf 85' lang='lat' dir='ltr'><strong>Sed</strong></span> <span class='ocrx_word' id='word_1_572' title='bbox 907 4004 949 4048; x_wconf 92' lang='lat' dir='ltr'><strong>ne</strong></span> <span class='ocrx_word' id='word_1_573' title='bbox 983 3985 1079 4068; x_wconf 86' lang='lat' dir='ltr'><strong>tergi·</strong></span> <span class='ocrx_word' id='word_1_574' title='bbox 1130 4002 1236 4047; x_wconf 84' lang='lat' dir='ltr'><strong>eornm</strong></span> <span class='ocrx_word' id='word_1_575' title='bbox 1256 3984 1370 4064; x_wconf 79' lang='lat' dir='ltr'><strong>capita.</strong></span> <span class='ocrx_word' id='word_1_576' title='bbox 1406 3982 1497 4046; x_wconf 82' lang='lat' dir='ltr'><strong>Fieri</strong></span> <span class='ocrx_word' id='word_1_577' title='bbox 1512 3992 1618 4064; x_wconf 90' lang='lat' dir='ltr'><strong>potest</strong></span> <span class='ocrx_word' id='word_1_578' title='bbox 1633 3988 1671 4047; x_wconf 90' lang='lat' dir='ltr'><strong>ut</strong></span> <span class='ocrx_word' id='word_1_579' title='bbox 1686 4003 1755 4047; x_wconf 89' lang='lat' dir='ltr'><strong>non</strong></span> <span class='ocrx_word' id='word_1_580' title='bbox 1770 3987 1975 4051; x_wconf 90' lang='lat' dir='ltr'><strong>evomuerint</strong></span> <span class='ocrx_word' id='word_1_581' title='bbox 1988 3987 2102 4056; x_wconf 87' lang='lat' dir='ltr'><strong>Iudaei</strong></span> 
     </span>
     <span class='ocr_line' id='line_1_61' title="bbox 108 4064 2102 4150; baseline 0.004 -17"><span class='ocrx_word' id='word_1_582' title='bbox 108 4077 289 4144; x_wconf 88' lang='lat' dir='ltr'><strong>versentur,</strong></span> <span class='ocrx_word' id='word_1_583' title='bbox 312 4068 485 4132; x_wconf 89' lang='lat' dir='ltr'><strong>eonfirmat</strong></span> <span class='ocrx_word' id='word_1_584' title='bbox 505 4064 590 4131; x_wconf 89' lang='lat' dir='ltr'><strong>hane</strong></span> <span class='ocrx_word' id='word_1_585' title='bbox 612 4066 817 4144; x_wconf 85' lang='lat' dir='ltr'><strong>sententiam,</strong></span> <span class='ocrx_word' id='word_1_586' title='bbox 848 4068 935 4150; x_wconf 91' lang='lat' dir='ltr'><strong>quod</strong></span> <span class='ocrx_word' id='word_1_587' title='bbox 957 4070 1077 4135; x_wconf 89' lang='lat' dir='ltr'><strong>soilioet</strong></span> <span class='ocrx_word' id='word_1_588' title='bbox 1130 4068 1235 4149; x_wconf 88' lang='lat' dir='ltr'><strong>plenis</strong></span> <span class='ocrx_word' id='word_1_589' title='bbox 1250 4068 1359 4135; x_wconf 89' lang='lat' dir='ltr'><strong>buoois</strong></span> <span class='ocrx_word' id='word_1_590' title='bbox 1374 4068 1453 4133; x_wconf 87' lang='lat' dir='ltr'><strong>tales</strong></span> <span class='ocrx_word' id='word_1_591' title='bbox 1468 4067 1703 4150; x_wconf 88' lang='lat' dir='ltr'><strong>blasphemias:</strong></span> <span class='ocrx_word' id='word_1_592' title='bbox 1722 4071 1778 4134; x_wconf 91' lang='lat' dir='ltr'><strong>sed</strong></span> <span class='ocrx_word' id='word_1_593' title='bbox 1798 4075 1865 4134; x_wconf 89' lang='lat' dir='ltr'><strong>tem</strong></span> <span class='ocrx_word' id='word_1_594' title='bbox 1883 4092 2011 4139; x_wconf 86' lang='lat' dir='ltr'><strong>oraesus</strong></span> <span class='ocrx_word' id='word_1_595' title='bbox 2030 4089 2102 4141; x_wconf 87' lang='lat' dir='ltr'><strong>erat</strong></span> 
     </span>
     <span class='ocr_line' id='line_1_62' title="bbox 107 4150 2100 4237; baseline 0.005 -20"><span class='ocrx_word' id='word_1_596' title='bbox 107 4154 260 4231; x_wconf 89' lang='lat' dir='ltr'><strong>dixerint,</strong></span> <span class='ocrx_word' id='word_1_597' title='bbox 290 4151 395 4218; x_wconf 86' lang='lat' dir='ltr'><strong>Denrn</strong></span> <span class='ocrx_word' id='word_1_598' title='bbox 424 4170 486 4216; x_wconf 89' lang='lat' dir='ltr'><strong>non</strong></span> <span class='ocrx_word' id='word_1_599' title='bbox 518 4170 589 4215; x_wconf 82' lang='lat' dir='ltr'><strong>esee.</strong></span> <span class='ocrx_word' id='word_1_600' title='bbox 642 4150 773 4216; x_wconf 91' lang='lat' dir='ltr'><strong>Interea</strong></span> <span class='ocrx_word' id='word_1_601' title='bbox 808 4152 984 4218; x_wconf 86' lang='lat' dir='ltr'><strong>videndum</strong></span> <span class='ocrx_word' id='word_1_602' title='bbox 1018 4165 1078 4236; x_wconf 89' lang='lat' dir='ltr'><strong>est,</strong></span> <span class='ocrx_word' id='word_1_603' title='bbox 1129 4159 1335 4236; x_wconf 77' lang='lat' dir='ltr'><strong>contemptus</strong></span> <span class='ocrx_word' id='word_1_604' title='bbox 1358 4154 1589 4237; x_wconf 84' lang='lat' dir='ltr'><strong>prophetarum</strong></span> <span class='ocrx_word' id='word_1_605' title='bbox 1606 4154 1692 4236; x_wconf 91' lang='lat' dir='ltr'><strong>apud</strong></span> <span class='ocrx_word' id='word_1_606' title='bbox 1708 4173 1773 4234; x_wconf 87' lang='lat' dir='ltr'><strong>soe,</strong></span> <span class='ocrx_word' id='word_1_607' title='bbox 1796 4162 1833 4221; x_wconf 90' lang='lat' dir='ltr'><strong>ut</strong></span> <span class='ocrx_word' id='word_1_608' title='bbox 1847 4157 1881 4221; x_wconf 92' lang='lat' dir='ltr'><strong>in</strong></span> <span class='ocrx_word' id='word_1_609' title='bbox 1904 4166 1972 4224; x_wconf 90' lang='lat' dir='ltr'><strong>tota</strong></span> <span class='ocrx_word' id='word_1_610' title='bbox 1990 4181 2100 4226; x_wconf 91' lang='lat' dir='ltr'><strong>eorum</strong></span> 
     </span>
     <span class='ocr_line' id='line_1_63' title="bbox 107 4237 2099 4326; baseline 0.002 -19"><span class='ocrx_word' id='word_1_611' title='bbox 107 4263 166 4307; x_wconf 89' lang='lat' dir='ltr'><strong>eur</strong></span> <span class='ocrx_word' id='word_1_612' title='bbox 199 4250 265 4304; x_wconf 89' lang='lat' dir='ltr'><strong>tem</strong></span> <span class='ocrx_word' id='word_1_613' title='bbox 299 4258 399 4320; x_wconf 78' lang='lat' dir='ltr'><strong>grave</strong></span> <span class='ocrx_word' id='word_1_614' title='bbox 431 4246 462 4301; x_wconf 93' lang='lat' dir='ltr'><strong>et</strong></span> <span class='ocrx_word' id='word_1_615' title='bbox 500 4246 595 4300; x_wconf 90' lang='lat' dir='ltr'><strong>atrox</strong></span> <span class='ocrx_word' id='word_1_616' title='bbox 627 4238 751 4302; x_wconf 91' lang='lat' dir='ltr'><strong>orimen</strong></span> <span class='ocrx_word' id='word_1_617' title='bbox 791 4237 855 4302; x_wconf 93' lang='lat' dir='ltr'><strong>illis</strong></span> <span class='ocrx_word' id='word_1_618' title='bbox 887 4239 1077 4323; x_wconf 86' lang='lat' dir='ltr'><strong>exprobret:</strong></span> <span class='ocrx_word' id='word_1_619' title='bbox 1129 4239 1200 4304; x_wconf 84' lang='lat' dir='ltr'><strong>vita</strong></span> <span class='ocrx_word' id='word_1_620' title='bbox 1232 4240 1312 4306; x_wconf 88' lang='lat' dir='ltr'><strong>haee</strong></span> <span class='ocrx_word' id='word_1_621' title='bbox 1341 4240 1492 4323; x_wconf 86' lang='lat' dir='ltr'><strong>impietas</strong></span> <span class='ocrx_word' id='word_1_622' title='bbox 1525 4241 1604 4305; x_wconf 87' lang='lat' dir='ltr'><strong>satis</strong></span> <span class='ocrx_word' id='word_1_623' title='bbox 1637 4241 1810 4322; x_wconf 89' lang='lat' dir='ltr'><strong>oonspioua</strong></span> <span class='ocrx_word' id='word_1_624' title='bbox 1843 4252 1937 4308; x_wconf 87' lang='lat' dir='ltr'><strong>esset.</strong></span> <span class='ocrx_word' id='word_1_625' title='bbox 1987 4245 2099 4326; x_wconf 88' lang='lat' dir='ltr'><strong>Quare</strong></span> 
     </span>
     <span class='ocr_line' id='line_1_64' title="bbox 108 4321 2098 4409; baseline 0.003 -20"><span class='ocrx_word' id='word_1_626' title='bbox 108 4345 225 4407; x_wconf 90' lang='lat' dir='ltr'><strong>nempe</strong></span> <span class='ocrx_word' id='word_1_627' title='bbox 258 4326 335 4406; x_wconf 89' lang='lat' dir='ltr'><strong>quia</strong></span> <span class='ocrx_word' id='word_1_628' title='bbox 366 4321 532 4389; x_wconf 77' lang='lat' dir='ltr'><strong>iactabant</strong></span> <span class='ocrx_word' id='word_1_629' title='bbox 564 4341 600 4385; x_wconf 86' lang='lat' dir='ltr'><strong>se</strong></span> <span class='ocrx_word' id='word_1_630' title='bbox 631 4322 794 4390; x_wconf 87' lang='lat' dir='ltr'><strong>immunes</strong></span> <span class='ocrx_word' id='word_1_631' title='bbox 822 4324 892 4389; x_wconf 84' lang='lat' dir='ltr'><strong>iore</strong></span> <span class='ocrx_word' id='word_1_632' title='bbox 913 4346 934 4390; x_wconf 90' lang='lat' dir='ltr'><strong>a</strong></span> <span class='ocrx_word' id='word_1_633' title='bbox 954 4327 1077 4408; x_wconf 89' lang='lat' dir='ltr'><strong>poenis,</strong></span> <span class='ocrx_word' id='word_1_634' title='bbox 1129 4324 1288 4408; x_wconf 87' lang='lat' dir='ltr'><strong>propheta</strong></span> <span class='ocrx_word' id='word_1_635' title='bbox 1310 4346 1376 4391; x_wconf 91' lang='lat' dir='ltr'><strong>non</strong></span> <span class='ocrx_word' id='word_1_636' title='bbox 1400 4326 1457 4390; x_wconf 89' lang='lat' dir='ltr'><strong>abs</strong></span> <span class='ocrx_word' id='word_1_637' title='bbox 1486 4345 1521 4388; x_wconf 91' lang='lat' dir='ltr'><strong>re</strong></span> <span class='ocrx_word' id='word_1_638' title='bbox 1550 4346 1623 4390; x_wconf 89' lang='lat' dir='ltr'><strong>reos</strong></span> <span class='ocrx_word' id='word_1_639' title='bbox 1651 4327 1779 4409; x_wconf 89' lang='lat' dir='ltr'><strong>peragit</strong></span> <span class='ocrx_word' id='word_1_640' title='bbox 1802 4332 1868 4391; x_wconf 89' lang='lat' dir='ltr'><strong>tam</strong></span> <span class='ocrx_word' id='word_1_641' title='bbox 1897 4329 2008 4394; x_wconf 83' lang='lat' dir='ltr'><strong>foedae</strong></span> <span class='ocrx_word' id='word_1_642' title='bbox 2037 4333 2098 4395; x_wconf 92' lang='lat' dir='ltr'><strong>im·</strong></span> 
     </span>
     <span class='ocr_line' id='line_1_65' title="bbox 108 4407 2098 4495; baseline 0.004 -20"><span class='ocrx_word' id='word_1_643' title='bbox 108 4432 189 4494; x_wconf 89' lang='lat' dir='ltr'><strong>quae</strong></span> <span class='ocrx_word' id='word_1_644' title='bbox 211 4410 446 4474; x_wconf 88' lang='lat' dir='ltr'><strong>minitabantur</strong></span> <span class='ocrx_word' id='word_1_645' title='bbox 474 4407 661 4490; x_wconf 87' lang='lat' dir='ltr'><strong>prophetae.</strong></span> <span class='ocrx_word' id='word_1_646' title='bbox 705 4408 865 4476; x_wconf 87' lang='lat' dir='ltr'><strong>Videmus</strong></span> <span class='ocrx_word' id='word_1_647' title='bbox 891 4431 968 4494; x_wconf 87' lang='lat' dir='ltr'><strong>ergo</strong></span> <span class='ocrx_word' id='word_1_648' title='bbox 998 4414 1075 4495; x_wconf 89' lang='lat' dir='ltr'><strong>quid</strong></span> <span class='ocrx_word' id='word_1_649' title='bbox 1129 4412 1270 4493; x_wconf 88' lang='lat' dir='ltr'><strong>pietatis,</strong></span> <span class='ocrx_word' id='word_1_650' title='bbox 1300 4411 1384 4494; x_wconf 91' lang='lat' dir='ltr'><strong>quod</strong></span> <span class='ocrx_word' id='word_1_651' title='bbox 1414 4409 1537 4476; x_wconf 82' lang='lat' dir='ltr'><strong>seilicet</strong></span> <span class='ocrx_word' id='word_1_652' title='bbox 1559 4409 1705 4474; x_wconf 79' lang='lat' dir='ltr'><strong>diberent</strong></span> <span class='ocrx_word' id='word_1_653' title='bbox 1727 4411 1900 4495; x_wconf 78' lang='lat' dir='ltr'><strong>propbetas</strong></span> <span class='ocrx_word' id='word_1_654' title='bbox 1921 4416 1956 4479; x_wconf 85' lang='lat' dir='ltr'><strong>in</strong></span> <span class='ocrx_word' id='word_1_655' title='bbox 1976 4422 2098 4482; x_wconf 68' lang='lat' dir='ltr'><strong>remum</strong></span> 
     </span>
     <span class='ocr_line' id='line_1_66' title="bbox 107 4493 2096 4584; baseline 0.003 -23"><span class='ocrx_word' id='word_1_656' title='bbox 107 4496 236 4561; x_wconf 87' lang='lat' dir='ltr'><strong>obiieiat</strong></span> <span class='ocrx_word' id='word_1_657' title='bbox 257 4495 322 4559; x_wconf 90' lang='lat' dir='ltr'><strong>illis</strong></span> <span class='ocrx_word' id='word_1_658' title='bbox 344 4493 507 4571; x_wconf 88' lang='lat' dir='ltr'><strong>Ieremias,</strong></span> <span class='ocrx_word' id='word_1_659' title='bbox 531 4512 648 4574; x_wconf 88' lang='lat' dir='ltr'><strong>nempe</strong></span> <span class='ocrx_word' id='word_1_660' title='bbox 669 4505 891 4576; x_wconf 90' lang='lat' dir='ltr'><strong>oontemptum</strong></span> <span class='ocrx_word' id='word_1_661' title='bbox 914 4518 980 4561; x_wconf 87' lang='lat' dir='ltr'><strong>una</strong></span> <span class='ocrx_word' id='word_1_662' title='bbox 1002 4518 1075 4563; x_wconf 91' lang='lat' dir='ltr'><strong>eum</strong></span> <span class='ocrx_word' id='word_1_663' title='bbox 1128 4496 1278 4562; x_wconf 81' lang='lat' dir='ltr'><strong>obituros.</strong></span> <span class='ocrx_word' id='word_1_664' title='bbox 1323 4495 1604 4577; x_wconf 78' lang='lat' dir='ltr'><strong>Quemadmodum</strong></span> <span class='ocrx_word' id='word_1_665' title='bbox 1628 4494 1723 4561; x_wconf 90' lang='lat' dir='ltr'><strong>hodie</strong></span> <span class='ocrx_word' id='word_1_666' title='bbox 1750 4500 1850 4562; x_wconf 89' lang='lat' dir='ltr'><strong>etiam</strong></span> <span class='ocrx_word' id='word_1_667' title='bbox 1879 4501 1983 4565; x_wconf 89' lang='lat' dir='ltr'><strong>maior</strong></span> <span class='ocrx_word' id='word_1_668' title='bbox 2012 4523 2096 4584; x_wconf 91' lang='lat' dir='ltr'><strong>pare,</strong></span> 
     </span>
     <span class='ocr_line' id='line_1_67' title="bbox 108 4579 2096 4663; baseline 0.003 -17"><span class='ocrx_word' id='word_1_669' title='bbox 108 4580 338 4646; x_wconf 90' lang='lat' dir='ltr'><strong>obstinatione:</strong></span> <span class='ocrx_word' id='word_1_670' title='bbox 377 4588 472 4644; x_wconf 88' lang='lat' dir='ltr'><strong>erant</strong></span> <span class='ocrx_word' id='word_1_671' title='bbox 505 4579 592 4644; x_wconf 85' lang='lat' dir='ltr'><strong>enim</strong></span> <span class='ocrx_word' id='word_1_672' title='bbox 626 4581 731 4645; x_wconf 88' lang='lat' dir='ltr'><strong>seeuri</strong></span> <span class='ocrx_word' id='word_1_673' title='bbox 771 4582 929 4646; x_wconf 87' lang='lat' dir='ltr'><strong>adversus</strong></span> <span class='ocrx_word' id='word_1_674' title='bbox 962 4603 1076 4648; x_wconf 89' lang='lat' dir='ltr'><strong>omnes</strong></span> <span class='ocrx_word' id='word_1_675' title='bbox 1129 4583 1185 4645; x_wconf 91' lang='lat' dir='ltr'><strong>ubi</strong></span> <span class='ocrx_word' id='word_1_676' title='bbox 1208 4590 1300 4647; x_wconf 91' lang='lat' dir='ltr'><strong>tonat</strong></span> <span class='ocrx_word' id='word_1_677' title='bbox 1322 4583 1421 4659; x_wconf 88' lang='lat' dir='ltr'><strong>Deus,</strong></span> <span class='ocrx_word' id='word_1_678' title='bbox 1445 4592 1477 4647; x_wconf 92' lang='lat' dir='ltr'><strong>et</strong></span> <span class='ocrx_word' id='word_1_679' title='bbox 1499 4583 1594 4663; x_wconf 87' lang='lat' dir='ltr'><strong>signa</strong></span> <span class='ocrx_word' id='word_1_680' title='bbox 1616 4581 1778 4648; x_wconf 84' lang='lat' dir='ltr'><strong>vindiotae</strong></span> <span class='ocrx_word' id='word_1_681' title='bbox 1800 4605 1877 4649; x_wconf 89' lang='lat' dir='ltr'><strong>suae</strong></span> <span class='ocrx_word' id='word_1_682' title='bbox 1898 4587 1932 4649; x_wconf 93' lang='lat' dir='ltr'><strong>in</strong></span> <span class='ocrx_word' id='word_1_683' title='bbox 1956 4587 2096 4652; x_wconf 91' lang='lat' dir='ltr'><strong>medium</strong></span> 
     </span>
     <span class='ocr_line' id='line_1_68' title="bbox 107 4664 2096 4754; baseline 0.004 -23"><span class='ocrx_word' id='word_1_684' title='bbox 107 4668 214 4732; x_wconf 90' lang='lat' dir='ltr'><strong>minas</strong></span> <span class='ocrx_word' id='word_1_685' title='bbox 237 4666 453 4749; x_wconf 77' lang='lat' dir='ltr'><strong>propheticas.</strong></span> <span class='ocrx_word' id='word_1_686' title='bbox 497 4665 664 4747; x_wconf 89' lang='lat' dir='ltr'><strong>Propheta</strong></span> <span class='ocrx_word' id='word_1_687' title='bbox 685 4664 763 4731; x_wconf 91' lang='lat' dir='ltr'><strong>dieit</strong></span> <span class='ocrx_word' id='word_1_688' title='bbox 791 4665 853 4733; x_wconf 92' lang='lat' dir='ltr'><strong>hoo</strong></span> <span class='ocrx_word' id='word_1_689' title='bbox 882 4668 963 4731; x_wconf 94' lang='lat' dir='ltr'><strong>nihil</strong></span> <span class='ocrx_word' id='word_1_690' title='bbox 987 4668 1076 4735; x_wconf 89' lang='lat' dir='ltr'><strong>aliud</strong></span> <span class='ocrx_word' id='word_1_691' title='bbox 1129 4668 1252 4750; x_wconf 87' lang='lat' dir='ltr'><strong>profert</strong></span> <span class='ocrx_word' id='word_1_692' title='bbox 1273 4689 1331 4750; x_wconf 87' lang='lat' dir='ltr'><strong>per</strong></span> <span class='ocrx_word' id='word_1_693' title='bbox 1353 4688 1465 4735; x_wconf 78' lang='lat' dir='ltr'><strong>servos</strong></span> <span class='ocrx_word' id='word_1_694' title='bbox 1493 4688 1578 4748; x_wconf 91' lang='lat' dir='ltr'><strong>suos,</strong></span> <span class='ocrx_word' id='word_1_695' title='bbox 1607 4665 1702 4749; x_wconf 88' lang='lat' dir='ltr'><strong>ridet,</strong></span> <span class='ocrx_word' id='word_1_696' title='bbox 1732 4689 1770 4734; x_wconf 91' lang='lat' dir='ltr'><strong>ao</strong></span> <span class='ocrx_word' id='word_1_697' title='bbox 1789 4689 1901 4735; x_wconf 91' lang='lat' dir='ltr'><strong>seeure</strong></span> <span class='ocrx_word' id='word_1_698' title='bbox 1924 4670 2096 4754; x_wconf 89' lang='lat' dir='ltr'><strong>depellite</strong></span> 
     </span>
     <span class='ocr_line' id='line_1_69' title="bbox 107 4751 2095 4842; baseline 0.003 -24"><span class='ocrx_word' id='word_1_699' title='bbox 107 4773 188 4829; x_wconf 90' lang='lat' dir='ltr'><strong>esse,</strong></span> <span class='ocrx_word' id='word_1_700' title='bbox 219 4772 315 4834; x_wconf 87' lang='lat' dir='ltr'><strong>quam</strong></span> <span class='ocrx_word' id='word_1_701' title='bbox 337 4773 471 4834; x_wconf 91' lang='lat' dir='ltr'><strong>prorsus</strong></span> <span class='ocrx_word' id='word_1_702' title='bbox 500 4753 661 4835; x_wconf 84' lang='lat' dir='ltr'><strong>abnegare</strong></span> <span class='ocrx_word' id='word_1_703' title='bbox 690 4752 810 4816; x_wconf 91' lang='lat' dir='ltr'><strong>Deum.</strong></span> <span class='ocrx_word' id='word_1_704' title='bbox 863 4751 900 4818; x_wconf 86' lang='lat' dir='ltr'><strong>Si</strong></span> <span class='ocrx_word' id='word_1_705' title='bbox 932 4775 1076 4822; x_wconf 89' lang='lat' dir='ltr'><strong>essemus</strong></span> <span class='ocrx_word' id='word_1_706' title='bbox 1128 4774 1163 4818; x_wconf 87' lang='lat' dir='ltr'><strong>se</strong></span> <span class='ocrx_word' id='word_1_707' title='bbox 1178 4774 1306 4818; x_wconf 92' lang='lat' dir='ltr'><strong>omnem</strong></span> <span class='ocrx_word' id='word_1_708' title='bbox 1325 4763 1457 4819; x_wconf 86' lang='lat' dir='ltr'><strong>metum.</strong></span> <span class='ocrx_word' id='word_1_709' title='bbox 1488 4752 1529 4833; x_wconf 89' lang='grc' dir='ltr'><strong>Ο,</strong></span> <span class='ocrx_word' id='word_1_710' title='bbox 1546 4759 1623 4819; x_wconf 92' lang='lat' dir='ltr'><strong>sunt</strong></span> <span class='ocrx_word' id='word_1_711' title='bbox 1639 4755 1752 4822; x_wconf 86' lang='lat' dir='ltr'><strong>verba:</strong></span> <span class='ocrx_word' id='word_1_712' title='bbox 1771 4776 1847 4820; x_wconf 91' lang='lat' dir='ltr'><strong>nam</strong></span> <span class='ocrx_word' id='word_1_713' title='bbox 1863 4777 1923 4839; x_wconf 89' lang='lat' dir='ltr'><strong>pro</strong></span> <span class='ocrx_word' id='word_1_714' title='bbox 1940 4766 2095 4842; x_wconf 86' lang='lat' dir='ltr'><strong>suggestu</strong></span> 
     </span>
     <span class='ocr_line' id='line_1_70' title="bbox 107 4837 2095 4919; baseline 0.004 -16"><span class='ocrx_word' id='word_1_715' title='bbox 107 4839 247 4915; x_wconf 81' lang='lat' dir='ltr'><strong>iudices,</strong></span> <span class='ocrx_word' id='word_1_716' title='bbox 286 4837 431 4902; x_wconf 88' lang='lat' dir='ltr'><strong>definitio</strong></span> <span class='ocrx_word' id='word_1_717' title='bbox 463 4848 572 4919; x_wconf 90' lang='lat' dir='ltr'><strong>posset</strong></span> <span class='ocrx_word' id='word_1_718' title='bbox 606 4837 686 4903; x_wconf 87' lang='lat' dir='ltr'><strong>haee</strong></span> <span class='ocrx_word' id='word_1_719' title='bbox 718 4838 811 4903; x_wconf 90' lang='lat' dir='ltr'><strong>nobie</strong></span> <span class='ocrx_word' id='word_1_720' title='bbox 842 4838 946 4904; x_wconf 90' lang='lat' dir='ltr'><strong>videri</strong></span> <span class='ocrx_word' id='word_1_721' title='bbox 978 4843 1076 4907; x_wconf 91' lang='lat' dir='ltr'><strong>nimie</strong></span> <span class='ocrx_word' id='word_1_722' title='bbox 1126 4839 1255 4904; x_wconf 86' lang='lat' dir='ltr'><strong>fortiter</strong></span> <span class='ocrx_word' id='word_1_723' title='bbox 1276 4847 1309 4904; x_wconf 88' lang='lat' dir='ltr'><strong>et</strong></span> <span class='ocrx_word' id='word_1_724' title='bbox 1331 4838 1529 4906; x_wconf 88' lang='lat' dir='ltr'><strong>horrendum</strong></span> <span class='ocrx_word' id='word_1_725' title='bbox 1552 4841 1586 4906; x_wconf 90' lang='lat' dir='ltr'><strong>in</strong></span> <span class='ocrx_word' id='word_1_726' title='bbox 1615 4841 1747 4907; x_wconf 92' lang='lat' dir='ltr'><strong>modum</strong></span> <span class='ocrx_word' id='word_1_727' title='bbox 1777 4842 1949 4907; x_wconf 80' lang='lat' dir='ltr'><strong>fulminant</strong></span> <span class='ocrx_word' id='word_1_728' title='bbox 1970 4845 2095 4910; x_wconf 84' lang='lat' dir='ltr'><strong>aeneio·</strong></span> 
     </span>
     <span class='ocr_line' id='line_1_71' title="bbox 107 4922 2094 5011; baseline 0.004 -22"><span class='ocrx_word' id='word_1_729' title='bbox 107 4944 239 5008; x_wconf 88' lang='lat' dir='ltr'><strong>aspera:</strong></span> <span class='ocrx_word' id='word_1_730' title='bbox 270 4923 328 4988; x_wconf 88' lang='lat' dir='ltr'><strong>sed</strong></span> <span class='ocrx_word' id='word_1_731' title='bbox 349 4922 502 4987; x_wconf 90' lang='lat' dir='ltr'><strong>standum</strong></span> <span class='ocrx_word' id='word_1_732' title='bbox 529 4933 698 5005; x_wconf 87' lang='lat' dir='ltr'><strong>astatque</strong></span> <span class='ocrx_word' id='word_1_733' title='bbox 719 4922 988 5006; x_wconf 84' lang='lat' dir='ltr'><strong>aoquieseendum</strong></span> <span class='ocrx_word' id='word_1_734' title='bbox 1011 4929 1075 5011; x_wconf 90' lang='lat' dir='ltr'><strong>epi·</strong></span> <span class='ocrx_word' id='word_1_735' title='bbox 1127 4940 1274 4990; x_wconf 87' lang='lat' dir='ltr'><strong>natores:</strong></span> <span class='ocrx_word' id='word_1_736' title='bbox 1307 4926 1362 4991; x_wconf 92' lang='lat' dir='ltr'><strong>sed</strong></span> <span class='ocrx_word' id='word_1_737' title='bbox 1397 4925 1458 4991; x_wconf 90' lang='lat' dir='ltr'><strong>hoo</strong></span> <span class='ocrx_word' id='word_1_738' title='bbox 1491 4934 1594 4991; x_wconf 90' lang='lat' dir='ltr'><strong>totum</strong></span> <span class='ocrx_word' id='word_1_739' title='bbox 1628 4937 1808 5005; x_wconf 78' lang='lat' dir='ltr'><strong>evanesoet,</strong></span> <span class='ocrx_word' id='word_1_740' title='bbox 1841 4936 1874 4992; x_wconf 88' lang='lat' dir='ltr'><strong>et</strong></span> <span class='ocrx_word' id='word_1_741' title='bbox 1907 4929 2027 4995; x_wconf 83' lang='lat' dir='ltr'><strong>residet</strong></span> <span class='ocrx_word' id='word_1_742' title='bbox 2058 4932 2094 4996; x_wconf 94' lang='lat' dir='ltr'><strong>in</strong></span> 
     </span>
     <span class='ocr_line' id='line_1_72' title="bbox 108 5009 2093 5095; baseline 0.004 -21"><span class='ocrx_word' id='word_1_743' title='bbox 108 5013 190 5076; x_wconf 89' lang='lat' dir='ltr'><strong>ritus</strong></span> <span class='ocrx_word' id='word_1_744' title='bbox 212 5010 317 5075; x_wconf 86' lang='lat' dir='ltr'><strong>saneti</strong></span> <span class='ocrx_word' id='word_1_745' title='bbox 339 5010 529 5074; x_wconf 88' lang='lat' dir='ltr'><strong>sententiae.</strong></span> <span class='ocrx_word' id='word_1_746' title='bbox 574 5009 618 5072; x_wconf 80' lang='lat' dir='ltr'><strong>Ilt</strong></span> <span class='ocrx_word' id='word_1_747' title='bbox 646 5009 699 5074; x_wconf 91' lang='lat' dir='ltr'><strong>hio</strong></span> <span class='ocrx_word' id='word_1_748' title='bbox 729 5009 819 5074; x_wconf 87' lang='lat' dir='ltr'><strong>loeus</strong></span> <span class='ocrx_word' id='word_1_749' title='bbox 847 5009 987 5094; x_wconf 86' lang='lat' dir='ltr'><strong>insignis</strong></span> <span class='ocrx_word' id='word_1_750' title='bbox 1017 5023 1076 5093; x_wconf 90' lang='lat' dir='ltr'><strong>est,</strong></span> <span class='ocrx_word' id='word_1_751' title='bbox 1125 5010 1270 5093; x_wconf 89' lang='lat' dir='ltr'><strong>ipsorum</strong></span> <span class='ocrx_word' id='word_1_752' title='bbox 1298 5013 1404 5094; x_wconf 85' lang='lat' dir='ltr'><strong>eapite</strong></span> <span class='ocrx_word' id='word_1_753' title='bbox 1433 5012 1590 5095; x_wconf 90' lang='lat' dir='ltr'><strong>quidquid</strong></span> <span class='ocrx_word' id='word_1_754' title='bbox 1618 5015 1709 5081; x_wconf 92' lang='lat' dir='ltr'><strong>nobis</strong></span> <span class='ocrx_word' id='word_1_755' title='bbox 1739 5013 1943 5079; x_wconf 87' lang='lat' dir='ltr'><strong>denuntiant.</strong></span> <span class='ocrx_word' id='word_1_756' title='bbox 1986 5015 2093 5082; x_wconf 92' lang='lat' dir='ltr'><strong>Hodie</strong></span> 
     </span>
     <span class='ocr_line' id='line_1_73' title="bbox 108 5095 2092 5182; baseline 0.003 -22"><span class='ocrx_word' id='word_1_757' title='bbox 108 5096 195 5160; x_wconf 91' lang='lat' dir='ltr'><strong>unde</strong></span> <span class='ocrx_word' id='word_1_758' title='bbox 227 5095 379 5178; x_wconf 89' lang='lat' dir='ltr'><strong>oolligere</strong></span> <span class='ocrx_word' id='word_1_759' title='bbox 411 5095 487 5159; x_wconf 88' lang='lat' dir='ltr'><strong>lieet</strong></span> <span class='ocrx_word' id='word_1_760' title='bbox 518 5104 719 5176; x_wconf 88' lang='lat' dir='ltr'><strong>quantopere</strong></span> <span class='ocrx_word' id='word_1_761' title='bbox 751 5095 954 5161; x_wconf 89' lang='lat' dir='ltr'><strong>abominetur</strong></span> <span class='ocrx_word' id='word_1_762' title='bbox 983 5097 1075 5164; x_wconf 91' lang='lat' dir='ltr'><strong>Deus</strong></span> <span class='ocrx_word' id='word_1_763' title='bbox 1126 5099 1276 5163; x_wconf 85' lang='lat' dir='ltr'><strong>videmus</strong></span> <span class='ocrx_word' id='word_1_764' title='bbox 1298 5097 1397 5182; x_wconf 87' lang='lat' dir='ltr'><strong>vulgo</strong></span> <span class='ocrx_word' id='word_1_765' title='bbox 1419 5100 1539 5164; x_wconf 89' lang='lat' dir='ltr'><strong>multos</strong></span> <span class='ocrx_word' id='word_1_766' title='bbox 1561 5100 1688 5182; x_wconf 92' lang='lat' dir='ltr'><strong>impios,</strong></span> <span class='ocrx_word' id='word_1_767' title='bbox 1718 5108 1751 5164; x_wconf 89' lang='lat' dir='ltr'><strong>et</strong></span> <span class='ocrx_word' id='word_1_768' title='bbox 1772 5098 1923 5180; x_wconf 84' lang='lat' dir='ltr'><strong>profanos</strong></span> <span class='ocrx_word' id='word_1_769' title='bbox 1946 5099 2092 5166; x_wconf 90' lang='lat' dir='ltr'><strong>homines</strong></span> 
     </span>
     <span class='ocr_line' id='line_1_74' title="bbox 107 5178 2091 5268; baseline 0.003 -23"><span class='ocrx_word' id='word_1_770' title='bbox 107 5202 220 5246; x_wconf 89' lang='lat' dir='ltr'><strong>eorum</strong></span> <span class='ocrx_word' id='word_1_771' title='bbox 241 5181 430 5261; x_wconf 81' lang='lat' dir='ltr'><strong>socordiam,</strong></span> <span class='ocrx_word' id='word_1_772' title='bbox 459 5182 514 5262; x_wconf 91' lang='lat' dir='ltr'><strong>qui</strong></span> <span class='ocrx_word' id='word_1_773' title='bbox 537 5178 755 5245; x_wconf 90' lang='lat' dir='ltr'><strong>obdureseunt</strong></span> <span class='ocrx_word' id='word_1_774' title='bbox 783 5191 897 5246; x_wconf 90' lang='lat' dir='ltr'><strong>eontra</strong></span> <span class='ocrx_word' id='word_1_775' title='bbox 927 5184 996 5249; x_wconf 93' lang='lat' dir='ltr'><strong>eius</strong></span> <span class='ocrx_word' id='word_1_776' title='bbox 1017 5185 1076 5249; x_wconf 92' lang='lat' dir='ltr'><strong>mi·</strong></span> <span class='ocrx_word' id='word_1_777' title='bbox 1126 5203 1258 5266; x_wconf 83' lang='lat' dir='ltr'><strong>erepere</strong></span> <span class='ocrx_word' id='word_1_778' title='bbox 1290 5182 1477 5249; x_wconf 89' lang='lat' dir='ltr'><strong>huiusmodi</strong></span> <span class='ocrx_word' id='word_1_779' title='bbox 1510 5185 1657 5251; x_wconf 86' lang='lat' dir='ltr'><strong>ludibria.</strong></span> <span class='ocrx_word' id='word_1_780' title='bbox 1710 5184 1916 5268; x_wconf 81' lang='lat' dir='ltr'><strong>Quanquam,</strong></span> <span class='ocrx_word' id='word_1_781' title='bbox 1949 5196 1986 5250; x_wconf 88' lang='lat' dir='ltr'><strong>ut</strong></span> <span class='ocrx_word' id='word_1_782' title='bbox 2015 5184 2091 5265; x_wconf 90' lang='lat' dir='ltr'><strong>dixi,</strong></span> 
     </span>
     <span class='ocr_line' id='line_1_75' title="bbox 107 5265 2092 5357; baseline 0.004 -27"><span class='ocrx_word' id='word_1_783' title='bbox 107 5289 176 5344; x_wconf 85' lang='lat' dir='ltr'><strong>nae,</strong></span> <span class='ocrx_word' id='word_1_784' title='bbox 203 5271 237 5331; x_wconf 90' lang='lat' dir='ltr'><strong>st</strong></span> <span class='ocrx_word' id='word_1_785' title='bbox 258 5288 316 5349; x_wconf 91' lang='lat' dir='ltr'><strong>pro</strong></span> <span class='ocrx_word' id='word_1_786' title='bbox 338 5266 441 5330; x_wconf 92' lang='lat' dir='ltr'><strong>nihilo</strong></span> <span class='ocrx_word' id='word_1_787' title='bbox 471 5265 593 5332; x_wconf 90' lang='lat' dir='ltr'><strong>duonnt</strong></span> <span class='ocrx_word' id='word_1_788' title='bbox 622 5265 776 5332; x_wconf 81' lang='lat' dir='ltr'><strong>iuditium</strong></span> <span class='ocrx_word' id='word_1_789' title='bbox 807 5267 916 5349; x_wconf 90' lang='lat' dir='ltr'><strong>ipsius.</strong></span> <span class='ocrx_word' id='word_1_790' title='bbox 961 5269 1075 5353; x_wconf 88' lang='lat' dir='ltr'><strong>Neque</strong></span> <span class='ocrx_word' id='word_1_791' title='bbox 1126 5269 1197 5335; x_wconf 90' lang='lat' dir='ltr'><strong>fieri</strong></span> <span class='ocrx_word' id='word_1_792' title='bbox 1219 5277 1335 5352; x_wconf 85' lang='lat' dir='ltr'><strong>potest,</strong></span> <span class='ocrx_word' id='word_1_793' title='bbox 1364 5277 1400 5334; x_wconf 92' lang='lat' dir='ltr'><strong>ut</strong></span> <span class='ocrx_word' id='word_1_794' title='bbox 1421 5268 1533 5336; x_wconf 86' lang='lat' dir='ltr'><strong>Iudaei</strong></span> <span class='ocrx_word' id='word_1_795' title='bbox 1562 5292 1629 5336; x_wconf 93' lang='lat' dir='ltr'><strong>non</strong></span> <span class='ocrx_word' id='word_1_796' title='bbox 1651 5272 1721 5337; x_wconf 90' lang='lat' dir='ltr'><strong>ausi</strong></span> <span class='ocrx_word' id='word_1_797' title='bbox 1751 5273 1872 5336; x_wconf 84' lang='lat' dir='ltr'><strong>fuerint</strong></span> <span class='ocrx_word' id='word_1_798' title='bbox 1895 5281 1959 5335; x_wconf 88' lang='lat' dir='ltr'><strong>tam</strong></span> <span class='ocrx_word' id='word_1_799' title='bbox 1982 5283 2092 5357; x_wconf 88' lang='lat' dir='ltr'><strong>aperte</strong></span> 
     </span>
    </p>
   </div>
   <div class='ocr_carea' id='block_1_11' title="bbox 109 3893 1079 3977">
    <p class='ocr_par' dir='ltr' id='par_1_12' title="bbox 109 3893 1079 3977">
     <span class='ocr_line' id='line_1_76' title="bbox 109 3893 1079 3977; baseline 0.001 -15"><span class='ocrx_word' id='word_1_800' title='bbox 109 3899 240 3962; x_wconf 87' lang='lat' dir='ltr'><strong>videtur</strong></span> <span class='ocrx_word' id='word_1_801' title='bbox 261 3895 394 3961; x_wconf 89' lang='lat' dir='ltr'><strong>modum</strong></span> <span class='ocrx_word' id='word_1_802' title='bbox 416 3893 582 3976; x_wconf 74' lang='lat' dir='ltr'><strong>excedere,</strong></span> <span class='ocrx_word' id='word_1_803' title='bbox 613 3914 715 3976; x_wconf 90' lang='lat' dir='ltr'><strong>quum</strong></span> <span class='ocrx_word' id='word_1_804' title='bbox 736 3895 894 3977; x_wconf 86' lang='lat' dir='ltr'><strong>propheta</strong></span> <span class='ocrx_word' id='word_1_805' title='bbox 924 3896 1001 3962; x_wconf 90' lang='lat' dir='ltr'><strong>dioit</strong></span> <span class='ocrx_word' id='word_1_806' title='bbox 1023 3899 1079 3964; x_wconf 91' lang='lat' dir='ltr'><strong>ab·</strong></span> 
     </span>
    </p>
   </div>
   <div class='ocr_carea' id='block_1_12' title="bbox 0 0 2396 5970">
    <p class='ocr_par' dir='ltr' id='par_1_13' title="bbox 0 0 2396 5970">
     <span class='ocr_line' id='line_1_77' title="bbox 0 0 2396 5970; baseline 0 4"><span class='ocrx_word' id='word_1_807' title='bbox 0 0 2396 5970; x_wconf 95' lang='lat' dir='ltr'><strong> </strong></span> 
     </span>
    </p>
   </div>
  </div>
 </body>
</html>
