4784 5970
143 341 208 405 585
870 339 920 405 IN
944 339 1193 405 lamentant.
1238 337 1336 405 caP.
1359 339 1419 403 IV.
2079 338 2142 404 586

140 528 200 592 1155
222 532 374 610 spargat:
397 524 453 591 555
476 547 559 608 5555
581 527 732 592 absumat
754 525 911 610 quidquid
933 536 983 591 est
1004 527 1038 591 15
1062 546 1116 609 55-
1168 535 1351 604 momente,
1385 534 1441 589 aut
1470 525 1587 591 551155
1617 525 1736 609 exiguo
1766 528 1927 606 tempore,
1960 530 2062 591 15155
2085 527 2141 594 In·

140 612 228 695 pulo.
273 611 353 677 Ideo
375 612 534 694 adiungit,
558 609 745 695 (cohaerent
766 613 854 677 enim
877 611 931 676 isti
955 612 1020 677 duo
1042 633 1117 676 ver·
1168 612 1282 676 daeam
1305 610 1429 692 perdat.
1474 609 1558 675 Nam
1590 610 1710 676 551555
1740 619 1863 691 555515
1891 611 1935 675 511
1963 613 2142 693 pernieitas

139 717 196 763 sus
216 695 328 782 simul)
357 694 474 762 Ventus
488 696 1117 779 5155155,155511,5515511551155,11115
1168 698 1201 760 15
1225 696 1337 761 551515
1361 694 1497 779 5551155.
1544 695 1764 761 0151155155
1787 694 1961 776 555551151
1981 697 2143 767 celeriores

141 784 248 848 555151.
293 780 1114 865 5111555551,511111515515,11555515155151
1165 783 1234 864 fore
1255 779 1398 846 51551155
1419 779 1549 863 aquilis.
1582 779 1678 845 Nune
1700 793 1849 846 tenemus
1871 782 2049 863 prophetae
2067 806 2141 850 sen·

141 868 197 934 sed
219 867 330 951 potius
352 867 574 948 eomparative
596 869 752 944 sumitur,
783 867 869 948 qued
892 868 1014 932 seilieet
1037 889 1115 933 veu-
1167 888 1250 931 555.
1294 866 1379 930 Nam
1404 886 1505 948 5555
1526 864 1639 931 Iudaei
1667 864 1844 930 illuderent
1871 867 1971 931 minis
2001 869 2140 951 prophe·

141 961 194 1017 155
217 953 270 1017 1115
292 952 394 1017 55115
415 953 480 1015 5511
501 953 654 1035 asperior,
676 961 734 1018 551
756 953 885 1018 saevior
904 952 976 1017 aliis
993 955 1113 1030 ventis,
1167 951 1248 1028 tinia,
1272 951 1437 1016 1551511551
1454 949 1517 1016 1155
1535 953 1621 1017 inter
1639 950 1718 1014 alia:
1740 948 1781 1032 O,
1804 950 2141 1020 5555511551515555

140 1039 195 1118 qui
218 1037 322 1102 solent
344 1056 485 1119 purgare
508 1046 639 1116 terram,
666 1037 716 1103 vel
739 1046 892 1103 exuetere
913 1037 1113 1120 quisquilias,
1167 1036 1372 1116 epulabimur
1393 1036 1472 1101 laeti
1494 1049 1527 1098 et
1550 1035 1685 1100 hilares:
1709 1036 1886 1117 prophetae
1904 1037 1959 1101 isti
1979 1059 2044 1103 non
2063 1062 2140 1105 eon·

140 1133 389 1204 etsepararea
412 1122 531 1186 1511155.
572 1121 689 1187 Ventus
711 1143 789 1206 erge
811 1125 871 1188 erit
890 1122 985 1188 555115
1005 1123 1111 1188 15555-
1166 1122 1288 1186 555551
1321 1121 1413 1186 nobis
1445 1120 1591 1185 induoias
1625 1122 1723 1185 unius
1755 1119 1872 1200 berae,
1907 1124 1998 1205 atqui
2029 1125 2141 1205 plures

141 1208 259 1273 lentior.
305 1205 349 1271 Et
369 1207 482 1285 555151,
512 1208 636 1288 155511,
665 1207 755 1272 milti.
800 1208 874 1272 Non
897 1207 1008 1273 dubito
1031 1209 1112 1290 quin
1167 1209 1245 1270 anni
1274 1207 1413 1271 effluent
1445 1214 1618 1288 antequam
1653 1206 1773 1270 malum
1808 1227 1867 1271 nos
1902 1206 2140 1290 deprehendat:

140 1291 232 1357 Deus
253 1291 308 1358 1115
329 1292 492 1374 loquatur.
536 1291 604 1356 Alii
628 1304 743 1376 putant
767 1293 959 1374 prophetam
985 1291 1039 1357 hio
1061 1314 1113 1356 re·
1167 1290 1439 1373 quemadmodum
1481 1290 1577 1355 115515
1612 1290 1761 1355 5155555
1802 1294 1953 1372 profanos
1992 1294 2140 1361 hemines

140 1388 350 1460 praesentare
371 1385 474 1441 totum
496 1377 606 1460 populi
629 1398 758 1459 eorpus,
787 1388 819 1441 et
848 1389 1015 1460 exponunt
1038 1398 1114 1441 ven·
1166 1377 1280 1441 ludere
1302 1396 1377 1441 eum
1402 1377 1483 1441 Deo.
1520 1376 1611 1440 ¹Nam
1635 1376 1762 1440 etiamsi
1785 1396 1850 1440 nen
1874 1379 2001 1457 possint
2022 1380 2056 1443 in
2088 1391 2137 1446 te·

141 1473 251 1526 turum
275 1471 521 1540 asserentum,
555 1463 609 1545 551
632 1463 736 1527 irruat
763 1476 876 1527 eontra
904 1465 1001 1544 ipsos.
1047 1462 1112 1527 Sed
1167 1472 1236 1525 tum
1267 1471 1475 1526 eontemnere
1505 1461 1590 1541 quod
1619 1461 1712 1525 Deus
1740 1460 1806 1526 11115
1834 1463 1995 1542 5155155,
2030 1473 2139 1530 15555

139 1545 201 1611 1155
234 1548 332 1612 51515
364 1556 510 1613 aoaetum
544 1556 642 1612 esset.
687 1548 815 1612 Deinde
849 1547 1006 1612 refellitur
1032 1547 1111 1612 illud
1166 1546 1346 1611 extrahunt
1369 1556 1506 1627 tempus,
1530 1555 1758 1626 5155155155
1781 1546 2138 1630 aliquidlaeereluari,

139 1642 360 1697 555555155
383 1634 452 1713 1555
475 1642 640 1697 55515515.
675 1632 789 1715 Neque
811 1634 897 1697 enim
916 1637 1112 1715 competeret
1167 1631 1244 1695 dnm
1278 1631 1483 1712 suspendunt
1515 1630 1679 1695 515515155
1713 1645 1849 1712 tempus.
1904 1632 1997 1696 Haeo
2038 1636 2139 1717 igitur

140 1718 175 1780 in
197 1717 389 1799 prophetam
412 1717 495 1799 5555
519 1717 677 1799 sequitur,
701 1718 795 1783 Natta
810 1718 976 1798 proferam
992 1718 1113 1782 1551515
1166 1717 1249 1781 ratio
1270 1728 1320 1782 est
1352 1737 1410 1781 eur
1436 1714 1595 1797 propheta
1630 1716 1715 1780 dieat
1748 1716 1812 1779 iam
1847 1737 2037 1784 aseensuros
2069 1741 2139 1786 esse

139 1807 245 1868 eontra
275 1803 373 1883 15555.
425 1801 491 1868 Η15
523 1823 601 1886 erge
634 1801 726 1868 Dens
760 1822 819 1883 pre
851 1803 966 1868 1551515
997 1803 1112 1880 5111515,
1166 1822 1282 1867 eurrus
1304 1802 1377 1881 Dei,
1402 1801 1664 1882 Qttemadmedom
1685 1800 1781 1866 eadee
1800 1808 1988 1885 5555555551
2007 1811 2140 1889 repente,

140 1889 331 1967 prenuntiat
351 1898 486 1951 ventum
518 1896 647 1969 praesto
679 1887 741 1952 eibi
774 1890 860 1965 iere,
892 1908 956 1970 quo
979 1888 1114 1968 dissipet
1165 1886 1288 1968 inquit:
1311 1884 1426 1950 deinde
1444 1885 1714 1967 quemadmodum
1740 1885 1837 1951 turbo
1854 1888 2002 1951 exoritur
2023 1909 2138 1955 sereno

139 1984 238 2053 atque
260 1981 387 2037 evertat
408 1982 511 2036 tetam
533 1971 701 2048 Iudaeam,
731 1994 798 2037 nen
822 1973 962 2053 5551155
984 1983 1111 2057 purget.
1165 1992 1249 2037 aere.
1294 1972 1464 2036 Postremo
1484 1970 1642 2035 5515515555
1663 1972 1757 2034 diam
1777 1971 1847 2052 fore
1868 1972 1997 2053 5551115,
2021 1995 2137 2055 nempe

141 2061 249 2138 Atque
276 2058 324 2120 ita
351 2056 461 2134 55551,
494 2055 678 2121 Chaldaeos
707 2078 772 2121 non
801 2069 917 2139 sponte
948 2069 1111 2131 ventures,
1164 2057 1200 2119 in
1222 2057 1378 2122 continuo
1395 2055 1466 2137 ipso
1483 2059 1600 2120 155515.
1635 2055 2138 2137 Γ115555551551151555515551

140 2141 352 2222 5555555155
381 2143 448 2206 fore
481 2141 522 2206 ad
553 2142 761 2223 exsequenda
793 2164 853 2207 aua
886 2145 988 2207 iussa:
1021 2142 1113 2224 quasi
1166 2141 1266 2206 151155
1289 2141 1562 2223 555511555155,
1592 2139 1657 2204 Vae
1673 2139 1771 2219 55515,
1792 2141 1869 2220 5515
1885 2162 1996 2207 samue
2007 2143 2137 2223 perditi.

141 2224 262 2291 dieeret
283 2246 318 2291 se
339 2226 408 2290 1555
431 2235 577 2290 5515155
596 2226 756 2291 5515155
775 2226 931 2305 555155,
955 2248 1038 2308 5555
1060 2227 1114 2292 Iu·
1165 2226 1231 2292 Hie
1252 2226 1380 2291 aeneiae
1401 2225 1546 2306 loquitur
1567 2234 1604 2288 51
1626 2225 1752 2302 555551,
1785 2234 1850 2289 155
1873 2228 2136 2310 pseudoprophe-

141 2310 230 2377 daeis
262 2312 460 2392 impendent.
513 2310 619 2377 Veniet
650 2311 751 2394 igitur
783 2311 865 2376 151111
895 2317 1021 2377 5551551
1053 2311 1114 2376 1155
1166 2321 1225 2388 155,
1243 2331 1341 2393 5555
1361 2312 1515 2392 populum
1535 2311 1641 2391 ipsum
1660 2309 1694 2374 in
1712 2311 1888 2391 pernitiem
1907 2332 2001 2376 snam
2017 2334 2136 2392 errare,

140 2406 200 2476 est,
230 2404 360 2477 praesto
382 2397 501 2475 aderit,
534 2407 572 2461 ut
600 2397 764 2462 55555115
791 2400 872 2462 5515
901 2396 1111 2478 obtemperet.
1166 2396 1243 2460 dnm
1267 2395 1626 2460 11515551515515515
1648 2394 1763 2472 55115,
1793 2403 1826 2460 51
1854 2398 2045 2462 existimant
2074 2400 2135 2463 im·

140 2481 286 2545 Tandem
309 2480 459 2562 adiungit
480 2481 694 2562 expositionis
717 2484 797 2559 5155,
825 2482 911 2547 1555
931 2484 1114 2565 555155555
1165 2501 1253 2562 pune
1283 2480 1343 2545 sibi
1373 2478 1561 2545 1515111515
1591 2480 1779 2545 soeordiam.
1825 2479 1999 2548 Exelamat
2027 2484 2136 2568 igitur,

139 2567 260 2631 1551515
281 2566 448 2631 55511115.
492 2567 598 2649 Loqui
619 2567 738 2632 1551515
760 2576 809 2632 551
831 2587 982 2632 exeruere
1003 2577 1113 2649 partes
1166 2568 1314 2649 5555515
1336 2586 1449 2630 omnes
1471 2575 1579 2630 essent
1600 2576 1679 2630 1555
1701 2565 1831 2646 stupidi,
1853 2566 2009 2648 populum
2029 2570 2135 2650 ipsum

139 2651 270 2726 indieis‚
305 2651 486 2716 55115155
510 2671 642 2727 555555,
671 2652 723 2715 551
747 2654 848 2717 511515
875 2650 915 2715 55
944 2651 1111 2717 dicendam
1166 2671 1238 2716 5555
1259 2648 1431 2732 perditum.
1475 2648 1619 2714 'Pandam
1643 2651 1798 2733 sequitur,

140 2755 290 2801 eausam:
314 2735 587 2816 quemadmodum
610 2736 707 2799 etiam
732 2757 766 2800 re
791 2736 1000 2802 esdiountur
1023 2737 1112 2820 15551

140 2820 276 2899 1551515,
314 2819 368 2884 ubi
410 2841 481 2886 reos
520 2830 644 2902 augunt
683 2818 724 2883 55
764 2758 935 2886 11555555
971 2842 1111 2886 eausam.
1252 2820 1302 2884 14.
1337 2819 1462 2884 Munda
1489 2840 1511 2882 a
1538 2818 1665 2885 15511115
1692 2839 1744 2885 cor
1768 2823 1856 2882 15515
1879 2818 2068 2903 Ierusalem,
2101 2828 2137 2888 51

140 2904 314 2988 8155111551
336 2905 371 2968 15
393 2925 520 2970 55555
543 2907 633 2969 Dens
655 2925 690 2970 se
712 2927 807 2971 nsum
831 2907 930 2971 luisse
955 2906 1112 2971 haetenus
1164 2905 1255 2970 55155
1275 2906 1339 2970 515,·
1370 2923 1526 2986 quousque
1546 2904 1770 2969 5555155115
1787 2905 1888 2970 medio
1914 2907 2136 2989 1515555115

139 2990 527 3073 1555515151551155155
547 2989 700 3054 ludaeos:
722 2991 875 3073 quoniam
894 2998 1003 3056 55155
1023 2990 1113 3055 51551
1164 3011 1218 3055 555
1240 2991 1391 3056 eastitatis
1412 2990 1508 3053 tuae?
1551 2988 1630 3073 (Alii
1653 2997 1799 3067 5511551,
1823 2988 1943 3055 5515115
1970 2992 2034 3056 tui:
2067 2993 2135 3073 alii,

140 3096 233 3140 suam
256 3074 495 3158 indulgentiam
524 3074 607 3139 nihil
637 3075 807 3155 prodesse,
836 3077 913 3160 quin
944 3076 1049 3159 magis
1075 3096 1113 3142 aa
1164 3074 1840 3157 555555155551155155515111,111155115ῑὶ5,
1862 3075 2135 3163 5551555155.

139 3161 244 3243 magia
273 3160 448 3238 fereeiant,
481 3160 672 3241 pronuntiat
704 3180 740 3224 se
771 3162 836 3225 155
870 3161 940 3225 1555
973 3162 1111 3226 1551555
1755 3197 1757 3201 v

140 3244 279 3320 illorum,
302 3245 498 3327 55555551
515 3244 637 3310 seelera
656 3243 838 3311 uleiseatur.
872 3246 993 3311 Postea
1010 3244 1111 3324 addit,
1249 3245 1315 3309 Hie
1336 3245 1400 3309 iam
1424 3245 1582 3326 propheta
1604 3243 1739 3323 diserte,
1772 3253 1868 3309 etex
1890 3245 2036 3327 professo
2058 3247 2134 3313 hor·

1165 3339 1253 3397 tatur
1274 3330 1429 3411 populum
1452 3328 1493 3394 ad
1516 3331 1781 3411 resipiscentiam.
1826 3329 1937 3408 Quum
1958 3342 2066 3396 55155
2089 3333 2137 3398 iu·

227 3412 277 3477 13.
310 3412 389 3479 Eece
416 3419 565 3496 15555515
592 3415 687 3480 nubea
719 3415 873 3494 ascendet,
906 3421 935 3481 et
961 3421 1112 3498 tanquam
1164 3415 1218 3480 bet
1237 3415 1416 3480 Ierusalem
1439 3415 1588 3480 1555555
1608 3414 1730 3479 5511115
1760 3434 1813 3479 cor
1840 3435 1953 3495 saum,
1982 3421 2017 3479 51
2045 3417 2135 3484 55155

138 3499 227 3564 tarto
248 3519 360 3564 555555
389 3501 473 3565 5155·
506 3499 666 3566 caeterea
691 3501 810 3582 5551115
838 3502 910 3583 5551
937 3502 1022 3567 51551
1056 3521 1112 3567 555
1162 3503 1213 3576 511,
1235 3497 1819 3574 55155511551155555555555155,
1841 3500 2135 3566 515115555511155-

138 3584 234 3664 nobie,
256 3585 333 3666 5515
349 3584 469 3667 perditi
489 3604 610 3651 551555.
1163 3592 1218 3650 155
1247 3583 1359 3649 155551
1381 3582 1470 3648 Dee:
1505 3583 1568 3650 1155
1595 3593 1704 3648 55155
1731 3604 1797 3648 555
1827 3603 1920 3664 55555
1948 3585 2037 3667 fieri,
2071 3587 2134 3652 nisi

1162 3670 1355 3751 resipiseant
1384 3690 1404 3733 5
1429 3669 1496 3734 5515
1519 3666 1703 3734 seeleribns.
1748 3667 1889 3733 Dixerat
1918 3671 2018 3752 prius,
2049 3670 2134 3737 irato

224 3753 290 3818 Hie
308 3754 469 3834 propheta
489 3754 613 3820 olandit
635 3775 732 3819 5555
756 3756 945 3821 5511515155
965 3758 1049 3840 5555
1068 3759 1110 3823 55
1163 3758 1233 3821 Deo
1255 3756 1325 3820 fieri
1351 3775 1416 3819 nen
1438 3774 1532 3835 posse
1554 3753 1634 3835 quin
1658 3755 1775 3817 misere
1802 3756 1961 3834 perirent:
1996 3755 2133 3821 eandem

138 3839 334 3920 gravitatem
356 3839 520 3904 vindietae
542 3837 789 3922 exprimendam
812 3850 944 3921 5555151.
989 3842 1109 3908 Multas
1161 3841 1356 3907 sententiam
1380 3861 1468 3905 nuno
1491 3840 1678 3915 eonfirmat,
1715 3835 1754 3904 Ut
1775 3837 1866 3905 55155
1887 3840 1949 3917 515,
1981 3840 2055 3906 1555
2083 3862 2133 3907 cor

138 3933 248 3987 antem
266 3922 497 3988 similitudines
516 3923 569 3988 hie
587 3924 679 4005 penit
696 3944 778 4004 quae
797 3926 942 3989 excitent
959 3926 1108 4004 Iudaeos,
1159 3933 1249 3992 1555
1272 3947 1294 3990 5
1313 3926 1453 3990 malitia:
1483 3924 1575 4005 55551
1597 3922 1735 3998 5155151,
1762 3923 1884 3989 bellum
1908 3945 1979 3989 esse
2002 3924 2133 3993 ludaeis

138 4015 171 4071 et
193 4015 313 4090 eogant
340 4005 380 4070 55
412 4008 572 4071 1155155.
617 4007 706 4070 Dieit
734 4027 846 4073 curras
874 4008 938 4075 Dei
966 4017 1110 4078 venturae
1161 4034 1235 4080 eum
1256 4013 1346 4076 Deo:
1380 4010 1514 4074 minime
1537 4016 1644 4074 autem
1668 4007 1861 4089 sperandam
1883 4028 1953 4074 esse
1980 4008 2131 4090 salutem,

137 4097 289 4173 15555515
310 4091 405 4156 nabes
431 4096 459 4155 et
485 4096 635 4173 tunquam
662 4090 832 4158 1555155151
866 4095 982 4160 551555
1008 4116 1109 4178 55555
1161 4119 1261 4181 5555
1285 4105 1430 4162 5155155
1458 4095 1501 4160 511
1529 4095 1564 4158 15
1596 4093 1727 4158 1115555
1753 4093 1930 4175 551515155
1961 4095 2066 4173 Deus,
2099 4110 2132 4162 et

136 4179 207 4242 eius
238 4177 416 4242 5515515555
449 4196 519 4240 5555
552 4177 678 4258 5551115.
730 4177 898 4259 Quantum
931 4178 972 4243 ad
1006 4180 1109 4247 nubes
1163 4183 1320 4248 51551555
1352 4202 1387 4246 55
1409 4181 1558 4245 55155551
1585 4176 1626 4242 55
1653 4176 1820 4260 55515555
1850 4198 1961 4243 55555
1992 4181 2130 4247 seelera:

137 4261 1108 4349 5555151,5115551555,515551155511551555555515
1160 4268 1256 4332 simul
1286 4268 1438 4331 5555551
1466 4264 1571 4346 555115
1599 4284 1679 4328 5515
1708 4265 1752 4327 511
1788 4264 2005 4345 poenitentiae
2038 4268 2131 4341 ratio,

137 4359 187 4412 est
208 4349 308 4412 trium
330 4347 582 4412 similitudinum
605 4347 702 4433 ratio)
724 4369 791 4414 non
810 4347 944 4415 dubium
962 4359 1012 4415 551
1028 4355 1107 4435 5515
1160 4373 1275 4434 55555
1294 4353 1324 4416 51
1346 4352 1427 4416 15551
1446 4370 1498 4415 eor
1514 4369 1608 4414 55551
1624 4370 1644 4412 5
1659 4348 1792 4413 malitia.
1827 4348 2029 4432 Hypoeritae
2044 4351 2131 4415 5515

136 4431 297 4513 propheta
328 4433 526 4497 celeritatem
561 4430 725 4497 515515155
759 4434 822 4498 Dei
854 4435 1016 4517 designet:
1051 4437 1108 4503 sod
1160 4458 1289 4520 semper
1317 4438 1435 4500 551551
1462 4435 1556 4499 111515
1579 4435 1650 4498 Deo
1680 4454 1738 4515 per
1766 4443 1919 4498 externos
1946 4435 2044 4509 ritus,
2079 4436 2131 4499 vel

137 4515 259 4598 aliquid
281 4524 389 4581 15555
419 4529 469 4583 551
498 4517 706 4582 diseriminis.
751 4517 911 4583 Videmus
940 4528 977 4583 ut
1006 4523 1108 4587 nubes
1160 4534 1289 4608 gestus:
1311 4520 1471 4604 propheta
1492 4527 1602 4584 autem
1624 4516 1783 4596 ostendit,
1816 4540 1882 4583 non
1905 4538 1998 4599 posse
2021 4519 2130 4585 Deum

137 4615 270 4682 repente
309 4603 514 4678 exoriantur,
555 4613 589 4666 et
628 4610 786 4685 ooeupent
828 4613 933 4667 totum
972 4606 1106 4672 eoelum.
1160 4608 1292 4690 pletori,
1315 4606 1379 4671 nisi
1401 4627 1443 4671 ex
1465 4605 1574 4669 animo
1597 4602 1638 4668 ad
1657 4604 1765 4686 ipsum
1782 4603 1925 4668 redeant.
1959 4601 2131 4685 signifieat

136 4688 210 4752 Hoe
239 4693 348 4751 autem
377 4689 431 4767 fit,
464 4688 520 4753 nbi
543 4688 638 4753 turbo
660 4708 767 4752 aerem
793 4688 975 4769 permiscet.
1020 4691 1109 4773 Ergo
1160 4714 1237 4775 ergo
1259 4691 1388 4755 initium
1411 4711 1506 4754 55555
1529 4689 1749 4771 poenitentiae
1771 4709 1842 4753 esse
1865 4689 1898 4750 in
1922 4687 2039 4751 affeetu
2060 4708 2130 4753 eor·

136 4773 213 4839 dum
237 4772 378 4837 nubibus
399 4782 432 4836 et
453 4773 576 4839 turbini
594 4773 716 4838 eonfert
738 4772 800 4838 Dei
818 4793 943 4856 eurrus,
976 4781 1108 4842 tantun·
1160 4777 1220 4843 dis.
1282 4776 1445 4840 'Penemua
1484 4774 1662 4857 prophetae
1708 4774 1890 4838 eonsilium.
1946 4772 2130 4849 Caeterum,

136 4858 211 4924 dem
234 4858 295 4923 hoa
315 4857 404 4921 55151
425 4876 463 4923 55
484 4859 511 4923 51
529 4857 651 4924 5155551
668 4858 873 4938 5555511555
892 4858 960 4923 lore
977 4859 1106 4927 initium
1160 4863 1277 4927 inseite
1302 4861 1539 4925 ratioeinantur
1568 4859 1624 4940 qni
1655 4856 1771 4922 velunt
1797 4857 2030 4939 poenitentiam
2061 4880 2131 4924 5555

135 4944 253 5011 eladis:
285 4943 360 5024 5515
386 4941 478 5007 Deus
510 4963 552 5006 ex
584 4943 751 5024 inopinato
784 4954 973 5026 eonsurget,
1007 4965 1108 5025 quum
1160 4967 1291 5012 oausam
1314 4945 1446 5022 salutis,
1474 4945 1549 5027 quia
1571 4943 1705 5019 dieitur,
1736 4942 1782 5008 Ut
1804 4942 1896 5006 55155
1925 4942 1986 5019 515,
2016 4942 2130 5007 15555

135 5031 227 5095 51555
254 5026 354 5092 luerit
385 5028 440 5092 diu
474 5027 624 5093 dormire.
668 5027 739 5090 Iam
773 5047 873 5109 quum
906 5028 984 5094 51511
1016 5052 1109 5111 55555
1159 5032 1286 5096 5511115
1307 5049 1364 5095 551·
1385 5038 1488 5093 1555.
1526 5030 1570 5093 Et
1593 5028 1739 5111 55515155
1761 5028 1923 5109 arripiunt
1945 5027 2027 5092 15155
2045 5029 2130 5093 looes

135 5114 200 5180 Dei
219 5113 378 5179 celerima
397 5114 465 5195 fore
486 5111 618 5194 5551115,
647 5111 812 5195 signifieat
842 5112 924 5176 nihil
947 5114 1015 5180 fere
1037 5117 1107 5181 Deo
1159 5125 1197 5181 ut
1218 5114 1385 5181 stabiliant·
1406 5112 1543 5178 liberum
1567 5113 1756 5195 arbitrium,
1786 5123 1819 5176 51
1839 5112 2012 5178 ostendant
2034 5113 2130 5177 satis·

136 5200 275 5283 negotii,
309 5198 365 5264 ubi
387 5198 486 5263 semel
509 5196 685 5279 inoeperit,
719 5197 891 5280 quominus
921 5199 1014 5281 quasi
1042 5222 1107 5266 uno
1160 5201 1352 5266 factionibus
1368 5201 1487 5264 nostris
1502 5198 1623 5263 aboleri
1639 5207 1779 5280 5555515,
1803 5207 1835 5263 51
1850 5216 1985 5282 555555
2002 5196 2128 5263 redimi.
