4784 5970
188 381 229 445 63
593 445 596 451 ,
1061 375 1110 440 ΙΝ
1132 375 1299 444 ISAIAM

188 569 266 632 ldeo
288 574 429 631 testatur
451 566 503 631 hie
527 565 684 648 propheta
706 563 873 630 Christum
902 564 982 630 adeo
1005 575 1157 630 constan-

188 667 255 717 tem
278 652 353 732 lore,
382 662 417 717 ut
439 653 641 717 vocationem
664 673 756 717 suam
779 651 819 715 ad
842 661 1027 716 extremum
1050 671 1158 733 perse·

188 747 315 821 quatur.
354 737 428 818 Quo
450 736 547 802 etiam
571 738 722 822 exemplo
745 739 835 801 nobis
858 737 933 801 forti
956 739 1066 801 animo
1087 755 1157 819 per·

188 822 404 889 severendum
435 833 492 887 est.
539 821 652 905 Legem
681 823 734 888 hio
762 824 879 904 accipit
907 843 967 904 pro
993 823 1157 888 doctrina:

188 908 459 994 quemadmodum
480 909 578 972 etiam
593 908 753 974 Hebraeis
772 929 791 972 a
806 908 948 973 docendo
965 907 1157 991 appellatur.

188 999 299 1077 Atque
332 993 378 1058 sio
412 993 589 1077 prophetae
623 994 662 1058 de
694 993 856 1078 evangelii
889 993 1038 1059 doctrina
1070 993 1158 1076 loqui

189 1081 311 1161 solent,
344 1089 381 1143 ut
410 1077 586 1143 ostendant
618 1081 721 1161 ipsam
752 1101 857 1163 neque
887 1100 1019 1161 novam,
1054 1099 1158 1162 neque

189 1167 328 1231 alienam
351 1186 371 1228 a
393 1165 485 1229 Mose
508 1166 651 1229 suturam
675 1186 754 1230 esse.

274 1292 443 1377 (Imulue.)
487 1293 586 1357 Prius
615 1292 851 1358 declaravimus
880 1294 1005 1358 insulas
1026 1293 1067 1357 ab
1089 1292 1157 1356 He·

189 1379 296 1444 brucis
335 1380 444 1442 vocari
484 1380 720 1442 transmarinas
759 1380 916 1461 regiones.
976 1377 1160 1445 Confirmat

189 1474 299 1530 autem
323 1465 481 1546 propheta
502 1464 704 1545 superiorem
726 1465 931 1542 seutentiam,
954 1485 1020 1547 qua
1038 1463 1159 1529 dictum

188 1564 254 1633 est,
287 1549 456 1614 Christum
488 1570 553 1613 non
584 1549 713 1613 Iudaeis
744 1559 888 1626 tantum,
922 1550 979 1615 sed
1008 1549 1161 1633 gentibus

189 1656 318 1717 quoque
351 1635 548 1699 destinatum
583 1653 670 1699 esse:
709 1637 839 1699 tametsi
872 1635 954 1699 nihil
987 1655 1160 1700 commune

189 1721 348 1785 habereut
376 1740 450 1785 oum
474 1721 586 1802 politia
608 1719 813 1784 Iudaeorum.
861 1722 911 1785 Ad
934 1741 1047 1785 omnes
1070 1721 1160 1785 deoi-

189 1828 253 1889 que
271 1806 418 1870 nationes
440 1807 580 1887 pertinet
596 1806 660 1870 ista
678 1806 864 1887 promissio:
888 1816 924 1870 ut
941 1828 1052 1871 omnes
1073 1807 1160 1871 orbis

191 1904 299 1976 partes
322 1891 419 1955 huius
441 1892 656 1956 restitutionis
685 1904 783 1973 atque
807 1893 1044 1957 reformationis
1075 1894 1161 1956 fruc·

191 1990 263 2043 tum
292 1978 482 2059 percipiant.
528 1976 746 2058 Exspectaudi
776 1999 901 2059 quoque
928 1979 1027 2043 verbo
1061 1979 1161 2062 signi·

191 2064 269 2130 ficat
291 2064 409 2128 eleetos
432 2062 525 2127 avide
550 2077 756 2145 suscepturos
785 2065 992 2146 evangelium
1021 2064 1083 2128 sibi
1105 2062 1160 2128 ob·

191 2150 304 2214 latum.
353 2149 437 2213 Nam
468 2148 500 2212 in
534 2170 572 2213 eo
603 2147 765 2212 Dominus
798 2149 951 2231 patefacit
983 2150 1050 2213 vim
1083 2170 1161 2214 suae

192 2235 376 2310 electionis,
422 2233 506 2314 quod
539 2235 594 2316 qui
628 2235 660 2297 io
695 2232 836 2298 tenebris
870 2234 1023 2298 errabant
1063 2235 1162 2298 simul

192 2331 289 2402 atque
315 2321 477 2402 evangelii
499 2340 610 2384 vocem
635 2320 781 2395 audiunt,
810 2340 881 2383 eam
904 2340 1033 2384 summo
1056 2320 1162 2385 studio

162 2451 164 2454 -
192 2407 445 2487 amplectuntur,
479 2426 516 2471 ao
539 2407 667 2469 tametsi
697 2406 787 2485 prius
814 2405 1003 2468 aberrarent
1025 2414 1063 2469 ut
1084 2427 1162 2470 oves

194 2492 369 2573 dissipatae
400 2512 437 2555 ac
466 2491 532 2555 fere
562 2490 719 2572 perditae,
753 2505 861 2554 tamen
892 2491 1029 2572 pastoris
1053 2511 1162 2555 vocem

192 2578 301 2642 statim
324 2576 471 2653 audiunt,
493 2597 592 2658 seque
615 2575 753 2640 libenter
771 2576 801 2638 ei
819 2575 1032 2640 submittunt:
1056 2597 1165 2658 quem-

193 2662 367 2726 admodum
395 2662 492 2726 etiam
517 2662 669 2726 Christus
694 2663 765 2744 ipse
788 2662 1023 2744 pronuntiavit.
1068 2663 1163 2728 Unde

193 2749 398 2831 agnoscimus
421 2748 625 2812 verissimum
648 2768 718 2812 esse
736 2747 817 2811 illud
833 2748 1020 2831 Augustini,
1043 2749 1163 2830 pleras-

193 2854 257 2916 que
279 2854 357 2898 oves
380 2843 475 2897 extra
496 2832 605 2897 caulas
628 2853 736 2916 agere,
759 2855 858 2914 quum
881 2834 952 2916 lupi
974 2834 1063 2898 intra
1085 2855 1161 2899 oau-

193 2920 241 2983 las
275 2939 511 3001 saepenumero
549 2917 706 2983 habitent.
765 2919 916 2983 Attentio
954 2941 1049 3001 porro
1083 2921 1162 2983 haec

193 3026 276 3085 opus
296 3005 357 3068 Dei
376 3016 435 3082 est,
458 3004 536 3067 dum
561 3003 710 3068 homiues
731 3005 786 3084 qui
808 3024 922 3085 sapere
941 3027 975 3069 se
994 3007 1161 3086 putabant,

193 3092 325 3172 proprio
354 3111 452 3152 sensu
480 3089 590 3153 valere
623 3091 728 3166 iusso,
762 3099 937 3154 accurrunt
966 3091 1006 3153 ad
1036 3090 1161 3155 discen·

194 3176 271 3240 dum
293 3175 418 3240 Christi
449 3174 672 3259 evangelium,
703 3188 738 3238 ut
765 3176 821 3237 toti
851 3175 976 3240 abhoc
1005 3177 1161 3259 magistro

192 3261 366 3343 pendeant.

2147 375 2193 440 64

1210 565 1301 629 varie
1323 569 1469 640 exornat,
1497 576 1534 628 ut
1555 564 1660 649 ipsum
1684 567 1777 633 facile
1798 565 1941 648 collapsa
1963 575 1996 630 et
2018 575 2190 647 prostrata

1209 651 1319 714 omnia
1341 651 1533 714 restiturum
1556 651 1706 725 sciamus.

1295 737 1325 801 6.
1356 735 1440 885 gigo
1470 735 1584 801 Ietas
1612 739 1719 803 uocaui
1744 742 1772 802 te
1798 738 1834 801 ιιι
1860 734 2006 821 iustitio)
2055 734 2188 800 Iterum

1211 823 1328 906 repetit
1391 823 1420 885 ei
1452 843 1579 898 nomen,
1614 824 1648 885 in
1679 843 1743 906 quo
1776 821 2000 887 subaudienda
2033 832 2115 886 suut
2149 839 2188 884 ea

1210 927 1293 989 quae
1316 909 1477 990 expressit
1504 909 1672 989 superiore
1702 929 1798 972 vorsu
1828 907 1868 970 de
1897 907 2043 991 potentia
2071 907 2187 989 ipsius.

1211 992 1320 1077 Vulgo
1342 1001 1459 1075 putant
1482 994 1657 1058 vocationis
1679 992 1803 1060 Christi
1825 994 1926 1057 finem
1949 991 2065 1069 notari,
2097 991 2184 1074 quod

1210 1078 1329 1144 missus
1351 1079 1394 1142 sit
1416 1098 1435 1141 a
1458 1088 1549 1159 patre
1572 1092 1610 1142 ut
1638 1079 1795 1143 iustitiam
1824 1078 1984 1144 stabiliret
2013 1079 2103 1142 iuter
2125 1077 2187 1141 ho·

1209 1163 1323 1228 mines.
1374 1164 1425 1228 Ea
1454 1165 1541 1229 enim
1572 1164 1719 1229 destituti
1756 1176 1832 1229 sunt
1864 1163 2019 1246 quamdiu
2049 1163 2187 1228 Christo

1209 1257 1338 1313 carent:
1361 1249 1575 1331 omnibusque
1594 1249 1751 1314 scelerum
1770 1258 1803 1315 et
1818 1251 1974 1314 vitiorum
1990 1249 2187 1331 corruptelis

1211 1333 1326 1412 dediti,
1361 1334 1421 1399 sub
1452 1334 1626 1418 tyrannide
1655 1334 1795 1400 Satanae
1825 1336 1943 1417 capt-ivi
1974 1345 2063 1399 suut.
2117 1332 2186 1399 Sed

1211 1422 1286 1502 quia
1315 1421 1456 1486 iustitiae
1485 1441 1601 1485 nomen
1632 1420 1730 1486 latius
1762 1428 1861 1503 patet,
1895 1422 2058 1503 argutiam
2093 1420 2186 1483 illam

1212 1507 1338 1570 omitto:
1369 1527 1472 1588 neque
1495 1508 1592 1571 etiam
1616 1506 1736 1572 dieitur
1763 1507 1805 1572 ud
1834 1507 1989 1572 iustitium
2017 1505 2185 1582 amram,

1212 1592 1268 1655 sed
1291 1592 1438 1674 loquutio
1459 1591 1539 1656 haec
1568 1593 1758 1674 simpliciter
1785 1592 1904 1657 resolvi
1934 1591 2031 1657 debet
2060 1593 2095 1654 in
2127 1590 2186 1655 ad·

1213 1678 1360 1742 verbium
1384 1679 1477 1756 iuste,
1501 1677 1554 1741 vel
1574 1689 1696 1744 sancte.
1731 1679 1844 1743 Potius
1863 1678 2011 1760 intelligo
2032 1687 2185 1741 vocatum

1213 1762 1381 1827 Christum
1405 1763 1590 1838 iniustitia,
1613 1763 1699 1846 quod
1721 1764 1868 1847 legitima
1890 1766 1934 1828 sit
1956 1763 2026 1827 eius
2044 1764 2185 1837 vocatio,

1212 1848 1348 1931 ideoque
1377 1848 1502 1913 stabilis
1525 1860 1557 1913 et
1579 1851 1674 1913 firma
1704 1850 1811 1913 futura
1840 1850 1891 1914 sit.
1937 1848 2067 1925 Scimus
2097 1847 2185 1912 enim

1213 1955 1251 1999 ea
1273 1955 1355 2016 quae
1377 1936 1439 1997 rite
1461 1941 1494 1998 et
1511 1933 1623 1998 ordine
1643 1956 1706 1999 non
1730 1937 1824 2010 fiunt,
1848 1934 2000 1999 diuturna
2022 1953 2096 1998 ease
2119 1953 2186 1996 non

1213 2041 1315 2101 posse.
1367 2019 1440 2083 Nisi
1470 2019 1554 2084 forte
1584 2020 1629 2083 ita
1663 2022 1808 2102 accipere
1837 2020 1970 2102 placeat,
2000 2019 2120 2098 Deum,
2148 2031 2187 2083 ut

1213 2105 1383 2170 Christum
1425 2105 1593 2186 praeficiat
1633 2107 1787 2171 ecelesiae
1827 2105 2072 2181 instaurationi,
2117 2125 2185 2168 non

1214 2190 1344 2256 aliunde
1375 2211 1504 2255 causam
1535 2200 1653 2273 petere,
1682 2192 1738 2256 sed
1769 2214 1788 2256 a
1817 2213 1852 2256 se
1881 2193 1960 2273 ipso,
1990 2203 2024 2256 et
2052 2190 2187 2274 propria

1212 2277 1346 2342 iustitia.
1390 2276 1524 2341 Certum
1549 2288 1659 2340 tamen
1681 2291 1740 2352 est,
1762 2277 1970 2341 stabilitatem
1993 2278 2102 2340 notari
2125 2276 2186 2340 hac

1215 2383 1306 2427 voce:
1331 2383 1368 2427 ac
1390 2363 1417 2426 si
1440 2361 1562 2426 dictum
1581 2375 1666 2426 esset
1684 2363 1833 2427 fideliter.
1873 2361 1935 2427 Per
1953 2361 2186 2443 apprehensio·

1214 2469 1288 2511 nem
1313 2469 1429 2511 manus
1451 2448 1604 2530 intelligit
1627 2470 1779 2529 praesens
1808 2447 1965 2513 auxilium
1988 2446 2070 2511 Dei:
2099 2467 2137 2512 ac
2159 2448 2185 2511 si

1215 2534 1352 2598 diceret:
1377 2533 1446 2616 ligo
1470 2547 1501 2597 te
1524 2534 1710 2616 gubernabo
1733 2557 1770 2600 ae
1793 2533 1990 2599 confirmabo
2012 2533 2045 2596 in
2070 2552 2111 2596 es
2134 2553 2187 2596 vo·

1214 2621 1340 2684 catione
1368 2620 1401 2682 in
1432 2639 1493 2700 qua
1522 2633 1553 2683 te
1581 2621 1744 2684 constitui.
1797 2621 1836 2683 In
1867 2640 2004 2701 summa,
2033 2628 2071 2681 ut
2098 2618 2187 2682 iusta

1215 2715 1264 2769 ost
1285 2705 1341 2768 illa
1368 2718 1424 2767 tna
1455 2707 1589 2783 vocatio,
1620 2707 1666 2769 sio
1696 2728 1766 2769 eam
1795 2705 1910 2769 tuebor
1940 2726 1977 2770 ac
2007 2704 2185 2780 sustinebo,

1215 2813 1250 2855 ac
1285 2792 1311 2853 si
1341 2790 1545 2872 apprehensa
1573 2812 1672 2855 manu
1703 2805 1759 2855 tua
1788 2791 1854 2855 dux
1885 2790 1942 2854 tibi
1971 2809 2088 2855 essem.
2141 2789 2187 2854 Et

1215 2876 1350 2940 verbum
1383 2875 1584 2940 custodiendi
1618 2877 1703 2958 quod
1744 2877 1891 2958 proxime
1924 2876 2072 2959 sequitur
2106 2875 2186 2940 satis

1215 2962 1356 3026 declarat
1378 2961 1454 3043 quid
1477 2963 1520 3025 sit
1542 2973 1652 3025 tenere
1683 2984 1798 3026 manu:
1829 2981 1957 3044 nempe,
1990 2963 2036 3026 sic
2064 2959 2185 3044 guber·

1214 3059 1330 3111 natum
1361 3048 1401 3109 iri
1429 3046 1598 3110 Christum
1629 3068 1648 3110 a
1677 3059 1778 3131 patre,
1809 3058 1845 3111 ut
1873 3067 1946 3111 eum
1977 3055 2119 3112 tutorem
2150 3067 2186 3111 ae

1216 3132 1372 3197 vindicem
1393 3131 1520 3209 habeat,
1542 3134 1671 3196 fruatur
1689 3135 1757 3198 eius
1775 3132 1904 3210 auxilio,
1927 3132 2068 3215 denique
2091 3152 2186 3214 prae·

1215 3230 1338 3282 sentem
1360 3218 1467 3298 ipsum
1490 3219 1609 3282 sentiat
1631 3218 1664 3281 in
1687 3220 1845 3283 omnibus.

586 3363 591 3372 ,
1299 3301 1435 3386 (Ponam
1462 3306 1489 3365 te
1510 3304 1545 3368 iu
1571 3304 1704 3389 foedus.)
1746 3305 1817 3368 Iam
1846 3304 2000 3386 exprimit
2028 3321 2185 3386 quorsum

279 3388 309 3453 5.
339 3387 407 3474 (stc
428 3388 503 3454 dicit
525 3387 666 3473 Ichana.)
709 3387 889 3453 Confirmat
916 3387 947 3450 id
972 3388 1055 3468 qood
1080 3388 1163 3451 dixit
1214 3389 1381 3452 custodem
1400 3408 1435 3451 se
1454 3388 1586 3453 Christo
1605 3389 1674 3455 fore
1693 3390 1783 3454 Deus
1803 3390 1980 3473 promittat.
2009 3387 2185 3455 Caeterum

191 3474 288 3540 initio
309 3473 424 3556 capitis
447 3473 485 3538 de
508 3495 608 3558 regno
631 3473 773 3553 Christi,
800 3473 910 3537 omnia
932 3471 1083 3537 videlicet
1105 3494 1163 3556 per
1215 3473 1372 3557 propheta
1394 3472 1544 3539 distincte
1566 3474 1605 3539 de
1628 3475 1760 3540 Iudaeis
1789 3487 1822 3541 et
1851 3475 2002 3558 gentibus
2029 3475 2185 3558 loquutus

192 3560 300 3644 ipsum
334 3557 534 3624 restituenda
569 3569 667 3641 atque
701 3558 915 3625 instauranda
948 3577 1037 3622 esse:
1077 3559 1162 3639 quod
1215 3571 1279 3624 est:
1304 3580 1369 3623 non
1392 3559 1475 3641 quod
1498 3560 1651 3625 differant
1673 3571 1802 3638 natura,
1834 3573 1889 3625 aut
1911 3560 1968 3624 alii
1989 3559 2063 3623 aliis
2092 3581 2186 3642 praa-

193 3667 292 3730 quum
322 3644 511 3711 incredibile
534 3643 637 3708 videri
659 3654 777 3728 posset,
804 3644 1010 3727 magnificam
1034 3644 1087 3708 hio
1109 3644 1163 3709 de·
1216 3646 1388 3711 stantiores
1411 3647 1477 3710 siut
1499 3645 1625 3730 (omnes
1644 3647 1730 3710 enim
1750 3658 1848 3730 egent
1866 3646 1972 3730 gratia
1991 3645 2063 3723 Dei,
2088 3658 2186 3727 atque

193 3731 404 3814 scriptionem
433 3730 605 3795 subiunxit
635 3729 674 3794 de
702 3729 849 3813 potentia
876 3729 956 3793 Dei:
990 3748 1054 3811 qua
1083 3730 1163 3793 fides
1215 3731 1365 3796 omnibus
1393 3733 1577 3813 promiscue
1608 3731 1760 3797 Christus
1790 3733 1926 3796 salutem
1960 3730 2097 3817 attulit),
2129 3728 2187 3796 sed

194 3826 306 3882 nostra
328 3816 513 3880 confirmari
536 3815 639 3890 debet,
669 3837 770 3899 quum
794 3815 984 3899 praesertim
1007 3827 1164 3879 externus
1215 3817 1290 3899 qnia
1312 3817 1442 3881 Iudaeis
1464 3817 1607 3900 primum
1627 3819 1730 3882 locum
1752 3818 1901 3882 attribuit
1918 3817 2092 3893 Dominus,
2115 3816 2186 3881 ideo

193 3923 304 3967 rerum
323 3910 428 3966 status
445 3902 580 3965 omnino
602 3901 801 3967 adversatur.
833 3902 1011 3982 Propterea
1033 3899 1164 3966 adducit
1215 3903 1254 3967 ab
1277 3902 1348 3965 aliis
1371 3904 1493 3967 secerni
1513 3916 1767 3967 consentaneum
1791 3904 1860 3967 fuit.
1901 3903 1989 3984 Ergo
2008 3914 2185 3985 antequam

194 3998 306 4069 aperta
335 3986 529 4052 documenta
559 3988 722 4071 potentiae
750 3987 830 4067 Dei,
862 3997 899 4050 ut
929 4005 1041 4050 eorum
1075 4007 1162 4052 com·
1208 3988 1325 4052 'diruta
1347 3998 1433 4051 esset
1456 3990 1604 4063 maceria,
1628 4010 1692 4052 non
1709 4009 1767 4054 suo
1784 3991 1910 4068 merito,
1933 3986 1989 4052 sed
2004 3987 2070 4052 Dei
2094 3990 2187 4052 bene

194 4074 427 4137 memoratione
456 4073 640 4138 excitentur
662 4093 783 4148 omnes,
814 4081 912 4154 atque
940 4071 1003 4136 sibi
1031 4092 1162 4152 persua·
1215 4075 1287 4138 ficio
1314 4072 1547 4153 excelluerunt,
1577 4072 1661 4153 quod
1693 4075 1804 4138 foedus
1833 4075 2011 4159 gratuitum
2040 4093 2117 4139 cum
2148 4074 2187 4137 iis

195 4158 291 4223 deant
323 4179 397 4222 eum
430 4158 485 4240 qui
518 4180 560 4222 ex
593 4158 695 4222 nihilo
734 4157 858 4223 creavit
890 4157 1016 4234 omnia,
1059 4158 1163 4223 coelos
1215 4160 1319 4240 primo
1342 4157 1412 4222 loco
1434 4159 1554 4221 initum
1577 4159 1628 4223 sit.
1673 4159 1777 4224 Obiici
1801 4171 1918 4242 potest,
1940 4180 1999 4224 eur
2020 4168 2187 4224 statuatur

194 4243 365 4325 expandit,
394 4245 542 4326 germina
572 4243 736 4326 produxit,
768 4244 869 4307 vitam
899 4243 1072 4326 inspirarit
1094 4245 1163 4307 ani·
1215 4244 1367 4308 Christus
1390 4244 1423 4306 in
1447 4244 1559 4308 foedus
1582 4244 1666 4326 quod
1690 4246 1790 4309 multo
1813 4255 1889 4309 ante
1914 4246 2074 4309 sancitum
2096 4255 2186 4310 erat:

194 4329 369 4411 mantibus,
399 4328 519 4411 quique
541 4329 682 4393 sustinet
705 4350 742 4394 ac
762 4338 874 4392 tuetur
895 4330 1004 4392 omnia
1027 4349 1086 4393 sua
1105 4351 1161 4412 po·
1215 4350 1290 4392 nam
1325 4341 1401 4393 ante
1431 4327 1495 4391 duo
1525 4349 1684 4394 annorum
1718 4331 1821 4395 millia
1854 4340 1886 4394 et
1915 4331 2083 4413 aliquanto
2114 4331 2185 4411 plus

194 4423 320 4492 testate,
352 4414 445 4478 facile
467 4413 547 4479 haec
570 4414 803 4497 praestiturum
826 4434 909 4497 quae
932 4413 1096 4496 promittit
1123 4416 1162 4479 de
1214 4416 1429 4498 adoptaverat
1452 4415 1540 4478 Deus
1563 4414 1745 4479 Abraham:
1769 4427 1864 4498 atque
1886 4416 1933 4480 ita
1951 4415 2042 4499 origo
2065 4415 2184 4481 disere-

193 4521 297 4584 regno
319 4499 454 4564 Christi.
498 4499 561 4563 His
587 4500 740 4584 loquendi
769 4500 882 4564 formis
912 4520 1092 4578 monemur,
1127 4510 1163 4564 ut
1214 4501 1310 4565 tionis
1322 4499 1446 4564 Christi
1458 4499 1633 4565 adventum
1646 4500 1742 4584 longe
1761 4503 1945 4584 praecessit.
1976 4501 2184 4584 Respondeo,

193 4586 294 4650 verbo
317 4585 380 4648 Dei
403 4606 463 4648 sua
485 4593 610 4650 constet
639 4586 796 4650 autoritas
819 4593 851 4648 et
873 4583 969 4666 plena
992 4585 1080 4662 fides,
1112 4607 1161 4649 re·
1214 4585 1326 4650 foedus
1357 4584 1442 4666 quod
1470 4607 1660 4666 percussum
1691 4588 1797 4653 fuerat
1826 4609 1899 4652 cum
1932 4585 2123 4652 Abrahamo
2153 4602 2185 4651 et

193 4669 369 4754 putandam
393 4691 522 4753 semper
543 4693 613 4736 esse
632 4673 700 4737 eius
722 4672 909 4755 potentiam.
940 4670 1052 4753 Neque
1074 4672 1161 4735 enim
1213 4673 1360 4754 posteris,
1391 4670 1561 4735 fundatum
1593 4673 1689 4737 fuisse
1719 4675 1752 4736 in
1782 4673 1924 4737 Christo.
1968 4673 2059 4737 Haeo
2090 4674 2184 4737 enim

194 4759 252 4822 abs
280 4777 314 4820 re
343 4757 388 4821 sio
417 4757 581 4837 praefatur
603 4758 721 4840 Isaias,
754 4756 809 4822 sed
844 4767 878 4818 ut
908 4777 1037 4819 omnem
1071 4756 1162 4820 dubi·
1214 4766 1292 4821 sunt
1314 4757 1451 4821 foederis
1474 4757 1587 4820 verba:
1619 4758 1821 4823 Benedicent
1850 4781 1885 4822 se
1913 4760 1947 4822 in
1975 4759 2101 4823 semine
2129 4767 2185 4823 tuo

195 4843 351 4906 tationem
384 4843 523 4906 eximat:
557 4843 633 4926 quia
662 4845 749 4923 Deo,
782 4844 842 4908 sub
875 4842 965 4906 cuius
999 4861 1096 4905 manu
1130 4855 1163 4904 et
1213 4863 1327 4907 omnes
1349 4851 1471 4925 gentes.
1517 4842 1584 4906 Nec
1608 4865 1684 4907 vero
1711 4845 1808 4907 aliter
1837 4844 1899 4908 fuit
1932 4856 2038 4907 ratum
2061 4844 2185 4922 foedus,

195 4928 329 4992 arbitrio
362 4927 472 4993 subest
505 4936 592 4993 totus
626 4928 728 5005 orbis,
762 4927 844 4992 nihil
876 4927 918 4991 sit
948 4927 1095 4991 difficile:
1131 4942 1162 4991 et
1214 4949 1312 5009 quam
1335 4929 1367 4990 in
1387 4930 1509 4991 semino
1525 4927 1685 5007 Abrahae,
1705 4931 1770 4993 'hoc
1788 4941 1845 5005 est,
1869 4930 1903 4992 in
1922 4930 2069 4994 Christo:
2093 4930 2185 4994 cuius

219 5013 353 5077 roximis
382 5012 541 5095 capitibus
572 5015 688 5079 similis
717 5013 870 5096 loquendi
895 5015 978 5077 ratio
1006 5024 1161 5077 occurret.
1214 5014 1365 5087 adventu,
1397 5014 1529 5077 tametsi
1559 5015 1650 5094 prius
1680 5017 1797 5078 initum
1828 5025 1921 5090 esset,
1952 5017 2184 5081 confirmatum

195 5033 261 5173 ξςιη
294 5108 460 5179 potentem
493 5100 644 5164 nonnulli
674 5108 823 5175 vertunt,
857 5098 912 5162 alii
944 5096 1068 5161 Deum:
1105 5099 1160 5163 sed
1213 5109 1271 5176 est,
1290 5111 1386 5181 atque
1405 5100 1520 5163 effectu
1540 5100 1609 5180 ipso
1627 5101 1796 5164 sancitum.
1831 5100 1926 5166 Unde
1944 5103 2041 5164 etiam
2059 5102 2185 5167 Paulus

195 5205 309 5265 parum
328 5183 437 5265 refert,
456 5184 541 5249 idem
561 5186 648 5249 euim
666 5194 716 5250 est
733 5205 866 5250 sensus:
889 5183 964 5265 quia
982 5185 1160 5265 potentiam
1213 5205 1326 5248 omnes
1348 5183 1412 5248 Dei
1435 5185 1662 5265 promissiones
1685 5185 1718 5249 in
1737 5185 1869 5250 Christo
1891 5186 2001 5250 Etiam
2025 5199 2058 5251 et
2076 5190 2183 5253 Amen

195 5270 264 5333 eius
286 5280 319 5333 et
341 5270 540 5336 maiestatem
569 5271 734 5354 proponit,
766 5278 862 5354 atque
891 5269 942 5335 his
964 5268 1067 5334 titulis
1088 5290 1160 5334 eam
1184 5280 1188 5325 Ι
1214 5290 1283 5335 esse
1311 5269 1396 5335 dicit.
1443 5271 1485 5332 Et
1518 5270 1579 5333 alio
1609 5270 1679 5335 loeo
1706 5271 1874 5336 Christum
1904 5271 2095 5338 ministrum
2125 5275 2186 5342 cir·
