4784 5970
195 370 257 436 221
1089 372 1239 440 CAPUT
1260 373 1301 439 L.
2130 373 2196 439 222

200 559 241 626 ad
276 560 420 626 doctores
451 561 560 639 verbi,
593 560 647 642 qui
681 560 816 626 caeteris
846 563 990 644 praeire,
1022 582 1059 629 ac
1082 563 1172 628 velut
1223 561 1344 626 missus
1367 561 1418 639 sit,
1442 581 1539 644 seque
1561 561 1665 627 officio
1687 560 1749 625 rite
1771 560 1862 644 fungi
1881 561 1984 643 norit,
2006 581 2120 627 omnes
2138 561 2194 627 ad·

200 646 406 730 antesignani
428 665 499 710 esse
521 644 647 710 debent.
1223 647 1383 712 versarios
1404 645 1498 712 facile
1520 652 1721 725 contemnat,
1751 665 1857 729 neque
1887 653 2058 711 mereatur
2080 667 2191 712 eorum

287 732 316 795 l.
346 731 447 815 (Nom
469 729 627 796 Dotnirttts
649 730 786 812 Iabere.)
831 732 984 798 Declarat
1013 732 1173 816 propheta
1223 733 1411 810 calomniis,
1453 752 1554 814 quum
1593 751 1613 794 a
1647 731 1790 796 Domino
1827 731 2030 797 iustificetur.
2086 730 2191 799 Sicuti

203 819 288 884 uude
311 826 404 882 tanta
420 816 583 892 tortitudo,
608 836 673 899 qua
690 819 797 900 ipsum
815 818 959 902 aliosque
978 817 1041 882 Dei
1060 838 1173 884 servos
1224 838 1353 901 semper
1373 837 1473 900 prope
1495 825 1546 881 est
1567 815 1730 881 Dominus
1752 827 1785 880 et
1806 816 1868 880 erit
1896 815 1937 881 ad
1965 816 2120 884 tuendam
2143 829 2192 882 at·

203 903 368 988 praeditos
390 923 461 968 esse
482 922 614 968 necesse
636 911 695 980 est,
722 913 758 967 nt
779 904 923 969 omnium
946 906 1086 988 impetus
1109 905 1172 968 ior·
1224 924 1287 986 que
1318 901 1550 968 vindicandam
1585 903 1754 966 veritatem
1787 921 1890 967 suam.
1946 901 2121 972 Caeterum
2154 918 2192 968 ut

203 991 280 1053 titer
302 988 502 1054 sustineant:
533 1007 649 1070 nempe
672 987 713 1052 ab
735 990 857 1053 auxilio
880 990 953 1067 Dei,
976 990 1067 1055 ouius
1090 989 1173 1054 fidu·
1225 989 1298 1072 quis
1331 987 1393 1054 boe
1421 988 1596 1054 contestari
1627 989 1743 1069 possit,
1775 1008 1856 1069 pura
1884 990 2082 1053 conscientia
2111 1010 2192 1072 opus

203 1076 253 1140 cia
276 1095 311 1139 se
333 1073 523 1138 obduruisse
544 1074 709 1156 praedicat
731 1072 888 1140 adversus
917 1096 1029 1140 omnes
1058 1073 1174 1139 mundi
1225 1085 1283 1139 cst.
1318 1072 1405 1138 Nam
1428 1074 1455 1138 si
1477 1074 1549 1156 quis
1571 1080 1693 1137 temere
1716 1091 1785 1138 sese
1807 1073 1944 1156 ingerat,
1969 1094 2027 1138 nec
2048 1076 2191 1140 testimo-

203 1161 350 1224 iniurias.
385 1158 496 1239 Quum
516 1178 593 1224 veru
616 1158 743 1225 excelsa
765 1161 864 1224 animi
887 1160 1061 1226 altitudine
1080 1181 1173 1243 prae·
1225 1161 1316 1223 nium
1350 1158 1467 1223 habeat
1499 1178 1577 1223 suae
1603 1158 1797 1233 tonationis,
1831 1167 1888 1223 aut
1921 1161 2045 1224 somnia
2072 1181 2131 1226 sua
2156 1162 2191 1225 in

205 1247 293 1310 ditus
316 1244 501 1327 despexerit
522 1243 680 1327 quidquid
704 1254 775 1309 erat
792 1246 975 1323 adversum,
999 1245 1080 1310 alios
1099 1267 1174 1328 quo·
1226 1245 1368 1310 medium
1391 1244 1562 1327 producat,
1593 1243 1714 1308 frustra
1735 1243 1868 1308 iactabit
1896 1243 1979 1309 hano
2008 1247 2192 1326 promissio·

204 1329 332 1415 quoad
356 1329 491 1395 eandem
521 1330 735 1395 constantiam
767 1331 924 1410 instituit,
954 1351 991 1396 ao
1021 1331 1111 1395 velut
1138 1333 1174 1395 iu
1225 1351 1314 1410 nem,
1347 1350 1428 1413 quae
1460 1330 1501 1394 ad
1531 1350 1584 1395 ιοι
1614 1328 1815 1394 solummodo
1839 1330 1979 1411 pertinet
2001 1331 2057 1412 qui
2080 1353 2098 1396 a
2121 1331 2193 1397 Deo

204 1417 316 1482 tabula
337 1415 486 1499 depingit
504 1414 609 1498 qualis
627 1417 669 1480 sit
687 1416 827 1481 conditio
847 1418 992 1482 omnium
1011 1418 1175 1482 ministro-
1226 1417 1332 1480 vocati
1363 1426 1471 1496 partes
1494 1435 1568 1480 snas
1590 1415 1717 1480 sincera
1738 1426 1770 1478 et
1792 1414 1921 1497 integra
1950 1415 2013 1479 fide
2045 1416 2192 1501 implent.

205 1524 277 1567 rum
302 1501 409 1566 verbi:
443 1511 480 1564 ut
502 1501 608 1564 aversi
632 1520 652 1564 a
673 1501 796 1566 mundo
825 1511 908 1567 totos
937 1523 972 1566 se
1001 1501 1041 1565 ad
1065 1500 1173 1566 Deum
1226 1501 1299 1566 Etsi
1322 1511 1431 1565 autem
1454 1521 1621 1582 nunquam
1644 1499 1830 1582 obstrepere
1852 1515 1981 1565 cessant
2002 1501 2065 1566 Dei
2087 1504 2192 1568 servis

207 1595 410 1665 convertant,
432 1596 528 1669 atque
549 1586 584 1649 in
607 1606 681 1650 eum
703 1589 832 1670 penitus
855 1587 952 1653 defixi
975 1589 1051 1653 sint.
1095 1587 1175 1652 Nul·
1228 1587 1278 1650 vel
1306 1586 1512 1669 hypocritae,
1547 1586 1597 1651 vel
1627 1591 1886 1667 contemptores:
1920 1586 2047 1652 obviam
2082 1598 2191 1653 tamen

204 1675 272 1738 lum
297 1673 383 1735 enim
407 1673 469 1735 erit
490 1681 556 1735 tam
580 1691 681 1754 grave
703 1682 867 1737 cunamen
891 1674 926 1737 in
969 1695 1010 1738 uo
1032 1674 1177 1756 superio·
1227 1671 1435 1757 progreditur
1449 1672 1562 1751 Isaiae,
1585 1672 1673 1737 acsi
1695 1689 1790 1736 nomo
1813 1670 1903 1734 litem
1925 1681 1981 1736 aut
1996 1673 2191 1738 calumniam

204 1780 256 1824 res
287 1757 393 1822 sutnri
421 1775 488 1821 non
522 1758 604 1833 sint,
637 1778 674 1822 eo
704 1757 779 1821 freti
811 1758 900 1823 duee.
948 1695 1176 1825 [dimilitudine
1228 1757 1395 1823 intendere
1417 1758 1567 1821 auderet:
1591 1778 1656 1821 non
1680 1755 1764 1840 quod
1788 1776 1988 1839 composcere
2011 1778 2064 1823 eos
2086 1768 2192 1840 queat,

205 1845 305 1909 silicis
340 1842 435 1908 docet
467 1840 622 1924 quidquid
664 1842 802 1925 accidat,
843 1844 1100 1927 imperterritum
1141 1865 1176 1910 se
1228 1843 1284 1909 sed
1307 1844 1382 1925 quia
1403 1845 1512 1907 omnia
1534 1842 1691 1907 tentando
1709 1841 1792 1906 nihil
1808 1842 1985 1925 proficient.
2020 1842 2195 1910 Praedicet

205 1932 292 1995 fore:
316 1947 392 1992 nam
416 1940 523 1992 metus
545 1939 601 1991 aut
624 1927 888 2010 perturbationis,
916 1941 953 1994 ut
976 1930 1175 2013 reliquorum
1227 1930 1329 2013 igitur
1360 1949 1395 1992 ιι
1428 1949 1469 1993 ex
1502 1928 1568 1992 alto
1602 1927 1767 2010 despicere
1803 1928 1902 1993 falsas
1942 1929 2195 2005 criminationes,

206 2017 400 2093 affectuum,
429 2016 524 2097 signa
550 2016 583 2075 in
614 2012 696 2077 facie
726 2026 892 2097 apparent.
937 2016 1060 2080 Vultus
1089 2018 1175 2080 enim
1228 2012 1344 2097 quibus
1370 2023 1506 2077 utuntur
1533 2013 1711 2078 adversarii
1740 2014 1813 2096 piae
1843 2013 2009 2079 doctrinae
2037 2014 2195 2080 adversus

204 2103 274 2183 ipse
297 2100 458 2181 loquitur,
489 2119 525 2163 ac
549 2098 750 2163 demonstrat
772 2100 1043 2183 quemadmodum
1070 2102 1175 2166 affecti
1228 2100 1299 2164 eius
1322 2098 1477 2164 doctores.
1520 2097 1655 2163 Nullum
1678 2099 1765 2163 enim
1787 2099 1912 2163 crimen
1935 2108 1984 2164 ιιι
2013 2120 2077 2182 quo
2108 2102 2195 2184 ipsos
2309 2180 2312 2185 .

205 2187 319 2251 simus.
353 2183 423 2248 Iam
448 2205 548 2268 quum
571 2194 637 2247 tem
656 2184 871 2268 ignominiose
889 2197 1070 2252 tractentur
1087 2187 1174 2251 servi
1227 2206 1292 2250 non
1315 2183 1488 2268 sugillent:
1512 2184 1568 2249 sed
1593 2185 1685 2250 irrito
1706 2192 1834 2262 conatu,
1857 2184 1986 2267 quando
2009 2205 2074 2249 non
2097 2185 2195 2271 longe

204 2271 288 2349 Dei,
322 2269 499 2335 identidem
522 2269 731 2335 succumbere
761 2271 891 2336 iniuriis
920 2292 1051 2337 necesse
1081 2273 1175 2353 foret,
1228 2269 1318 2335 abest
1340 2269 1455 2344 iudex,
1489 2290 1593 2354 aquo
1616 2269 1835 2334 vindicabitur
1864 2290 1978 2335 eorum
2011 2270 2193 2354 integritas.

207 2357 271 2421 nisi
294 2377 348 2421 eas
371 2354 500 2437 lapidea
522 2357 626 2420 fronte
649 2356 700 2420 vel
731 2357 835 2421 ferrea
865 2357 1080 2423 discuterent:
1113 2378 1176 2439 qua
1227 2357 1372 2420 Possunt
1393 2356 1496 2439 igitur
1518 2354 1680 2431 audacter,
1703 2355 1797 2421 sicuti
1821 2355 1942 2420 Paulus
1960 2356 2036 2421 iecit
2057 2355 2099 2440 (1.
2117 2355 2193 2423 Cor.

206 2443 334 2508 ratione
356 2450 388 2505 et
410 2440 566 2506 Ieremias
598 2440 716 2506 dicitur
744 2442 870 2523 positus
900 2464 970 2507 esse
1000 2443 1034 2506 in
1062 2443 1175 2508 urbem
1227 2443 1257 2525 4,
1280 2440 1323 2527 4),
1353 2442 1556 2522 aperversis
1578 2450 1611 2505 ιι
1632 2441 1752 2524 iniquis
1773 2440 1942 2506 hominum
1973 2441 2099 2507 iudiciis
2120 2463 2194 2525 pro·

205 2528 386 2609 munitam,
423 2527 607 2591 columnam
640 2526 775 2592 ferream
809 2538 841 2593 et
874 2549 1003 2593 murum
1038 2549 1175 2593 aeneum
1228 2546 1343 2592 vocare
1366 2527 1406 2591 ad
1430 2526 1514 2590 diem
1538 2526 1683 2606 Domini,
1713 2546 1818 2608 aquo
1840 2527 2026 2592 innocentia
2048 2528 2194 2608 ipsorum

206 2624 318 2678 eontra
341 2633 433 2694 reges
456 2612 548 2690 Iuda,
570 2612 733 2694 principes
755 2622 787 2675 et
809 2613 973 2694 populum,
996 2615 1102 2695 primo
1124 2635 1176 2679 oa·
1226 2612 1366 2696 patefiet.

209 2701 275 2783 pite
308 2696 352 2781 (v.
383 2698 453 2776 18),
493 2707 525 2760 ιι
558 2696 721 2761 Ezechieli
755 2697 873 2762 dicitur
912 2699 1002 2763 frons
1041 2700 1175 2764 robusta
1312 2695 1449 2781 (Samae
1470 2697 1588 2784 amal.)
1631 2697 1773 2761 'Pontum
1804 2698 1866 2780 piis
1895 2698 2077 2763 doctoribus
2111 2700 2194 2763 fidu·

207 2788 306 2849 fuisse
329 2783 419 2846 data:
441 2782 507 2846 imo
525 2781 744 2858 adamantina,
767 2790 801 2845 et
818 2783 934 2847 fortior
953 2783 1052 2863 silice,
1075 2784 1174 2848 need
1227 2782 1294 2848 ciae
1316 2802 1386 2846 esse
1409 2782 1504 2847 debet
1525 2791 1564 2846 ut
1585 2781 1789 2848 adversarios
1811 2782 1898 2847 ultro
1926 2803 2100 2866 provocare
2129 2805 2194 2848 non

206 2870 360 2936 duritiem
383 2867 493 2949 populi
516 2867 653 2943 cederet,
676 2888 745 2949 cap.
768 2867 788 2931 3
811 2867 855 2952 (r.
874 2867 916 2954 8).
951 2868 1017 2933 Per
1038 2868 1175 2934 verbum
1227 2866 1385 2932 dubitent.
1440 2865 1544 2932 Satan
1574 2868 1660 2932 enim
1691 2888 1766 2932 cum
1796 2869 1865 2933 suis
1894 2868 2053 2933 ministris
2083 2882 2195 2952 aperto

199 2954 361 3038 pudefieri
383 2974 448 3017 non
471 2952 555 3016 idem
579 2963 717 3034 utroque
739 2954 773 3017 in
798 2953 866 3019 loco
895 2954 1065 3039 intelligit:
1099 2956 1175 3037 quia
1226 2962 1332 3017 marte
1354 2951 1505 3036 congredi
1528 2973 1593 3018 non
1617 2973 1745 3034 semper
1772 2954 1888 3034 audet,
1918 2954 2108 3036 praesertim
2138 2956 2194 3020 ubi

205 3043 314 3126 priore
342 3039 488 3103 membro
519 3037 558 3101 ad
590 3038 741 3103 affectum
772 3039 928 3117 refertur,
961 3041 1103 3106 secundo
1133 3041 1174 3105 ad
1227 3037 1405 3104 mendaciis
1426 3047 1564 3121 pugnat:
1599 3038 1654 3104 sed
1676 3037 1890 3105 clandestinis
1913 3038 2047 3121 artibus,
2079 3061 2116 3106 ac
2140 3063 2196 3106 ve·

208 3148 276 3193 rem
307 3125 410 3208 ipsam
441 3124 494 3186 vel
524 3124 685 3188 effectum.
736 3123 826 3207 Ergo
855 3126 947 3190 initio
978 3147 1091 3191 versus
1120 3125 1175 3190 ubi
1227 3124 1288 3189 luti
1311 3145 1368 3206 per
1389 3124 1556 3189 cuniculos
1585 3127 1667 3207 agit,
1700 3134 1738 3188 ut
1766 3126 1913 3190 incautos
1946 3127 2126 3208 opprimat:
2161 3136 2195 3192 at

206 3212 367 3297 gloriatur
389 3230 423 3273 se
446 3230 511 3273 non
535 3229 606 3272 esse
628 3208 799 3274 confusum
822 3209 953 3293 pudore,
987 3213 1064 3294 quia
1085 3211 1175 3277 Deus
1228 3210 1314 3274 servi
1337 3208 1400 3274 Dei
1423 3209 1531 3293 palam
1553 3218 1655 3290 stare,
1685 3219 1718 3274 et
1737 3210 1890 3294 congredi
1920 3232 1993 3276 cum
2024 3211 2132 3288 hoste,
2162 3225 2195 3277 et

206 3308 272 3361 etet
294 3315 312 3358 a
334 3305 427 3378 parte
449 3296 527 3372 eius,
549 3295 711 3377 significat
733 3316 796 3358 non
814 3297 961 3362 sufficere
983 3295 1066 3380 quod
1085 3296 1176 3362 Deus
1227 3295 1405 3361 rationibus
1428 3316 1574 3378 pugnare
1597 3317 1662 3359 non
1685 3305 1858 3361 verentur:
1891 3296 1987 3361 modo
2017 3296 2194 3362 adversarii

209 3383 302 3448 nobis
325 3381 449 3444 auxilio
472 3401 542 3444 esse
565 3379 652 3455 velit,
679 3381 741 3444 nisi
764 3380 796 3444 id
820 3401 948 3467 quoque
970 3383 1030 3464 ipsi
1054 3384 1176 3446 sentia·
1227 3382 1352 3464 copiam
1375 3380 1426 3445 sui
1449 3384 1552 3445 iacere
1575 3381 1687 3445 velint.
1728 3382 1833 3446 Tanta
1856 3390 1906 3446 est
1927 3382 2014 3445 enim
2036 3382 2088 3446 vis
2110 3385 2194 3447 veri·

205 3489 288 3532 mus.
334 3466 421 3546 Quid
445 3466 531 3529 enim
555 3464 736 3546 proderunt
757 3466 850 3531 nobis
871 3469 1032 3551 promissa
1054 3467 1125 3544 Dei,
1149 3469 1176 3532 si
1228 3467 1313 3545 tatis,
1335 3470 1373 3530 ut
1394 3475 1539 3547 apertam
1562 3465 1667 3531 lucem
1690 3487 1754 3530 non
1773 3466 1969 3544 reformidet,
1992 3467 2086 3531 sicuti
2102 3467 2193 3532 vide·

206 3551 407 3619 diffidimus?
451 3550 642 3633 Requiritur
665 3572 742 3635 ergo
770 3551 888 3617 fiducia
921 3573 985 3635 qna
1015 3554 1175 3616 sustinea-
1228 3573 1300 3616 mus
1332 3551 1386 3616 bic
1415 3550 1534 3615 Isaiam
1567 3571 1680 3617 secure
1712 3551 1870 3616 lacessere
1898 3570 2107 3633 quoscunque
2133 3553 2194 3617 sibi

203 3660 291 3714 mur,
315 3656 353 3701 ac
375 3638 482 3702 Deum
506 3636 598 3701 nobis
621 3637 794 3720 propitium
818 3658 887 3701 esse
910 3648 997 3702 certo
1024 3638 1174 3703 sciamus.
1227 3636 1373 3701 insidiari
1396 3634 1494 3700 ridet.
1538 3635 1616 3700 Ideo
1639 3638 1770 3719 repetit,
1799 3637 1923 3702 accedat
1944 3636 1986 3700 ad
2007 3657 2063 3702 me.
2108 3637 2193 3703 Nam

205 3724 246 3788 ln
269 3726 334 3788 fine
357 3743 434 3788 vero
457 3723 496 3787 de
519 3721 603 3786 felici
626 3722 716 3786 exitu
740 3744 774 3786 se
792 3743 981 3805 persuasum
1001 3743 1072 3787 esse
1090 3724 1175 3789 aifir-
1227 3723 1267 3787 ad
1291 3720 1486 3786 reddendam
1509 3721 1674 3787 doctrinae
1696 3742 1772 3786 suae
1802 3721 1962 3786 rationem
1990 3724 2093 3803 parati
2123 3744 2194 3790 esse

206 3821 283 3874 mat.
317 3809 370 3872 Ita
392 3809 496 3890 pudor
518 3807 709 3873 tantundem
729 3808 815 3872 valet
837 3829 874 3873 ac
894 3809 1073 3872 frustratio:
1097 3809 1175 3891 quia
1227 3807 1345 3873 debent
1367 3807 1412 3891 pii
1436 3807 1588 3871 ministri.
1633 3806 1701 3873 Sed
1732 3807 1803 3888 quis
1832 3809 1919 3889 ipsos
1952 3826 2055 3890 aequo
2084 3810 2194 3875 animo

206 3894 455 3960 subsannationi
478 3891 609 3956 obnoxii
631 3904 709 3958 sunt
731 3893 786 3975 qui
808 3912 925 3958 vanam
950 3914 1039 3978 apem
1064 3904 1097 3957 et
1119 3895 1175 3958 fel·
1227 3894 1339 3958 audire
1361 3892 1449 3970 vult,
1477 3913 1513 3957 ac
1544 3893 1745 3974 perpendere
1775 3892 1879 3974 qualis
1910 3893 1953 3958 sit
1979 3913 2018 3957 ea
2048 3892 2193 3958 doctrina

205 3981 309 4045 lacem
327 3990 552 4061 conceperant.
586 3977 652 4043 Hic
671 3978 816 4043 videmus
834 3978 995 4060 peculiare
1013 3979 1173 4062 quoddam
1226 4000 1323 4061 quam
1357 3979 1390 4042 in
1424 3979 1566 4043 medium
1601 3978 1808 4060 producunt?
1864 3976 2028 4044 Accedent
2061 3979 2192 4061 quidem

205 4066 362 4130 auxilium
387 4063 531 4146 promitti
554 4063 617 4144 piis
635 4062 817 4129 doctoribus
836 4073 868 4129 et
886 4066 1046 4130 ministris
1063 4064 1173 4130 verbi:
1225 4065 1364 4130 libenter
1386 4062 1575 4144 adversarii,
1598 4063 1653 4128 sed
1677 4063 1718 4130 ad
1740 4064 1948 4148 stringendos
1966 4063 2097 4147 gladios,
2122 4068 2193 4148 qui·

205 4160 242 4214 ut
264 4170 329 4234 quo
352 4151 485 4233 gravius
507 4148 594 4230 ipsos
615 4148 742 4233 impetit
765 4148 876 4229 Satan,
899 4160 995 4234 atque
1017 4151 1175 4215 infensior
1225 4149 1284 4215 bus
1307 4170 1362 4214 eos
1383 4148 1550 4232 iugulent:
1583 4150 1624 4214 ad
1647 4148 1851 4216 exacuendas
1874 4148 2012 4233 linguas,
2043 4158 2080 4214 ut
2102 4153 2191 4216 omni

205 4248 254 4301 est
275 4235 432 4311 mundus,
464 4234 628 4318 somogia
652 4234 815 4299 Dominus
845 4237 932 4319 ipsos
960 4235 1111 4301 defendet
1142 4248 1173 4301 et
1225 4234 1468 4300 maledicentiae
1499 4256 1618 4319 genere
1651 4237 1738 4318 ipsos
1771 4235 1991 4317 proscindant.
2041 4234 2192 4317 Denique

205 4321 364 4405 singulari
406 4319 568 4404 praesidio
608 4328 749 4385 tueatur.
801 4322 909 4403 Atque
942 4322 1020 4386 binc
1052 4323 1172 4387 consti·
1225 4321 1330 4386 omnis
1351 4320 1495 4402 ipsorum
1518 4320 1664 4385 defensio
1686 4322 1719 4384 in
1743 4321 1842 4386 armis
1864 4332 1921 4385 aut
1943 4319 2111 4386 fraudibus
2133 4342 2190 4404 po·

205 4406 374 4483 tuendum,
397 4426 452 4472 eos
475 4426 587 4470 omnes
611 4406 666 4487 qui
690 4426 790 4488 quum
807 4406 846 4469 ad
863 4415 1026 4473 certamen
1043 4409 1174 4472 venitur
1225 4409 1287 4471 sita
1320 4418 1384 4471 est:
1418 4408 1492 4487 quia
1522 4407 1701 4489 scripturae
1731 4404 1911 4470 rationibus
1940 4405 2095 4488 congredi
2125 4428 2189 4471 non

204 4504 442 4574 expavescunt,
477 4501 574 4576 atque
608 4491 725 4556 animis
758 4492 970 4576 franguntur,
1004 4513 1172 4575 nunquam
1225 4491 1354 4557 audent.
1400 4490 1580 4556 Possumus
1610 4511 1687 4575 ergo
1716 4511 1832 4557 causae
1866 4500 1996 4556 nostrae
2029 4493 2191 4575 aequitate

204 4577 245 4642 ad
271 4577 459 4642 obeundum
481 4598 600 4642 munus
623 4598 718 4642 suum
741 4578 803 4642 rite
826 4589 1026 4661 comparatos
1055 4578 1171 4643 fuisse:
1225 4578 1298 4642 freti
1319 4576 1420 4642 libere
1442 4577 1530 4659 ipsos
1553 4577 1593 4642 ad
1621 4586 1786 4642 certamen
1815 4597 2001 4660 provocare.
2046 4578 2190 4643 Tametsi

202 4684 279 4728 nam
313 4664 369 4744 qui
401 4673 524 4728 certare
552 4664 672 4741 nescit,
705 4662 776 4727 Deo
806 4675 839 4727 ιι
867 4664 1019 4729 ecelesiae
1049 4665 1172 4729 servire
1225 4681 1283 4728 nos
1305 4661 1521 4728 condemnent
1537 4662 1657 4727 indicta
1670 4681 1777 4740 causa,
1800 4674 1896 4745 atque
1912 4661 2032 4727 multos
2048 4664 2190 4728 babeant

202 4749 324 4827 nescit,
356 4768 460 4830 neque
483 4748 759 4814 administrandae
790 4747 878 4814 verbi
910 4750 1075 4814 doctrinae
1105 4749 1173 4813 ido·
1225 4749 1456 4832 suffragatores
1478 4749 1658 4812 sententiae
1681 4768 1767 4826 suas,
1795 4769 1858 4813 non
1882 4748 2037 4829 estquod
2060 4769 2190 4813 movea-

203 4857 284 4900 neus
308 4845 365 4900 est.
1224 4853 1315 4898 mur:
1349 4835 1426 4917 quia
1448 4833 1518 4897 Deo
1541 4831 1656 4913 iudice,
1684 4835 1775 4899 cuius
1794 4852 1924 4899 causam
1947 4835 2085 4918 agimus,
2116 4844 2189 4897 tan·

290 4922 367 4986 det
388 4920 419 4984 9.
450 4918 567 5004 (Prope
588 4918 732 5004 estqui.)
776 4918 913 5002 Semper
940 4921 1095 4985 memoria
1124 4930 1171 4984 te·
1224 4919 1296 4983 dem
1321 4919 1536 4984 absolvemur.
1581 4919 1705 4985 Paulus
1734 4918 1773 4983 ad
1796 4919 1961 4984 Romanos
1991 4918 2120 4983 videtur
2148 4919 2189 4983 ad

204 5006 349 5072 nendum
372 5014 440 5082 est,
471 5005 663 5089 prophetam
692 5004 775 5070 nibil
805 5024 1057 5071 commemorare
1087 5006 1171 5089 quod
1225 5005 1311 5070 huno
1334 5005 1437 5069 locum
1462 5002 1614 5079 alludere,
1638 5026 1736 5088 quum
1760 5005 1806 5068 ait
1828 5004 1935 5088 (Rom.
1955 5005 1984 5088 8,
2001 5004 2072 5090 33):
2096 5003 2188 5069 Deus

204 5092 371 5177 peculiare
394 5092 423 5156 ei
446 5092 507 5156 sit:
530 5090 587 5156 sed
607 5094 720 5157 testari
743 5092 847 5174 qualis
870 5089 948 5156 velit
969 5111 1040 5156 esse
1063 5090 1173 5156 Domi·
1196 5098 1199 5175 l
1224 5097 1274 5155 est
1296 5091 1351 5173 qui
1373 5090 1539 5167 iustificat,
1570 5091 1640 5174 quis
1663 5087 1913 5157 condemnabit?
1956 5088 2078 5156 Securo
2100 5091 2185 5154 enim

202 5200 278 5256 nus,
302 5199 339 5243 ac
361 5187 521 5260 perpetuo
543 5177 673 5242 futurus
694 5178 737 5244 sit
760 5197 837 5262 erga
859 5174 970 5242 fideles
988 5177 1171 5242 ministros:
1196 5178 1200 5267 ξ
1223 5175 1397 5260 confugere
1418 5194 1590 5260 possumus
1613 5177 1651 5242 ad
1676 5175 1817 5242 tribunal
1833 5174 1905 5254 Dei,
1928 5196 2028 5258 quum
2052 5177 2091 5242 de
2113 5197 2187 5261 gra·

201 5273 240 5327 ut
275 5264 421 5346 quisquis
449 5261 510 5328 hoc
539 5263 759 5329 testimonium
792 5262 907 5343 habet,
938 5262 1020 5344 quod
1050 5282 1070 5326 a
1098 5261 1171 5327 Deo
1195 5270 1200 5314 ¹
1223 5263 1307 5326 tuita
1329 5263 1397 5329 eius
1419 5261 1542 5327 iustitia
1563 5283 1621 5345 per
1644 5262 1811 5327 (lhristum
1834 5262 1939 5325 securi
1962 5283 2082 5328 sumus.
2121 5262 2187 5328 Sed
