4784 5970
187 348 253 414 439
1064 347 1115 413 IN
1136 346 1302 415 ISAIAM
2121 346 2186 413 440

189 536 332 602 revereri
354 544 388 601 et
409 533 524 601 timere
546 534 681 601 inolent:
714 534 770 601 sed
794 533 872 600 dum
893 534 1066 620 negligunt
1087 536 1157 602 oius
1210 543 1304 601 erant
1335 533 1465 618 Iudaei,
1507 534 1695 619 quantisper
1728 540 1836 601 tamen
1868 534 1930 602 snb
1962 534 2027 599 lrao
2067 535 2183 603 umbra

189 620 325 687 verbum
349 621 446 686 simul
468 642 503 686 se
526 620 588 685 Dei
611 626 850 704 contemptores
872 641 943 687 esse
971 622 1157 688 ostendunt.
1209 621 1451 700 delitesoebant,
1475 640 1510 685 se
1533 621 1692 703 putabant
1714 628 1803 687 tutos
1821 640 1901 688 esse.
1933 620 2055 687 Merito
2072 621 2182 703 itaque

190 705 358 790 Quidquid
390 706 478 771 enim
513 708 716 772 reverentiae
749 706 903 775 debemus
935 706 1023 785 Deo,
1056 706 1157 773 verbo
1209 707 1350 773 ooourrit
1383 705 1556 790 propbeta,
1595 704 1678 771 nihil
1712 726 1768 773 eos
1806 708 1911 792 magis
1949 707 2111 790 profioere
2142 708 2181 772 ad

189 793 291 875 ipsius
318 790 529 858 deferendum
557 801 622 868 est,
656 793 691 857 in
722 813 785 876 quo
816 791 911 875 plene
938 801 1094 875 tanquam
1122 793 1157 857 in
1212 793 1315 859 Deum
1349 791 1552 876 platandum,
1585 811 1681 876 quam
1701 792 1729 857 si
1749 792 1877 875 piaoula
1907 801 2110 875 quaererent
2140 815 2182 858 ex

189 879 266 943 viva
285 879 427 962 imagine
450 878 581 960 agnosoi
604 878 684 944 vult.
730 877 868 944 Summa
890 886 949 961 est,
976 879 1037 945 hoe
1059 879 1158 944 saeri-
1209 878 1436 944 abominandis
1459 880 1607 961 gentium
1630 877 1817 962 saerilegiis.
1861 876 1926 945 Ubi
1949 879 1984 942 in
2015 879 2084 944 fine
2113 900 2181 944 ver·

189 964 299 1029 fioium
321 964 394 1028 aliis
416 964 567 1028 omuibus
592 965 747 1046 praeferri
777 963 908 1047 aDeo,
939 964 1016 1030 dum
1045 964 1158 1030 fideles
1209 983 1265 1031 sus
1286 963 1364 1030 dioit
1385 969 1413 1028 et
1433 983 1509 1029 sane
1530 964 1704 1047 elegeratis,
1735 964 1788 1028 hio
1809 964 1899 1030 loous
1921 963 2073 1029 bifariam
2096 967 2181 1030 verti

190 1069 269 1116 vera
290 1050 340 1114 sui
364 1049 576 1132 abnegatione
599 1050 645 1114 aio
674 1050 829 1132 prostrati
857 1050 979 1128 iacent,
1010 1058 1048 1115 ut
1077 1050 1158 1114 nihil
1210 1056 1328 1131 potest.
1372 1048 1458 1114 Nam
1491 1049 1666 1115 relativum
1699 1059 1767 1115 tam
1799 1049 1834 1114 in
1889 1058 1982 1115 entes
2014 1070 2114 1133 quam
2145 1050 2181 1116 in

191 1135 230 1201 de
253 1157 287 1201 se
309 1135 411 1200 ultum
434 1135 579 1218 sapiant,
608 1134 664 1200 sed
695 1137 861 1217 patiantur
887 1157 923 1201 se
952 1137 987 1200 in
1017 1134 1158 1201 nihilum
1209 1135 1350 1201 Iudaeos
1372 1138 1479 1218 potest
1500 1144 1699 1217 oompetere:
1733 1155 1851 1219 nempe
1867 1070 2010 1201 iudaeos
2037 1156 2076 1201 se
2106 1138 2180 1202 mis·

189 1220 303 1304 redigi.
347 1219 404 1286 Sio
426 1231 459 1285 et
481 1220 612 1285 Psalmo
634 1220 674 1285 51
698 1219 742 1306 (v.
766 1221 834 1370 lig:
858 1218 1063 1287 Saorifioium
1087 1221 1158 1285 Deo
1209 1221 1315 1288 ouisse
1336 1227 1432 1302 atque
1453 1221 1634 1286 involvisse
1656 1221 1766 1303 impiis
1787 1220 1904 1288 ritibus
1933 1221 2102 1305 gentium,
2130 1221 2181 1287 vel

190 1308 325 1388 spiritus
347 1307 520 1382 contritus,
543 1327 599 1371 oor
621 1307 777 1372 sidietum
829 1326 887 1372 eus
909 1328 975 1371 non
992 1306 1157 1390 despioiee.
1210 1327 1287 1372 suaa
1311 1307 1455 1389 ipsorum
1476 1307 1685 1372 inventiones
1707 1316 1860 1390 sequutus
1887 1327 1969 1373 esse.
2014 1308 2066 1373 Ao
2095 1309 2180 1390 prior

190 1391 278 1472 Quia
301 1401 409 1457 autem
434 1392 513 1457 haee
541 1393 700 1457 modestia
728 1392 804 1458 fidei
834 1391 1033 1457 dooilitatem
1062 1393 1159 1477 parit,
1211 1391 1339 1475 quidem
1374 1392 1534 1475 expositio
1567 1413 1632 1458 non
1666 1392 1750 1457 male
1782 1390 1957 1475 quadraret
1995 1393 2063 1458 nisi
2097 1404 2180 1459 esset

189 1478 244 1543 hio
278 1497 405 1560 quoque
439 1478 569 1560 pietatis
602 1479 738 1543 effeetus
771 1477 917 1554 additur,
958 1488 994 1543 ut
1035 1478 1160 1544 deieota
1210 1487 1337 1543 ooaota:
1370 1479 1446 1560 quia
1468 1498 1583 1543 nomen
1606 1479 1754 1560 gentium
1776 1480 1865 1562 prius
1893 1498 2090 1561 expressum
2118 1500 2179 1544 non

189 1564 279 1628 omui
312 1563 494 1646 porvioaoia
527 1572 668 1627 tremant
701 1563 742 1627 ad
774 1584 955 1628 sermonem
986 1563 1061 1629 Dei.
1106 1565 1159 1629 Ex
1183 1612 1186 1629 ι
1210 1562 1284 1628 fuit.
1328 1563 1394 1629 Hie
1426 1564 1513 1628 enim
1547 1562 1679 1630 sceleris
1706 1564 1856 1629 oumulus
1886 1565 1947 1630 luit
1975 1564 2010 1629 in
2038 1562 2180 1644 Iudaeis,

190 1649 242 1713 his
265 1648 372 1713 verbis
394 1648 576 1731 colligenda
598 1659 648 1713 est
670 1649 808 1732 insignis
835 1649 1028 1714 consolatio:
1062 1650 1159 1714 Tam·
1211 1648 1297 1731 quod
1319 1669 1384 1714 non
1407 1658 1535 1713 tantum
1558 1649 1652 1715 abusi
1681 1660 1759 1715 sunt
1787 1669 1868 1731 puro
1890 1649 1956 1714 Dei
1985 1648 2098 1728 oultu,
2126 1651 2180 1716 sed

190 1734 253 1799 etsi
275 1734 385 1798 miseri
409 1734 577 1798 videamur
599 1734 634 1798 in
657 1743 771 1798 nostra
794 1734 970 1800 deieotione
992 1744 1026 1800 et
1054 1736 1158 1800 humi·
1211 1736 1309 1799 etiam
1331 1744 1515 1816 contempta
1537 1734 1608 1818 lege
1637 1735 1794 1818 templum
1823 1746 1856 1800 et
1883 1736 1955 1802 looa
1981 1736 2097 1801 omnia
2122 1737 2183 1799 im·

190 1819 299 1898 litate,
334 1827 432 1901 atque
462 1819 590 1902 indigni
624 1819 793 1885 hominum
825 1829 1017 1903 eonspeotu,
1048 1829 1159 1886 tamen
1184 1880 1187 1897 ,
1211 1821 1273 1903 piis
1296 1828 1329 1884 et
1349 1820 1500 1885 nefandis
1523 1820 1639 1886 ritibus
1656 1832 1921 1905 eonspurearunt.
1955 1821 2183 1887 Exstruebant

192 1906 304 1970 boatos
327 1916 359 1969 et
381 1905 490 1969 felices
514 1926 593 1982 esse,
618 1925 719 1987 quum
741 1926 799 1971 noa
822 1906 973 1989 respioiat
996 1907 1159 1971 Dominus
1184 1902 1187 2007 l
1211 1905 1350 1983 excelsa,
1370 1905 1460 1971 lnoos
1481 1905 1673 1989 plantabant
1695 1917 1728 1973 et
1750 1908 1946 1987 nutriebant,
1967 1907 2114 1973 edebant
2134 1908 2183 1971 lu-

190 2000 225 2056 et
247 1992 356 2055 lavore
378 2011 436 2055 suo
454 1999 679 2074 prosequatur.
711 1990 823 2071 Quum
845 1993 886 2056 ad
902 1992 1160 2074 desperationem
1211 1989 1279 2071 dos,
1302 1988 1441 2056 edebant
1462 1992 1660 2073 speotaoula,
1689 2001 1881 2075 eaeteraque
1903 1993 2015 2057 omnia
2036 2014 2123 2075 quae
2143 1993 2182 2057 ad

191 2076 412 2151 sollieitamur,
436 2081 615 2160 cogitemus
637 2077 817 2141 Dominum
841 2076 901 2143 hoo
929 2077 1025 2142 modo
1047 2099 1160 2143 servos
1184 2012 1188 2170 l
1211 2077 1466 2160 corrumpendos
1488 2078 1613 2142 animos
1634 2079 1786 2143 instituta
1807 2088 1901 2143 erant
1921 2077 2182 2143 aemulabantur.

191 2181 277 2239 suos,
301 2161 453 2243 quamvis
476 2162 516 2227 ad
546 2162 669 2226 inferos
699 2183 802 2245 usque
831 2162 944 2229 deieoti
972 2165 1033 2229 sub
1062 2184 1161 2229 onere
1210 2161 1263 2226 Ita
1288 2162 1422 2230 oonfusa
1449 2162 1607 2245 quaedam
1638 2162 1905 2245 superstitionum
1933 2164 2066 2248 farrago
2097 2165 2181 2247 apud

191 2268 290 2331 prope
312 2247 475 2329 defioiant,
498 2248 662 2312 tamenin
684 2249 811 2313 eoelum
834 2249 982 2314 evehere.
1211 2249 1299 2331 ipsos
1322 2258 1406 2325 erat,
1439 2248 1543 2330 qualis
1571 2248 1666 2314 hodie
1692 2257 1858 2332 speetatur
1886 2250 1922 2313 in
1952 2260 2096 2332 papatu,
2127 2249 2181 2315 ubi

279 2333 308 2397 3.
342 2330 419 2417 (Qui
447 2338 561 2397 mactet
590 2332 714 2417 bovem.)
766 2333 875 2399 Huius
909 2333 1062 2400 versieuli
1095 2333 1159 2400 duo
1211 2343 1363 2399 oonsutos
1386 2336 1491 2400 varios
1513 2344 1665 2400 oentones
1695 2334 1845 2401 videmus
1872 2355 1913 2401 ex
1939 2336 2030 2400 omni
2061 2356 2182 2420 genere

193 2427 272 2484 sunt
295 2419 456 2483 membra:
486 2419 592 2500 priore
615 2419 717 2482 Isaiae
739 2429 848 2500 aperte
870 2421 1068 2502 pronuntiat,
1090 2441 1159 2486 om·
1212 2419 1489 2501 superstitionum,
1519 2440 1585 2485 uon
1605 2428 1734 2485 tantum
1757 2419 1960 2487 ethnicarum
1983 2432 2017 2485 et
2037 2421 2182 2487 iudsioa·

192 2504 250 2568 nia
271 2503 429 2570 seorifioia
457 2505 564 2588 gentis
593 2524 672 2569 snae
701 2503 822 2568 nullius
849 2526 920 2570 esse
949 2507 1044 2588 pretii
1073 2504 1159 2589 apud
1212 2525 1295 2584 rum,
1324 2502 1502 2570 sedetiam
1525 2525 1638 2571 aarum
1661 2525 1741 2590 quas
1764 2504 2180 2590 reoensoxoogitavitSa·

192 2591 310 2667 Deum,
334 2588 390 2655 sed
412 2610 536 2655 meram
559 2610 629 2655 esse
651 2589 939 2657 abominationem:
964 2591 1067 2657 altero
1083 2592 1158 2657 hor·
1211 2599 1285 2673 tan,
1318 2600 1355 2655 ut
1381 2591 1509 2657 iaoilius
1537 2595 1571 2656 et
1599 2590 1722 2656 maiore
1751 2610 1826 2656 eum
1854 2605 2029 2675 praetextu
2061 2592 2181 2657 mundo

191 2674 327 2739 rendam
350 2676 567 2757 oorruptelam
590 2683 693 2755 notat,
722 2694 787 2758 qua
807 2676 891 2741 ritus
913 2679 1058 2761 gentium
1080 2679 1158 2742 mis·
1210 2675 1401 2758 imponeret.
1435 2676 1507 2742 Hos
1524 2696 1601 2760 ergo
1624 2695 1661 2741 ao
1679 2677 1801 2742 similes
1821 2676 1872 2744 bis
1889 2676 2097 2744 damnandos
2113 2699 2181 2743 esse

192 2770 326 2826 onerant
360 2761 525 2827 sacrifieiis
558 2760 655 2844 legis,
696 2771 792 2844 atque
825 2760 885 2828 hoo
921 2763 1017 2828 modo
1050 2764 1158 2828 omnia
1211 2762 1328 2826 merito
1355 2761 1476 2828 dioeret
1506 2764 1681 2846 propheta,
1714 2761 1801 2844 quod
1831 2783 1933 2846 quom
1961 2763 2090 2828 iaotent
2116 2764 2178 2829 Dei

191 2856 404 2929 corruperant
433 2866 470 2911 ao
499 2855 736 2929 perverterant.
788 2847 941 2930 Plerique
970 2848 1021 2913 his
1049 2850 1159 2915 verbis
1211 2867 1340 2930 nomen,
1361 2859 1459 2930 atque
1481 2850 1549 2913 eius
1571 2849 1694 2914 uultum
1718 2849 1942 2930 profiteantur,
1970 2868 2048 2914 eum
2072 2859 2179 2915 tamen

191 2932 349 2998 saorifioia
373 2932 454 3014 legis
476 2932 626 3014 abrogari
649 2941 775 3015 putant,
798 2932 855 2998 sed
877 2934 1052 2999 falluntur:
1080 2956 1158 3017 quo·
1210 2933 1389 3017 saerilegiis
1411 2934 1586 3017 impiarum
1615 2933 1761 3016 gentium
1790 2933 1933 3016 polluere
1962 2946 1996 2999 et
2023 2936 2180 3000 oontumi·

192 3018 280 3081 niam
313 3016 416 3082 Isaiae
449 3016 534 3082 idem
574 3017 634 3082 hoo
674 3018 742 3082 loeo
779 3027 897 3084 traotat
935 3020 1022 3102 quod
1063 3031 1159 3086 antea
1211 3039 1366 3084 narenon
1384 3019 1512 3101 pudeat.
1545 3017 1660 3084 Altera
1677 3020 1902 3102 interpretatio
1921 3040 2027 3103 neque
2044 3021 2180 3087 obseura

192 3103 296 3184 eapite
320 3103 337 3166 1
361 3109 394 3167 et
415 3101 467 3166 58.
517 3102 630 3184 Neque
660 3102 793 3167 damnat
821 3106 964 3186 praecise
992 3107 1157 3182 saorifioia,
1211 3116 1274 3181 est,
1305 3115 1338 3168 et
1360 3125 1520 3188 peraeque
1542 3105 1712 3183 eonvenit,
1741 3103 1880 3170 Iudaeos
1910 3105 2059 3172 addietos
2080 3106 2179 3171 fuisse

192 3190 249 3252 sed
271 3188 379 3270 potius
400 3208 513 3253 eorum
537 3189 617 3251 vitia
639 3199 670 3252 et
693 3190 908 3272 corruptelas,
936 3190 1021 3273 quod
1050 3191 1157 3257 fallaoi
1210 3190 1277 3255 suis
1299 3194 1490 3256 oommentis
1507 3199 1540 3255 et
1557 3200 1711 3272 sequutos
1728 3211 1799 3256 esse
1816 3211 1893 3257 suas
1909 3191 2178 3258 abominationes.

191 3273 344 3356 nudaque
366 3273 473 3356 speeie
496 3274 645 3337 satisfieri
669 3272 740 3338 Deo
763 3284 917 3357 putarent
946 3274 1073 3342 Iudaei:
1109 3288 1158 3342 at·
1211 3274 1318 3359 Negat
1347 3275 1451 3358 igitur
1474 3275 1580 3341 Deum
1609 3297 1650 3340 ex
1675 3276 1783 3342 animo
1814 3276 1920 3343 oolere
1950 3277 2006 3358 qui
2031 3297 2096 3360 pro
2122 3298 2179 3343 sua

192 3380 253 3441 que
275 3361 399 3424 interea
423 3378 535 3424 verum
559 3359 706 3424 timorem
722 3360 785 3425 Dei
807 3373 840 3426 et
861 3381 976 3444 puram
994 3361 1158 3429 oonsoien-
1210 3359 1344 3424 libidine
1366 3381 1439 3425 aum
1462 3369 1681 3440 oontemnant,
1705 3383 1770 3426 non
1788 3361 1883 3427 modo
1901 3364 1976 3446 quia
1996 3362 2089 3447 pleni
2106 3372 2181 3429 sunt

191 3446 272 3510 tiam
303 3445 515 3528 negligerent.
567 3443 638 3509 Non
671 3445 812 3527 loquitur
842 3448 985 3530 ergode
1014 3450 1157 3532 reipsa,
1211 3446 1358 3524 eventia,
1381 3444 1463 3526 odio,
1486 3447 1670 3529 ambitione,
1699 3446 1878 3525 fraudibus,
1909 3449 2050 3514 saevitia
2073 3458 2108 3514 et
2128 3470 2179 3515 ra·

190 3531 246 3596 sed
270 3532 417 3596 homiues
439 3530 630 3614 perstringit
651 3532 707 3613 qui
729 3530 896 3597 saerifioiis
925 3531 1157 3600 abutebantur:
1210 3531 1312 3613 pinis:
1346 3531 1401 3596 sed
1425 3532 1502 3615 quia
1522 3533 1590 3598 suis
1619 3534 1783 3617 figmentis
1805 3533 1868 3598 Dei
1897 3534 2023 3599 uultum
2053 3532 2180 3600 adulte·

191 3618 265 3699 quia
288 3617 348 3682 hoo
378 3615 571 3681 tantundem
601 3627 672 3681 erat
700 3637 794 3699 quam
819 3617 891 3683 Deo
919 3629 1074 3701 putamen
1102 3641 1158 3686 va·
1210 3628 1295 3681 rant.
1338 3617 1411 3683 Etsi
1434 3620 1521 3683 enim
1543 3619 1718 3682 relativum
1746 3618 1785 3683 de
1814 3618 1944 3684 Iudaeis
1971 3619 2178 3704 intelligitur,

190 3721 269 3767 uuae
304 3703 396 3767 nucis
430 3702 556 3767 offerre.
608 3704 745 3768 Summa
777 3712 844 3782 est,
877 3704 968 3770 nulla
1000 3707 1158 3772 saorifioia
1213 3723 1325 3767 omnes
1348 3711 1457 3767 tamen
1479 3704 1725 3785 superstitiones
1749 3703 1882 3768 damnat
1904 3704 2076 3788 propheta,
2099 3726 2179 3788 quas

190 3786 318 3869 plaeere
341 3788 411 3852 Deo
433 3787 495 3851 uisi
518 3807 599 3869 quae
621 3810 640 3852 a
662 3809 742 3870 puro
764 3791 873 3854 animo
895 3799 927 3853 et
941 3799 1029 3856 reota
1044 3792 1157 3857 volun·
1210 3788 1350 3853 mutuati
1372 3797 1466 3854 erant
1487 3790 1668 3871 aprolanis
1686 3789 1848 3873 gentibus.
1882 3790 1936 3856 Ita
1952 3789 1988 3855 in
2005 3811 2043 3855 re
2062 3812 2176 3874 parum

190 3883 258 3937 tate
278 3873 537 3955 profioisountur.
572 3872 704 3937 Interea
721 3875 885 3956 probabile
900 3885 951 3941 est
965 3876 1158 3959 prophetam
1211 3883 1260 3938 est
1282 3872 1494 3940 discriminis:
1528 3875 1602 3956 qaia
1625 3885 1753 3939 tantum
1776 3873 1876 3953 dooet,
1899 3896 2000 3959 quum
2024 3874 2180 3943 sudaster

191 3956 335 4022 alludere
365 3958 405 4021 ad
434 3958 592 4023 saorifioia
620 3960 781 4041 gentium,
815 3980 897 4042 quae
930 3961 1093 4027 horrenda
1125 3972 1158 4026 et
1209 3969 1243 4023 et
1265 3968 1416 4042 proterve
1437 3961 1551 4042 iugum
1574 3960 1636 4025 Dei
1658 3961 1870 4038 exousssrint,
1891 3980 1992 4044 quum
2013 3961 2105 4045 apud
2125 3982 2180 4029 eos

191 4053 378 4126 portentosa
399 4054 501 4107 orant.
546 4043 734 4108 Maotabant
760 4045 848 4109 enim
877 4047 970 4112 vivos
999 4048 1157 4128 homines,
1208 4045 1316 4127 palam
1337 4054 1505 4128 grassetur
1526 4045 1691 4128 impietas,
1721 4045 1879 4130 quidquid
1900 4046 1941 4113 ab
1961 4046 2043 4129 ipsis
2066 4057 2178 4114 manat

191 4136 249 4193 ant
272 4127 493 4193 defodiebant:
516 4151 536 4193 a
557 4149 620 4211 quo
642 4128 763 4194 scelere
786 4151 845 4195 neo
865 4131 1016 4216 Romani,
1045 4135 1100 4216 qui
1121 4154 1157 4199 aa
1208 4131 1374 4211 impurum
1398 4150 1435 4195 ao
1457 4129 1682 4195 detestandum
1704 4152 1784 4199 esse.
1828 4131 1941 4215 Neque
1964 4132 2055 4198 enim
2078 4132 2177 4199 rivuli

191 4214 407 4299 religiosiores
430 4214 502 4278 aliis
524 4234 594 4279 esso
616 4215 784 4298 putabant,
807 4215 873 4280 imo
895 4237 955 4282 neo
969 4217 1082 4284 Iudaei
1104 4219 1158 4284 ab
1209 4235 1250 4280 ex
1283 4214 1412 4280 turbido
1442 4224 1476 4279 et
1504 4216 1673 4299 inquinato
1702 4217 1792 4282 fonte
1820 4216 1926 4284 lutum
1956 4226 1992 4283 et
2019 4218 2175 4285 foetorem

190 4301 387 4365 stinuerunt.
432 4298 522 4379 Quin
545 4299 643 4365 etiam
672 4300 854 4383 parrioidiis
884 4302 994 4368 multis
1023 4324 1058 4369 se
1085 4305 1156 4386 pol·
1211 4300 1380 4365 trahentes
1401 4300 1475 4382 puri
1497 4311 1554 4365 aut
1576 4302 1689 4384 liquidi
1712 4323 1782 4367 esse
1803 4312 1949 4385 possunt.
1993 4302 2122 4371 Eleatio
2143 4314 2179 4369 et

189 4385 323 4450 luerunt
344 4383 520 4468 κακιζηλοι
541 4386 707 4462 homines,
739 4384 816 4450 dum
844 4407 879 4452 se
907 4396 1033 4470 patrem
1060 4408 1156 4455 snum
1210 4384 1406 4450 desiderium
1428 4388 1663 4453 oontumaoiam
1686 4388 1831 4471 apertius
1853 4388 2028 4473 detegunt:
2060 4409 2177 4473 nempe

190 4472 358 4536 Abraham
391 4472 483 4552 aequi
516 4471 754 4537 existimabant.
808 4470 901 4537 Idem
941 4493 1019 4556 ergo
1052 4474 1157 4540 faeere
1208 4471 1286 4553 quia
1307 4470 1446 4537 seientes
1467 4478 1501 4536 et
1523 4472 1671 4538 volentes
1694 4474 1812 4556 spretis
1834 4473 1896 4540 Dei
1918 4473 2087 4541 mandatis
2106 4477 2176 4541 ani·

189 4559 279 4640 ipsos
302 4556 378 4621 dioit
400 4556 513 4632 Isaias,
541 4556 618 4622 dum
642 4565 784 4622 maotant
805 4560 920 4622 bovem
943 4578 980 4624 ao
1002 4557 1030 4622 si
1051 4558 1157 4625 homi·
1209 4576 1299 4621 mum
1323 4554 1501 4621 adieoerint
1523 4556 1564 4623 ad
1586 4560 1695 4624 omnia
1717 4560 1896 4640 eontraria,
1926 4580 1964 4628 ao
1984 4561 2013 4626 si
2034 4579 2080 4626 ex
2101 4580 2176 4645 pro·

190 4664 264 4707 nem
303 4642 536 4708 interimerent.
598 4644 704 4725 Atque
744 4643 791 4707 ita
828 4641 971 4707 ostendit
1007 4643 1156 4727 Iudaeos,
1207 4640 1291 4707 fesso
1323 4661 1477 4723 respuere
1506 4643 1630 4708 vellent
1658 4643 1813 4729 quidquid
1843 4665 1863 4710 a
1891 4645 1963 4711 Deo
1994 4647 2175 4729 proieotum

189 4727 318 4793 tametsi
341 4728 535 4809 peouliarem
559 4727 683 4793 uultum
705 4735 804 4810 atque
830 4748 850 4792 a
872 4728 943 4793 Deo
964 4729 1155 4795 institutum
1210 4738 1289 4805 erat,
1312 4735 1349 4790 ut
1371 4746 1490 4807 pravae
1512 4748 1589 4793 suae
1610 4729 1781 4812 eupiditati
1802 4751 1925 4797 morem
1948 4744 2112 4815 gererent.

190 4812 357 4890 haberent,
381 4824 491 4878 tamen
513 4813 614 4877 nihilo
632 4813 781 4879 meliores
798 4834 868 4879 esse
883 4813 1045 4898 gentibus,
1068 4814 1156 4897 apud
1293 4811 1322 4876 4.
1352 4809 1436 4894 (Epo
1457 4813 1597 4900 quoque.)
1648 4814 1817 4899 Significat
1869 4817 2008 4900 ropheta
2036 4815 2173 4883 Iudaeos

212 4920 269 4964 uus
299 4899 409 4964 omnia
438 4900 574 4982 prolana
601 4908 634 4962 et
662 4899 789 4981 impura
818 4910 928 4964 eraut:
963 4921 1023 4966 neo
1051 4901 1154 4985 magia
1207 4895 1291 4961 nihil
1314 4898 1468 4979 profioere
1499 4899 1575 4963 dnm
1604 4902 1711 4965 varios
1740 4837 1921 4967 obtenibnt
1949 4910 1982 4969 et
2010 4903 2175 4985 speoiosos

190 4921 261 5050 beo
293 4983 438 5068 probari:
481 4985 558 5068 quia
590 4985 719 5066 pietatis
758 4985 923 5050 simulatio
962 5006 1028 5051 uon
1061 5007 1154 5052 seous
1207 4982 1330 5048 oolores
1352 5002 1388 5047 uo
1403 4983 1604 5068 subterfugia
1619 4997 1797 5067 quaerunt:
1821 4989 1898 5069 qnia
1912 4988 2005 5053 Deus
2019 4988 2173 5054 astutiam

189 5070 340 5151 profanat
363 5071 425 5135 Dei
448 5091 567 5136 nomen
589 5080 686 5152 atque
709 5069 881 5135 adulterini
904 5080 936 5135 et
957 5072 1063 5138 fiotitii
1084 5072 1153 5138 oul·
1208 5067 1376 5132 hominum
1398 5077 1431 5132 et
1452 5069 1562 5134 inania
1583 5073 1682 5136 verba
1704 5073 1787 5137 nihil
1809 5081 1965 5140 moratur.
1997 5073 2069 5140 Neo
2087 5085 2173 5141 oerte

190 5165 252 5221 tus.
296 5154 402 5235 Quam
426 5175 503 5222 vero
531 5156 712 5222 necessarie
740 5156 839 5219 fuerit
868 5156 948 5223 bueo
976 5157 1153 5223 admonitio
1178 5192 1182 5291 l
1206 5153 1315 5217 Deum
1349 5154 1481 5252 ingenie
1502 5165 1625 5252 ‘nostro
1658 5159 1767 5223 metiri
1800 5157 1906 5237 deoet,
1938 5179 1999 5225 neo
2031 5158 2174 5243 pendere

190 5239 266 5305 alibi
288 5240 444 5308 vidimus:
479 5243 556 5324 quia
578 5240 632 5307 ubi
656 5241 815 5307 eoelerum
837 5243 982 5308 omnium
1013 5244 1154 5310 eonvioti
1207 5247 1336 5322 oportet
1364 5258 1384 5302 a
1412 5238 1530 5306 indroro
1558 5240 1743 5308 hominum:
1777 5243 1833 5310 sed
1862 5244 1904 5311 de
1929 5243 2082 5328 operibus
2110 5245 2173 5311 Dei
