4784 5970
200 392 265 458 599
1015 393 1403 464 PRAELEO'PIONES
2161 392 2231 458 600

199 585 401 650 consumitur
437 582 557 648 dicitur
593 604 664 650 esse
697 586 895 669 perfectum,
933 584 1011 669 quia
1049 586 1180 649 venitur
1231 583 1307 650 dam
1323 583 1409 649 hanc
1423 593 1551 669 partem
1566 584 1678 649 differt
1691 580 1861 667 propheta,
1882 593 1917 648 et
1933 590 2069 647 tautum
2092 601 2227 666 poenae

200 687 330 750 semper
351 668 392 733 ad
415 669 526 733 finem.
571 668 668 735 Nunc
698 681 858 747 tenemus,
886 672 916 736 si
945 670 1073 752 placeat
1100 669 1182 735 haec
1232 669 1391 735 meminit.
1435 669 1558 734 Postea
1579 668 1739 752 adiungit,

200 753 376 835 expositio,
413 775 473 820 cur
510 765 608 838 neget
644 775 678 821 se
715 756 876 838 factumn
910 755 1180 839 mmmmm,

200 843 413 921 quantumvis
446 860 561 904 severe
595 841 770 907 ulciscatur
810 853 944 926 peccata
976 841 1086 924 populi
1120 842 1181 921 sni,
1317 841 1370 907 28.
1406 839 1510 921 eope
1535 838 1589 905 boc
1616 837 1731 923 lugebit
1758 843 1860 918 terra,
1886 843 1915 904 et
1940 841 2123 922 sturm
2153 838 2225 924 (vel

199 944 318 1006 nempe
341 935 378 988 ιιι
405 924 529 1008 aliquid
560 928 629 1009 spei
657 927 827 993 residuum
856 936 991 991 maneat
1018 925 1179 1003 fidelibus,
1231 925 1380 1010 caligine,
1404 938 1462 989 aut
1483 923 1656 1010 nigredine
1675 923 1807 988 obducti
1821 923 1933 1010 erunt)
1953 924 2030 990 cccii
2044 924 2225 991 meaa

199 1029 305 1092 neque
326 1029 461 1092 prorsus
483 1014 731 1078 exanimentur:
763 1013 851 1095 quod
874 1014 977 1089 lieret,
1001 1012 1064 1077 nisi
1087 1013 1181 1076 Deus
1246 1012 1353 1077 nescio
1375 1024 1484 1075 tamen
1503 1030 1546 1073 an
1561 1021 1670 1092 posset
1686 1008 1780 1085 verti,
1803 1009 2114 1094 atransgreesione,
2140 1031 2221 1075 nam

198 1096 406 1178 promitteret
428 1117 464 1161 ee
486 1097 554 1161 lore
577 1099 787 1179 exorabilem,
814 1120 852 1163 ac
874 1117 1050 1162 memorem
1073 1096 1181 1162 foede·
1251 1110 1297 1171 un
1320 1096 1487 1179 significat
1507 1097 1605 1160 etiam
1629 1095 1815 1178 transgredi
1843 1108 1878 1160 et
1898 1093 2109 1181 inquietare),
2141 1096 2224 1178 quia

198 1181 247 1245 ris
269 1182 337 1246 sui:
368 1181 432 1246 nisi
452 1184 536 1246 sorte
559 1183 795 1266 interrogative
824 1184 933 1267 legere
955 1183 1094 1266 placeat,
1117 1203 1180 1263 quo
1230 1182 1376 1264 ἰοᾳιιιιίιιι
1396 1201 1478 1261 mum,
1504 1181 1638 1266 copitcoi
1664 1185 1774 1246 daca
1792 1181 1959 1263 penituit,
1988 1185 2017 1247 et
2047 1200 2117 1246 ιιοιι
2147 1201 2223 1246 coa·

199 1267 353 1331 retundat
368 1267 544 1348 impiorum
560 1270 758 1351 superbiam,
776 1279 812 1333 et
825 1270 971 1334 excutiat
991 1269 1180 1333 iactantiam
1230 1272 1337 1333 vetar
1357 1266 1397 1331 cb
1417 1265 1483 1332 boc.

199 1350 422 1433 impunitatis:
453 1372 490 1417 ac
519 1354 548 1417 si
571 1354 703 1434 diceret,
732 1355 776 1418 ldt
798 1353 907 1419 adhuc
936 1353 1098 1438 negabitis
1126 1374 1179 1418 me

199 1437 483 1520 consumptionem
518 1439 702 1503 laetorum?
748 1440 822 1505 Etsi
855 1445 966 1503 autem
1000 1439 1089 1520 prior
1121 1460 1178 1504 ex·
1317 1437 1383 1502 Hic
1412 1437 1620 1520 prosequitur
1646 1437 1803 1502 Ieremias
1832 1435 1971 1501 eandem
2002 1439 2221 1512 sententiam,

198 1523 316 1603 positio
338 1522 521 1588 uberiorem
553 1525 698 1589 continet
726 1523 925 1591 doctrinam:
956 1523 1037 1589 mihi
1068 1535 1178 1589 tamen
1230 1532 1263 1588 et
1296 1543 1425 1605 semper
1457 1522 1567 1588 Deum
1600 1523 1786 1606 loquentem
1826 1521 1967 1600 inducit,
2006 1543 2073 1605 quo
2107 1524 2220 1606 magis

197 1608 303 1691 magis
325 1609 483 1689 probatur
505 1594 570 1676 nh)
594 1630 654 1691 pro
675 1612 742 1674 fine
763 1612 875 1691 accipi,
898 1630 937 1675 ac
958 1609 986 1675 si
1005 1610 1179 1675 denuntia·
1230 1607 1415 1691 emphatica
1436 1609 1480 1673 eit
1501 1609 1616 1674 oratio.
1654 1607 1755 1686 Dicit,
1778 1606 1884 1690 Super
1903 1606 1958 1672 boc
1978 1612 2067 1673 terro
2085 1608 2218 1692 lugebit.

198 1703 259 1770 ret,
281 1694 409 1757 nullum
427 1694 489 1759 sibi
506 1696 574 1759 lore
590 1694 725 1759 modum
744 1696 986 1778 persequendae
1005 1696 1178 1773 vindictae,
1230 1694 1375 1760 Luctum
1398 1707 1505 1759 terrae
1526 1694 1581 1759 hic
1603 1694 1721 1777 accipit
1741 1714 1800 1776 pro
1818 1693 1979 1776 squalore,
2002 1693 2062 1759 sed
2080 1695 2219 1777 respicit

198 1797 237 1843 ac
259 1778 376 1843 similis
400 1780 548 1861 proximo
570 1781 676 1862 capite
691 1791 840 1846 occurret
859 1781 1017 1864 loquutio.
1052 1780 1178 1846 Gonni·
1231 1779 1271 1844 ad
1295 1779 1499 1862 superiorem
1523 1778 1714 1844 doctrinam.
1758 1778 1834 1844 Non
1863 1778 2008 1860 loquitur
2030 1777 2074 1843 de
2103 1794 2218 1844 terrae

198 1882 263 1926 nus
291 1884 369 1947 ergo
398 1884 514 1929 sensus
544 1870 618 1944 erit,
640 1864 750 1930 Deum
781 1866 903 1949 absque
931 1867 998 1931 fine
1021 1866 1180 1931 vastando
1231 1865 1364 1929 incolis:
1393 1867 1547 1948 namqui
1570 1866 1616 1930 ita
1639 1873 1818 1947 exponunt,
1847 1865 1989 1928 multum
2017 1862 2216 1930 diminuunt

197 1957 434 2030 perrecturum.
489 1951 589 2015 Varie
623 1952 754 2033 quidem
788 1952 969 2034 loquuntur
1000 1951 1180 2033 prophetae
1231 1971 1275 2014 ex
1300 1951 1462 2015 sermonis
1489 1949 1706 2015 vehementia
1750 1949 1918 2034 Propheta
1945 1950 2031 2014 enirn
2064 1950 2122 2017 hic
2154 1952 2214 2014 tri-

197 2032 252 2097 nbi
286 2033 326 2097 de
362 2035 487 2101 iudiciis
522 2035 584 2100 Dei
620 2038 744 2119 egitur:
782 2036 950 2102 interdum
984 2037 1180 2102 denuntiant
1232 2034 1301 2099 buit
1332 2034 1433 2101 mutis
1461 2034 1633 2101 elementis
1662 2044 1821 2100 terrorem
1851 2045 1885 2099 et
1913 2035 2092 2112 tristitiam,
2125 2035 2214 2119 quod

197 2117 376 2198 interitum,
407 2121 463 2184 ubi
492 2121 575 2186 nihil
598 2122 729 2188 salvum
753 2130 898 2205 apparet,
920 2123 1047 2187 interea
1068 2131 1179 2187 tamen
1231 2121 1335 2185 multo
1368 2120 1443 2203 plus
1475 2120 1596 2198 afficit,
1633 2139 1731 2204 quam
1767 2121 1796 2186 si
1829 2120 1950 2186 dIceret
1982 2122 2016 2185 in
2051 2121 2149 2188 luctu
2182 2133 2214 2187 et

196 2202 290 2269 Deus
308 2225 437 2286 semper
459 2207 621 2272 occultum
642 2207 773 2289 aliquod
793 2228 906 2273 semen
923 2219 1043 2283 servat,
1065 2228 1179 2289 quem·
1230 2226 1379 2271 moerore
1401 2207 1470 2270 fore
1496 2221 1630 2272 cunctos
1660 2205 1825 2271 mortales.
1870 2205 1915 2270 Et
1935 2203 2022 2270 idem
2045 2208 2150 2272 etiam
2174 2207 2213 2272 de

197 2288 373 2354 admodum
399 2290 516 2356 dicitur
542 2304 575 2356 ot
604 2294 712 2375 primo
741 2312 811 2373 cap.
842 2292 957 2367 Isaiae,
988 2304 1019 2356 et
1044 2292 1093 2372 10,
1122 2292 1178 2357 ubi
1230 2292 1327 2357 coelis
1349 2291 1557 2357 sentiendum
1580 2304 1645 2356 est:
1669 2292 1734 2355 imo
1756 2291 1917 2375 posterius
1938 2290 2000 2356 hoc
2020 2294 2210 2357 membrum

198 2375 298 2437 etiam
321 2377 400 2439 satis
430 2391 560 2440 constat
589 2378 667 2458 quid
698 2377 888 2525 intelligant
914 2377 1091 2459 prophetae
1120 2400 1179 2460 per
1230 2377 1374 2442 ostendit
1395 2398 1470 2441 eum
1500 2397 1565 2441 non
1597 2377 1685 2458 loqui
1715 2377 1756 2441 de
1785 2387 1891 2441 terrae
1923 2376 2050 2456 incolis,
2079 2378 2142 2442 sed
2173 2376 2212 2443 de

197 2461 482 2542 consumptionem
512 2463 628 2527 facere.
680 2461 767 2526 Nam
796 2461 864 2526 ilic
893 2464 1039 2527 minatur
1069 2464 1176 2528 Deus:
1228 2463 1301 2545 ipsa
1323 2472 1421 2546 terra,
1454 2461 1641 2544 quaelicet
1669 2482 1767 2527 sensu
1796 2474 1906 2529 careat
1936 2462 2068 2527 videtur
2095 2472 2211 2528 tamen

198 2543 284 2609 lloce
307 2565 368 2629 ego
392 2547 473 2611 facin
494 2548 792 2630 consumptionem:
815 2557 928 2630 postea
946 2559 1055 2612 tamen
1075 2548 1176 2629 addit,
1229 2567 1445 2629 expavescere
1466 2547 1509 2612 ad
1531 2547 1708 2612 vindictam
1731 2546 1805 2612 Dei.
1849 2547 1977 2612 lithos
2006 2547 2107 2612 modo
2136 2569 2210 2631 pro·

139 2630 144 2639 '
198 2627 415 2713 Consumptio
444 2630 502 2696 illa
532 2632 672 2714 aliquem
706 2634 850 2699 fructum
878 2637 993 2716 pariet,
1027 2634 1089 2698 hoc
1115 2645 1174 2711 est,
1252 2633 1328 2697 heta
1361 2655 1402 2697 ex
1428 2633 1539 2697 rebrat
1570 2632 1757 2697 hominibus
1789 2632 1989 2712 socordiam,
2029 2633 2118 2715 quod
2155 2635 2210 2698 ubi

197 2716 282 2795 quod
316 2717 479 2797 reliquum
514 2717 578 2781 erit
605 2738 647 2780 ex
676 2718 933 2802 consumptione.
979 2719 1069 2784 Alibi
1101 2741 1175 2802 pro·
1262 2739 1321 2783 ens
1339 2654 1461 2782 vindex
1484 2730 1619 2800 apparet
1642 2739 1660 2783 e
1681 2717 1780 2795 coelo,
1803 2738 1870 2781 non
1892 2729 2002 2782 tamen
2023 2727 2210 2801 tangantur

196 2798 315 2880 phetae
352 2815 543 2884 comparant
578 2802 747 2867 ecclesiam
781 2803 846 2868 Dei
882 2805 962 2869 oleis
994 2805 1046 2869 vel
1078 2806 1175 2871 olivis
1228 2802 1297 2867 ullo
1318 2804 1444 2868 timore.
1489 2803 1621 2887 Lttpcbt't
1641 2825 1720 2887 ergo
1741 2808 1837 2886 terra,
1858 2808 1886 2866 et
1906 2802 1980 2868 coeli
2000 2802 2141 2888 cethius
2161 2804 2209 2870 ch

195 2896 369 2967 postquam
407 2906 563 2952 excussae
598 2898 694 2964 sunt,
727 2889 780 2953 rel
813 2890 913 2954 etiam
946 2890 1070 2956 vitibus
1102 2904 1174 2973 post
1226 2888 1312 2953 ducti
1334 2894 1434 2972 crum,
1458 2890 1581 2971 inquit:
1612 2889 1673 2954 hoc
1694 2898 1754 2969 est,
1784 2890 1884 2952 etlam
1906 2889 1934 2953 si
1961 2887 2116 2954 homines
2138 2900 2210 2955 etu-

196 2969 389 3037 vindemitas.
440 2972 524 3036 Nam
555 2994 683 3054 semper
712 2980 848 3039 manent
878 2976 1017 3058 exiguae
1045 2974 1175 3059 aliquae
1226 2974 1294 3056 pidi
1325 2988 1490 3049 maneant,
1524 2985 1634 3038 tamen
1664 2983 1696 3038 et
1726 2974 1852 3039 coelum
1883 2985 1916 3038 et
1942 2984 2032 3039 terra
2060 2975 2209 3040 sentient

196 3074 289 3133 uvae,
312 3076 395 3137 quae
417 3056 536 3120 fallunt
558 3059 669 3123 oculos
692 3059 984 3124 vindemiantium:
1007 3062 1054 3126 ita
1075 3062 1173 3127 etiam
1227 3079 1323 3142 quam
1361 3059 1517 3124 horrIbile
1554 3059 1598 3124 sit
1634 3058 1698 3124 Dei
1735 3060 1899 3125 iudicium.
1950 3058 2072 3124 Postea
2104 3060 2207 3139 addit,

196 3157 298 3219 quum
320 3141 409 3205 oleae
432 3144 655 3220 excutiuntur,
678 3155 814 3208 manent
835 3146 870 3209 in
889 3148 1052 3227 supremis
1073 3149 1174 3212 ramis
1230 3145 1385 3226 Quoniam
1407 3146 1555 3225 loquutus
1575 3164 1656 3209 sum.
1700 3143 1843 3225 Quidam
1866 3143 2070 3209 subaudiunt
2092 3146 2208 3212 relati·

196 3224 325 3306 aliquae
343 3227 464 3293 olivae:
487 3228 533 3292 sic
552 3230 649 3292 etlam
667 3228 760 3293 Deus
778 3231 1059 3311 consumptionem
1075 3251 1173 3313 quam
1226 3250 1305 3294 vum
1336 3241 1412 3297 utta
1440 3231 1475 3293 in
1504 3229 1585 3295 haec
1615 3229 1679 3295 duo
1707 3230 1823 3307 verba,
1853 3228 2016 3310 Quoniam
2047 3230 2060 3294 l
2105 3243 2208 3297 nutus

193 3310 273 3375 lacit
294 3312 329 3376 in
359 3313 494 3378 ecelesia
522 3334 591 3392 sua,
621 3314 699 3378 dicit
728 3313 869 3380 similem
898 3315 967 3379 fore
989 3316 1174 3400 vindemiis,
1225 3335 1299 3380 eum
1322 3315 1408 3398 quod
1431 3315 1584 3397 cogitavi,
1612 3326 1654 3391 et,
1680 3313 1757 3379 Non
1780 3315 1958 3398 poenituit:
1986 3313 2044 3380 sed
2066 3335 2085 3380 a
2110 3328 2210 3400 rupta

194 3395 248 3460 vel
267 3400 449 3463 excussioni
465 3399 639 3476 olivarum,
664 3412 700 3463 ut
715 3398 840 3481 aliquid
855 3410 986 3465 maneat
1001 3400 1174 3484 reliquum,
1225 3400 1329 3464 oratio
1350 3420 1414 3463 non
1437 3400 1524 3464 male
1546 3399 1728 3482 quadrabit.
1776 3399 1949 3484 Significat
1975 3402 2068 3465 Deus
2095 3402 2209 3484 primo

193 3482 250 3546 sed
274 3493 383 3548 tamen
407 3485 492 3567 quod
519 3485 623 3569 lugiet
652 3486 773 3551 oculos.
817 3484 886 3550 Nos
917 3506 993 3552 vero
1023 3496 1173 3553 tenemus
1224 3505 1261 3550 se
1282 3485 1458 3568 protulisse
1479 3486 1677 3550 sententiam
1698 3506 1782 3568 quae
1804 3484 1950 3550 manebit
1966 3486 2062 3550 firma
2079 3497 2118 3551 et
2140 3499 2207 3553 eta·

192 3568 269 3650 qnid
303 3572 466 3653 significet
499 3571 675 3653 propheta,
716 3592 835 3654 nempe
864 3583 996 3637 exstare
1034 3575 1171 3638 exitium
1224 3569 1315 3637 hilis:
1344 3573 1437 3654 quasi
1467 3569 1598 3647 diceret,
1632 3570 1705 3653 Ego
1737 3570 1838 3635 semel
1874 3591 1932 3653 per
1963 3590 2078 3636 servos
2114 3593 2208 3639 meos

193 3655 252 3719 toti
286 3656 407 3737 populo
440 3658 487 3719 ιιι
513 3667 551 3719 ιιι
583 3656 713 3722 nullum
746 3659 790 3722 sit
817 3657 890 3723 eius
919 3677 1049 3736 nomen,
1079 3658 1173 3725 nnlla
1225 3656 1418 3721 denuntiavi
1440 3655 1517 3738 quid
1540 3656 1689 3722 facturus
1712 3676 1827 3721 essem.
1865 3654 1994 3722 Scimus
2015 3657 2104 3721 enim
2130 3678 2205 3741 pro·

193 3739 315 3804 forma:
338 3741 424 3822 quod
448 3742 548 3804 etiam
575 3741 693 3806 accidit
718 3764 818 3825 quum
847 3742 1002 3808 abstracti
1031 3755 1108 3809 eunt
1136 3746 1171 3808 in
1224 3742 1340 3823 phetas
1361 3742 1461 3807 luisse
1483 3740 1649 3806 vindictae
1671 3741 1735 3806 Dei
1766 3762 1957 3823 praecones:
1984 3752 2017 3806 et
2046 3746 2206 3825 quoniam

192 3825 327 3890 exilium
367 3826 605 3910 babylonicum.
661 3827 754 3892 'Iunc
786 3830 873 3894 enim
914 3829 1052 3912 populus
1090 3831 1170 3911 ipse,
1224 3847 1320 3908 saepe
1342 3835 1528 3909 contempta
1551 3828 1613 3891 luit
1634 3847 1746 3890 eorum
1765 3825 1921 3904 doctrina,
1944 3836 1981 3891 ιιι
2001 3827 2099 3892 hodie
2124 3850 2206 3912 quo·

193 3910 301 3991 quoad
320 3931 439 3993 corpus
458 3921 574 3986 totum,
598 3912 781 3976 intercidit:
804 3915 852 3978 ita
873 3915 985 3979 nullus
1003 3914 1067 3978 fuit
1082 3915 1170 3980 finis.
1224 3931 1288 3993 que
1311 3911 1453 3977 mundus
1476 3912 1712 3978 contumaciter
1740 3912 1875 3994 respuit,
1907 3922 2003 3994 atque
2023 3933 2126 3996 saepe
2149 3915 2207 3981 de-

193 3994 315 4058 Fateor
338 3996 468 4076 quidem
492 3997 598 4061 minas
622 3997 684 4060 Dei
709 4018 774 4059 non
805 4018 900 4080 posse
927 4000 1023 4064 nobis
1054 3999 1088 4063 in
1118 4022 1170 4064 sa·
1223 3998 1308 4063 ridet
1328 4017 1441 4061 omnes
1463 3998 1587 4061 minas:
1611 3998 1658 4061 ita
1674 3999 1773 4062 etiam
1791 4007 1871 4062 tnnc
1888 3998 2012 4063 accidit.
2057 3996 2128 4064 Sed
2153 3999 2207 4066 hio

192 4079 296 4144 lutam
319 4080 481 4161 prodesse,
508 4082 573 4146 nisi
597 4080 751 4146 adiuncta
778 4085 822 4147 sit
845 4085 961 4148 veniae
988 4086 1171 4166 promissio,
1222 4081 1380 4148 Ieremias
1398 4083 1506 4146 Deum
1529 4082 1636 4164 ipsum
1660 4082 1848 4164 loquentem
1869 4083 2012 4148 inducit:
2034 4085 2132 4165 quasi
2155 4087 2206 4150 di·

193 4170 233 4230 ut
253 4186 311 4247 spe
334 4165 449 4232 salutis
471 4169 570 4232 erecti
597 4167 824 4250 confugiamus
852 4167 894 4232 ad
923 4170 1040 4250 ipsum.
1084 4170 1170 4235 Nam
1223 4176 1320 4246 ceret,
1344 4165 1457 4249 Spreti
1479 4173 1559 4231 sunt
1581 4189 1600 4232 a
1623 4167 1715 4232 robis
1737 4169 1824 4232 servi
1854 4170 1929 4251 mei,
1958 4167 2015 4233 sed
2045 4169 2134 4234 nihil
2157 4172 2204 4236 lo·

192 4250 347 4334 quamdiu
365 4251 586 4334 imaginamur
601 4253 711 4318 Deum
728 4253 820 4317 nobis
835 4273 907 4318 csso
924 4254 1169 4334 inexorabilem,
1222 4255 1315 4334 qnuti
1337 4261 1425 4331 sunt,
1448 4251 1532 4334 quod
1555 4274 1621 4317 non
1645 4251 1888 4317 mandaverim:
1920 4273 1981 4337 ego
2002 4254 2105 4336 igitur
2128 4277 2205 4322 eum

193 4339 339 4422 fugimus
356 4358 486 4401 omnem
506 4358 680 4403 accessum.
714 4337 769 4401 Ita
790 4338 975 4422 desperatIo
993 4339 1095 4424 adigit
1111 4363 1170 4407 nos
1223 4348 1318 4403 autor
1340 4339 1410 4402 eius
1432 4339 1615 4402 sententiae
1642 4359 1705 4421 qua
1727 4357 1787 4402 vos
1810 4339 1940 4420 percelli
1962 4339 2081 4404 decuit
2127 4341 2205 4408 Hoc

191 4423 225 4487 in
260 4425 401 4488 furorem
436 4422 638 4488 diabolicum.
691 4423 780 4489 Hinc
807 4425 906 4488 etiam
940 4426 1070 4507 reprobi
1103 4447 1170 4491 non
1222 4443 1322 4488 sensu
1344 4431 1485 4488 testatur
1507 4422 1599 4489 Deus
1621 4446 1656 4488 se
1679 4425 1777 4488 luisse
1803 4425 1983 4506 loquutum.
2026 4424 2206 4493 Transiert

191 4519 320 4573 tantum
344 4509 491 4572 fremunt
518 4508 676 4574 adversus
699 4508 819 4588 Deum,
848 4530 886 4575 ac
916 4511 1168 4587 tumultuantur,
1222 4510 1310 4573 enim
1332 4509 1374 4573 ad
1396 4529 1431 4573 se
1454 4507 1541 4591 quod
1564 4511 1724 4591 putabant
1744 4508 1856 4574 Iudaei
1908 4509 2064 4576 refectum
2085 4530 2164 4578 esse
2184 4534 2205 4577 a

191 4593 249 4661 sed
281 4594 424 4659 libenter
456 4614 530 4658 oum
561 4594 773 4659 detraherent
802 4617 820 4659 e
849 4615 909 4659 suo
942 4596 1032 4661 solio.
1078 4597 1169 4681 Ergo
1221 4594 1405 4677 prophetis:
1433 4606 1466 4656 ιι
1487 4593 1561 4658 ideo
1584 4596 1742 4675 putabant
1769 4595 1830 4659 sibi
1862 4595 1884 4658 li
1928 4615 2001 4660 rum
2029 4616 2112 4673 esse,
2142 4618 2205 4681 pro

190 4700 322 4746 neeesse
345 4691 394 4745 est
424 4679 517 4744 nobis
546 4682 683 4763 proponi
715 4701 806 4763 spem
830 4682 955 4758 veniae,
985 4692 1023 4745 ut
1052 4687 1169 4766 tanga·
1222 4679 1325 4743 nihilo
1359 4689 1510 4760 reputare
1548 4679 1703 4761 quidquid
1743 4680 1922 4762 prophetae
1963 4691 2078 4745 contra
2111 4686 2204 4766 ipsos

189 4786 265 4830 mur
287 4765 523 4849 resipiscentia.
568 4767 618 4830 Ac
648 4769 800 4847 quoniam
830 4766 910 4831 haec
938 4779 1097 4848 perpetua
1119 4780 1169 4832 est
1221 4765 1533 4847 pronuntiaverant:
1566 4763 1637 4846 Epo
1664 4783 1736 4828 eum
1763 4765 1839 4844 spec,
1869 4766 1977 4848 inquit
1998 4766 2099 4831 Deus.
2150 4770 2204 4833 Ita

189 4852 371 4934 promissio,
401 4850 559 4935 quidquid
582 4852 715 4929 accidat,
744 4854 842 4916 etiam
865 4853 892 4917 si
915 4863 1068 4935 putemus
1097 4875 1166 4919 coe·
1221 4851 1332 4915 subest
1360 4848 1534 4914 antithesis
1563 4850 1650 4913 inter
1673 4849 1780 4911 Deum
1814 4862 1848 4915 et
1881 4852 2071 4933 prophetas:
2106 4857 2202 4934 quasi

190 4937 258 5001 lum
293 4950 400 5002 terrae
431 4958 502 5002 esse
531 4937 742 5019 permixtum,
775 4951 807 5001 et
837 4937 985 5020 undique
1016 4939 1169 5003 interitus
1221 4936 1344 4999 diceret
1365 4936 1488 4999 frustra
1511 4935 1649 4999 ludaeos
1672 4941 1802 5015 torpere
1824 4936 1858 4999 in
1890 4938 1958 5001 suis
1986 4938 2090 5016 malis,
2123 4942 2204 5021 quia

189 5044 249 5089 nos
276 5022 317 5086 ad
345 5023 553 5087 formidinem
583 5021 739 5103 impellat,
770 5032 879 5086 tamen
912 5022 1090 5088 tenendum
1120 5035 1169 5089 est
1220 5033 1376 5104 putarent
1398 5022 1545 5085 sibicsse
1564 5021 1817 5100 negotiantum
1837 5021 2044 5086 mortalibus:
2068 5027 2204 5105 quando

188 5107 310 5189 aliquid
336 5128 466 5191 semper
494 5109 562 5172 lore
592 5108 764 5189 reliquum,
795 5109 892 5172 sicuti
923 5109 1098 5173 citavimus
1128 5131 1168 5173 ox
1221 5107 1313 5170 Deus
1336 5115 1431 5169 autor
1455 5107 1560 5169 suerat
1578 5106 1683 5168 servis
1701 5108 1778 5182 suis,
1803 5118 1837 5170 ut
1857 5108 2091 5184 denuntiarent
2110 5113 2203 5192 quod

189 5193 293 5274 primo
315 5200 348 5256 et
373 5194 423 5258 10.
444 5214 514 5275 cap.
538 5194 655 5259 Isaiae.
690 5192 813 5256 Verum
835 5195 910 5273 quia
929 5194 1075 5257 nondum
1096 5215 1167 5276 per·
1221 5191 1436 5276 spernebatur
1465 5193 1612 5254 exitium.
1659 5191 1724 5255 Sed
1748 5213 1788 5256 ne
1812 5205 1926 5273 putent
1948 5192 2057 5256 Deum
2081 5195 2131 5259 sic
2155 5197 2203 5261 lo·

188 5277 355 5360 cipiendae
378 5280 594 5345 consolationi
616 5290 768 5344 maturus
787 5288 858 5343 erat
880 5279 1028 5362 populus,
1052 5298 1167 5344 secun·
1221 5286 1360 5359 quntum
1384 5296 1464 5355 esse,
1492 5289 1528 5338 ut
1556 5273 1639 5336 falso
1661 5296 1714 5342 eos
1745 5285 1892 5360 terreret,
1921 5279 2203 5360 quemadmodum
