<?xml version="1.0" encoding="UTF-8"?>
<!DOCTYPE html PUBLIC "-//W3C//DTD XHTML 1.0 Transitional//EN"
    "http://www.w3.org/TR/xhtml1/DTD/xhtml1-transitional.dtd">
<html xmlns="http://www.w3.org/1999/xhtml" xml:lang="en" lang="en">
 <head>
  <title>
</title>
<meta http-equiv="Content-Type" content="text/html;charset=utf-8" />
  <meta name='ocr-system' content='tesseract 3.04.00' />
  <meta name='ocr-capabilities' content='ocr_page ocr_carea ocr_par ocr_line ocrx_word'/>
</head>
<body>
  <div class='ocr_page' id='page_1' title='image "./corpusreformato04melagoog_0060.png"; bbox 0 0 4784 5970; ppageno 0'>
   <div class='ocr_carea' id='block_1_1' title="bbox 196 367 2194 440">
    <p class='ocr_par' dir='ltr' id='par_1_1' title="bbox 196 367 2194 440">
     <span class='ocr_line' id='line_1_1' title="bbox 196 367 2194 440; baseline -0.002 -7"><span class='ocrx_word' id='word_1_1' title='bbox 196 367 236 433; x_wconf 85' lang='lat'>89</span> <span class='ocrx_word' id='word_1_2' title='bbox 1042 367 1191 434; x_wconf 73' lang='lat' dir='ltr'>CAPUT</span> <span class='ocrx_word' id='word_1_3' title='bbox 1213 367 1344 433; x_wconf 86' lang='lat' dir='ltr'>XLIII.</span> <span class='ocrx_word' id='word_1_4' title='bbox 2151 374 2194 440; x_wconf 82' lang='lat'>90</span> 
     </span>
    </p>
   </div>
   <div class='ocr_carea' id='block_1_2' title="bbox 195 555 2266 983">
    <p class='ocr_par' dir='ltr' id='par_1_2' title="bbox 195 555 2193 810">
     <span class='ocr_line' id='line_1_2' title="bbox 195 555 2192 644; baseline 0.004 -22"><span class='ocrx_word' id='word_1_5' title='bbox 195 556 413 641; x_wconf 78' lang='lat' dir='ltr'>intelligentia</span> <span class='ocrx_word' id='word_1_6' title='bbox 433 556 619 622; x_wconf 87' lang='lat' dir='ltr'>ooniunxit:</span> <span class='ocrx_word' id='word_1_7' title='bbox 644 576 685 620; x_wconf 93' lang='lat' dir='ltr'>ne</span> <span class='ocrx_word' id='word_1_8' title='bbox 703 557 841 620; x_wconf 88' lang='lat' dir='ltr'>alterum</span> <span class='ocrx_word' id='word_1_9' title='bbox 861 556 901 620; x_wconf 88' lang='lat' dir='ltr'>ab</span> <span class='ocrx_word' id='word_1_10' title='bbox 920 555 1022 620; x_wconf 85' lang='lat' dir='ltr'>altero</span> <span class='ocrx_word' id='word_1_11' title='bbox 1040 555 1169 640; x_wconf 77' lang='lat' dir='ltr'>seiungi</span> <span class='ocrx_word' id='word_1_12' title='bbox 1221 555 1310 622; x_wconf 89' lang='lat' dir='ltr'>solus</span> <span class='ocrx_word' id='word_1_13' title='bbox 1332 555 1482 621; x_wconf 90' lang='lat' dir='ltr'>homines</span> <span class='ocrx_word' id='word_1_14' title='bbox 1504 566 1617 623; x_wconf 90' lang='lat' dir='ltr'>tuetur</span> <span class='ocrx_word' id='word_1_15' title='bbox 1639 567 1671 623; x_wconf 91' lang='lat' dir='ltr'>et</span> <span class='ocrx_word' id='word_1_16' title='bbox 1692 566 1874 624; x_wconf 81' lang='lat' dir='ltr'>oonservat.</span> <span class='ocrx_word' id='word_1_17' title='bbox 1913 559 2192 644; x_wconf 82' lang='lat' dir='ltr'>Experimentalis</span> 
     </span>
     <span class='ocr_line' id='line_1_3' title="bbox 196 636 2192 731; baseline 0.004 -24"><span class='ocrx_word' id='word_1_18' title='bbox 196 663 291 727; x_wconf 88' lang='lat' dir='ltr'>posse</span> <span class='ocrx_word' id='word_1_19' title='bbox 319 643 554 708; x_wconf 86' lang='lat' dir='ltr'>existimemus.</span> <span class='ocrx_word' id='word_1_20' title='bbox 596 642 774 706; x_wconf 88' lang='lat' dir='ltr'>Praeterea</span> <span class='ocrx_word' id='word_1_21' title='bbox 796 641 889 706; x_wconf 88' lang='lat' dir='ltr'>nulla</span> <span class='ocrx_word' id='word_1_22' title='bbox 910 649 961 707; x_wconf 88' lang='lat' dir='ltr'>est</span> <span class='ocrx_word' id='word_1_23' title='bbox 982 640 1075 721; x_wconf 91' lang='lat' dir='ltr'>fides,</span> <span class='ocrx_word' id='word_1_24' title='bbox 1106 642 1169 706; x_wconf 91' lang='lat' dir='ltr'>nisi</span> <span class='ocrx_word' id='word_1_25' title='bbox 1221 636 1305 725; x_wconf 85' lang='lat' dir='ltr'>ergo&#39;</span> <span class='ocrx_word' id='word_1_26' title='bbox 1318 642 1436 705; x_wconf 88' lang='lat' dir='ltr'>notitia</span> <span class='ocrx_word' id='word_1_27' title='bbox 1452 642 1487 705; x_wconf 95' lang='lat' dir='ltr'>in</span> <span class='ocrx_word' id='word_1_28' title='bbox 1505 644 1571 707; x_wconf 87' lang='lat' dir='ltr'>fine</span> <span class='ocrx_word' id='word_1_29' title='bbox 1587 665 1700 710; x_wconf 85' lang='lat' dir='ltr'>versus</span> <span class='ocrx_word' id='word_1_30' title='bbox 1718 645 1924 727; x_wconf 83' lang='lat' dir='ltr'>exprimitur,</span> <span class='ocrx_word' id='word_1_31' title='bbox 1943 666 1985 710; x_wconf 90' lang='lat' dir='ltr'>ne</span> <span class='ocrx_word' id='word_1_32' title='bbox 2000 646 2076 710; x_wconf 90' lang='lat' dir='ltr'>alibi</span> <span class='ocrx_word' id='word_1_33' title='bbox 2093 669 2192 731; x_wconf 91' lang='lat' dir='ltr'>quae·</span> 
     </span>
     <span class='ocr_line' id='line_1_4' title="bbox 197 727 2193 810; baseline 0.004 -17"><span class='ocrx_word' id='word_1_34' title='bbox 197 728 306 793; x_wconf 88' lang='lat' dir='ltr'>Deum</span> <span class='ocrx_word' id='word_1_35' title='bbox 338 749 409 793; x_wconf 88' lang='lat' dir='ltr'>esse</span> <span class='ocrx_word' id='word_1_36' title='bbox 441 727 570 807; x_wconf 87' lang='lat' dir='ltr'>eredas,</span> <span class='ocrx_word' id='word_1_37' title='bbox 601 728 658 810; x_wconf 88' lang='lat' dir='ltr'>qui</span> <span class='ocrx_word' id='word_1_38' title='bbox 692 738 785 810; x_wconf 89' lang='lat' dir='ltr'>pater</span> <span class='ocrx_word' id='word_1_39' title='bbox 816 736 867 792; x_wconf 88' lang='lat' dir='ltr'>est</span> <span class='ocrx_word' id='word_1_40' title='bbox 900 727 1033 791; x_wconf 89' lang='lat' dir='ltr'>Domini</span> <span class='ocrx_word' id='word_1_41' title='bbox 1067 728 1170 792; x_wconf 88' lang='lat' dir='ltr'>nostri</span> <span class='ocrx_word' id='word_1_42' title='bbox 1221 748 1332 791; x_wconf 89' lang='lat' dir='ltr'>ramus</span> <span class='ocrx_word' id='word_1_43' title='bbox 1354 727 1491 791; x_wconf 87' lang='lat' dir='ltr'>salutem</span> <span class='ocrx_word' id='word_1_44' title='bbox 1516 749 1613 810; x_wconf 90' lang='lat' dir='ltr'>quam</span> <span class='ocrx_word' id='word_1_45' title='bbox 1634 730 1670 793; x_wconf 90' lang='lat' dir='ltr'>in</span> <span class='ocrx_word' id='word_1_46' title='bbox 1688 730 1755 794; x_wconf 93' lang='lat' dir='ltr'>solo</span> <span class='ocrx_word' id='word_1_47' title='bbox 1777 730 1847 795; x_wconf 90' lang='lat' dir='ltr'>eius</span> <span class='ocrx_word' id='word_1_48' title='bbox 1870 741 1996 795; x_wconf 92' lang='lat' dir='ltr'>autore:</span> <span class='ocrx_word' id='word_1_49' title='bbox 2019 733 2108 798; x_wconf 92' lang='lat' dir='ltr'>unde</span> <span class='ocrx_word' id='word_1_50' title='bbox 2129 735 2193 801; x_wconf 90' lang='lat' dir='ltr'>eol·</span> 
     </span>
    </p>

    <p class='ocr_par' dir='ltr' id='par_1_3' title="bbox 195 808 2266 983">
     <span class='ocr_line' id='line_1_5' title="bbox 195 808 2266 899; baseline 0.004 -20"><span class='ocrx_word' id='word_1_51' title='bbox 195 814 272 879; x_wconf 89' lang='lat' dir='ltr'>Iesu</span> <span class='ocrx_word' id='word_1_52' title='bbox 294 812 428 893; x_wconf 77' lang='lat' dir='ltr'>Christi,</span> <span class='ocrx_word' id='word_1_53' title='bbox 457 815 576 896; x_wconf 90' lang='lat' dir='ltr'>quique</span> <span class='ocrx_word' id='word_1_54' title='bbox 602 833 661 895; x_wconf 89' lang='lat' dir='ltr'>per</span> <span class='ocrx_word' id='word_1_55' title='bbox 684 812 860 895; x_wconf 88' lang='lat' dir='ltr'>prophetas</span> <span class='ocrx_word' id='word_1_56' title='bbox 882 822 915 877; x_wconf 88' lang='lat' dir='ltr'>et</span> <span class='ocrx_word' id='word_1_57' title='bbox 937 812 1099 896; x_wconf 90' lang='lat' dir='ltr'>apostolos</span> <span class='ocrx_word' id='word_1_58' title='bbox 1121 812 1167 876; x_wconf 93' lang='lat' dir='ltr'>lo·</span> <span class='ocrx_word' id='word_1_59' title='bbox 1221 812 1353 896; x_wconf 80' lang='lat' dir='ltr'>ligimus</span> <span class='ocrx_word' id='word_1_60' title='bbox 1375 812 1585 896; x_wconf 88' lang='lat' dir='ltr'>praeeipuam</span> <span class='ocrx_word' id='word_1_61' title='bbox 1607 815 1715 881; x_wconf 83' lang='lat' dir='ltr'>uultus</span> <span class='ocrx_word' id='word_1_62' title='bbox 1732 816 1795 880; x_wconf 92' lang='lat' dir='ltr'>Dei</span> <span class='ocrx_word' id='word_1_63' title='bbox 1819 826 1944 899; x_wconf 88' lang='lat' dir='ltr'>partem</span> <span class='ocrx_word' id='word_1_64' title='bbox 1967 838 2038 884; x_wconf 89' lang='lat' dir='ltr'>esse</span> <span class='ocrx_word' id='word_1_65' title='bbox 2060 819 2094 882; x_wconf 95' lang='lat' dir='ltr'>in</span> <span class='ocrx_word' id='word_1_66' title='bbox 2117 820 2191 899; x_wconf 88' lang='lat' dir='ltr'>fide,</span> <span class='ocrx_word' id='word_1_67' title='bbox 2263 808 2266 814; x_wconf 60' lang='grc'><strong>’</strong></span> 
     </span>
     <span class='ocr_line' id='line_1_6' title="bbox 196 897 2192 983; baseline 0.003 -19"><span class='ocrx_word' id='word_1_68' title='bbox 196 909 317 983; x_wconf 81' lang='lat' dir='ltr'>quotus</span> <span class='ocrx_word' id='word_1_69' title='bbox 345 910 404 965; x_wconf 91' lang='lat' dir='ltr'>est.</span> <span class='ocrx_word' id='word_1_70' title='bbox 454 899 551 962; x_wconf 87' lang='lat' dir='ltr'>Vana</span> <span class='ocrx_word' id='word_1_71' title='bbox 580 898 667 963; x_wconf 91' lang='lat' dir='ltr'>euim</span> <span class='ocrx_word' id='word_1_72' title='bbox 698 904 730 962; x_wconf 83' lang='lat' dir='ltr'>et</span> <span class='ocrx_word' id='word_1_73' title='bbox 759 919 844 983; x_wconf 85' lang='lat' dir='ltr'>vaga</span> <span class='ocrx_word' id='word_1_74' title='bbox 876 898 1068 981; x_wconf 85' lang='lat' dir='ltr'>imaginatio</span> <span class='ocrx_word' id='word_1_75' title='bbox 1098 897 1169 977; x_wconf 89' lang='lat' dir='ltr'>erit,</span> <span class='ocrx_word' id='word_1_76' title='bbox 1221 898 1298 963; x_wconf 90' lang='lat' dir='ltr'>dum</span> <span class='ocrx_word' id='word_1_77' title='bbox 1321 899 1511 980; x_wconf 87' lang='lat' dir='ltr'>agnoseitur</span> <span class='ocrx_word' id='word_1_78' title='bbox 1532 900 1618 965; x_wconf 85' lang='lat' dir='ltr'>vitae</span> <span class='ocrx_word' id='word_1_79' title='bbox 1639 900 1767 965; x_wconf 87' lang='lat' dir='ltr'>initium</span> <span class='ocrx_word' id='word_1_80' title='bbox 1791 911 1824 966; x_wconf 93' lang='lat' dir='ltr'>et</span> <span class='ocrx_word' id='word_1_81' title='bbox 1845 901 1928 978; x_wconf 84' lang='lat' dir='ltr'>finis,</span> <span class='ocrx_word' id='word_1_82' title='bbox 1956 902 2032 967; x_wconf 89' lang='lat' dir='ltr'>dum</span> <span class='ocrx_word' id='word_1_83' title='bbox 2055 916 2192 971; x_wconf 89' lang='lat' dir='ltr'>ornatur</span> 
     </span>
    </p>
   </div>
   <div class='ocr_carea' id='block_1_3' title="bbox 195 984 1169 3635">
    <p class='ocr_par' dir='ltr' id='par_1_4' title="bbox 195 984 1169 2693">
     <span class='ocr_line' id='line_1_7' title="bbox 197 984 1168 1066; baseline -0.003 -16"><span class='ocrx_word' id='word_1_84' title='bbox 197 1007 262 1051; x_wconf 89' lang='lat' dir='ltr'>non</span> <span class='ocrx_word' id='word_1_85' title='bbox 294 985 390 1063; x_wconf 87' lang='lat' dir='ltr'>fides,</span> <span class='ocrx_word' id='word_1_86' title='bbox 423 985 486 1050; x_wconf 92' lang='lat' dir='ltr'>nisi</span> <span class='ocrx_word' id='word_1_87' title='bbox 521 986 629 1049; x_wconf 91' lang='lat' dir='ltr'>Deum</span> <span class='ocrx_word' id='word_1_88' title='bbox 663 984 754 1048; x_wconf 92' lang='lat' dir='ltr'>illum</span> <span class='ocrx_word' id='word_1_89' title='bbox 788 990 968 1049; x_wconf 87' lang='lat' dir='ltr'>teneamus.</span> <span class='ocrx_word' id='word_1_90' title='bbox 1025 984 1070 1047; x_wconf 79' lang='lat' dir='ltr'>Et</span> <span class='ocrx_word' id='word_1_91' title='bbox 1103 1004 1168 1066; x_wconf 89' lang='lat' dir='ltr'>quo</span> 
     </span>
     <span class='ocr_line' id='line_1_8' title="bbox 197 1069 1166 1154; baseline -0.003 -19"><span class='ocrx_word' id='word_1_92' title='bbox 197 1071 302 1154; x_wconf 89' lang='lat' dir='ltr'>magis</span> <span class='ocrx_word' id='word_1_93' title='bbox 323 1071 496 1136; x_wconf 86' lang='lat' dir='ltr'>eonfirmet</span> <span class='ocrx_word' id='word_1_94' title='bbox 514 1069 599 1152; x_wconf 91' lang='lat' dir='ltr'>qnod</span> <span class='ocrx_word' id='word_1_95' title='bbox 617 1090 721 1153; x_wconf 87' lang='lat' dir='ltr'>nuper</span> <span class='ocrx_word' id='word_1_96' title='bbox 739 1070 832 1148; x_wconf 83' lang='lat' dir='ltr'>dixit,</span> <span class='ocrx_word' id='word_1_97' title='bbox 851 1070 983 1134; x_wconf 90' lang='lat' dir='ltr'>unionm</span> <span class='ocrx_word' id='word_1_98' title='bbox 1005 1090 1041 1133; x_wconf 94' lang='lat' dir='ltr'>se</span> <span class='ocrx_word' id='word_1_99' title='bbox 1061 1070 1166 1134; x_wconf 88' lang='lat' dir='ltr'>Deum</span> 
     </span>
     <span class='ocr_line' id='line_1_9' title="bbox 197 1154 1167 1237; baseline -0.002 -16"><span class='ocrx_word' id='word_1_100' title='bbox 197 1177 277 1233; x_wconf 91' lang='lat' dir='ltr'>esse,</span> <span class='ocrx_word' id='word_1_101' title='bbox 298 1157 417 1220; x_wconf 90' lang='lat' dir='ltr'>iterum</span> <span class='ocrx_word' id='word_1_102' title='bbox 441 1154 532 1219; x_wconf 83' lang='lat' dir='ltr'>addit</span> <span class='ocrx_word' id='word_1_103' title='bbox 554 1177 618 1221; x_wconf 93' lang='lat' dir='ltr'>non</span> <span class='ocrx_word' id='word_1_104' title='bbox 642 1156 742 1220; x_wconf 89' lang='lat' dir='ltr'>fuisse</span> <span class='ocrx_word' id='word_1_105' title='bbox 764 1155 865 1220; x_wconf 91' lang='lat' dir='ltr'>alium</span> <span class='ocrx_word' id='word_1_106' title='bbox 883 1155 992 1219; x_wconf 91' lang='lat' dir='ltr'>Deum</span> <span class='ocrx_word' id='word_1_107' title='bbox 1015 1156 1167 1237; x_wconf 86' lang='lat' dir='ltr'>priorem.</span> 
     </span>
     <span class='ocr_line' id='line_1_10' title="bbox 197 1229 1169 1325; baseline -0.002 -19"><span class='ocrx_word' id='word_1_108' title='bbox 197 1242 392 1324; x_wconf 81' lang='lat' dir='ltr'>Quanquam</span> <span class='ocrx_word' id='word_1_109' title='bbox 416 1254 483 1308; x_wconf 65' lang='lat' dir='ltr'>‘itti</span> <span class='ocrx_word' id='word_1_110' title='bbox 501 1229 543 1309; x_wconf 61' lang='lat' dir='ltr'>ab</span> <span class='ocrx_word' id='word_1_111' title='bbox 570 1243 701 1325; x_wconf 83' lang='lat' dir='ltr'>passive</span> <span class='ocrx_word' id='word_1_112' title='bbox 729 1243 877 1324; x_wconf 86' lang='lat' dir='ltr'>aoeipere</span> <span class='ocrx_word' id='word_1_113' title='bbox 901 1238 1011 1306; x_wconf 87' lang='lat' dir='ltr'>lieebit</span> <span class='ocrx_word' id='word_1_114' title='bbox 1038 1239 1169 1304; x_wconf 85' lang='lat' dir='ltr'>diverso</span> 
     </span>
     <span class='ocr_line' id='line_1_11' title="bbox 197 1325 1167 1410; baseline -0.002 -18"><span class='ocrx_word' id='word_1_115' title='bbox 197 1348 308 1405; x_wconf 90' lang='lat' dir='ltr'>sensu,</span> <span class='ocrx_word' id='word_1_116' title='bbox 338 1349 396 1410; x_wconf 89' lang='lat' dir='ltr'>pro</span> <span class='ocrx_word' id='word_1_117' title='bbox 430 1342 593 1405; x_wconf 85' lang='lat' dir='ltr'>ereatura,</span> <span class='ocrx_word' id='word_1_118' title='bbox 626 1326 678 1391; x_wconf 85' lang='lat' dir='ltr'>vel</span> <span class='ocrx_word' id='word_1_119' title='bbox 712 1325 847 1405; x_wconf 81' lang='lat' dir='ltr'>fabrica,</span> <span class='ocrx_word' id='word_1_120' title='bbox 880 1336 938 1390; x_wconf 89' lang='lat' dir='ltr'>aut</span> <span class='ocrx_word' id='word_1_121' title='bbox 966 1346 1063 1408; x_wconf 90' lang='lat' dir='ltr'>opere</span> <span class='ocrx_word' id='word_1_122' title='bbox 1093 1325 1167 1390; x_wconf 89' lang='lat' dir='ltr'>Dei.</span> 
     </span>
     <span class='ocr_line' id='line_1_12' title="bbox 196 1411 1167 1496; baseline -0.004 -17"><span class='ocrx_word' id='word_1_123' title='bbox 196 1412 263 1479; x_wconf 80' lang='lat' dir='ltr'>Sed</span> <span class='ocrx_word' id='word_1_124' title='bbox 291 1414 367 1496; x_wconf 88' lang='lat' dir='ltr'>quia</span> <span class='ocrx_word' id='word_1_125' title='bbox 389 1433 504 1479; x_wconf 90' lang='lat' dir='ltr'>sensus</span> <span class='ocrx_word' id='word_1_126' title='bbox 526 1413 581 1478; x_wconf 92' lang='lat' dir='ltr'>ille</span> <span class='ocrx_word' id='word_1_127' title='bbox 603 1420 730 1478; x_wconf 83' lang='lat' dir='ltr'>coaetus</span> <span class='ocrx_word' id='word_1_128' title='bbox 752 1411 891 1486; x_wconf 82' lang='lat' dir='ltr'>videtur,</span> <span class='ocrx_word' id='word_1_129' title='bbox 921 1411 1060 1476; x_wconf 89' lang='lat' dir='ltr'>libenter</span> <span class='ocrx_word' id='word_1_130' title='bbox 1081 1432 1167 1476; x_wconf 91' lang='lat' dir='ltr'>eom·</span> 
     </span>
     <span class='ocr_line' id='line_1_13' title="bbox 197 1496 1168 1581; baseline 0 -19"><span class='ocrx_word' id='word_1_131' title='bbox 197 1500 288 1563; x_wconf 92' lang='lat' dir='ltr'>muni</span> <span class='ocrx_word' id='word_1_132' title='bbox 317 1500 499 1563; x_wconf 90' lang='lat' dir='ltr'>sententiae</span> <span class='ocrx_word' id='word_1_133' title='bbox 526 1497 711 1575; x_wconf 87' lang='lat' dir='ltr'>subseribo‚</span> <span class='ocrx_word' id='word_1_134' title='bbox 746 1499 831 1581; x_wconf 93' lang='lat' dir='ltr'>quod</span> <span class='ocrx_word' id='word_1_135' title='bbox 862 1518 927 1562; x_wconf 93' lang='lat' dir='ltr'>non</span> <span class='ocrx_word' id='word_1_136' title='bbox 955 1497 1069 1569; x_wconf 76' lang='lat' dir='ltr'>fuerit,</span> <span class='ocrx_word' id='word_1_137' title='bbox 1085 1496 1168 1562; x_wconf 89' lang='lat' dir='ltr'>alius</span> 
     </span>
     <span class='ocr_line' id='line_1_14' title="bbox 197 1582 1167 1667; baseline -0.001 -19"><span class='ocrx_word' id='word_1_138' title='bbox 197 1583 288 1649; x_wconf 90' lang='lat' dir='ltr'>Deus</span> <span class='ocrx_word' id='word_1_139' title='bbox 311 1593 387 1648; x_wconf 88' lang='lat' dir='ltr'>ante</span> <span class='ocrx_word' id='word_1_140' title='bbox 409 1584 576 1650; x_wconf 90' lang='lat' dir='ltr'>formatus.</span> <span class='ocrx_word' id='word_1_141' title='bbox 608 1583 650 1648; x_wconf 92' lang='lat' dir='ltr'>In</span> <span class='ocrx_word' id='word_1_142' title='bbox 674 1605 736 1667; x_wconf 93' lang='lat' dir='ltr'>quo</span> <span class='ocrx_word' id='word_1_143' title='bbox 758 1583 870 1649; x_wconf 90' lang='lat' dir='ltr'>subest</span> <span class='ocrx_word' id='word_1_144' title='bbox 889 1583 1013 1647; x_wconf 80' lang='lat' dir='ltr'>ironiae</span> <span class='ocrx_word' id='word_1_145' title='bbox 1035 1582 1167 1664; x_wconf 89' lang='lat' dir='ltr'>speeies,</span> 
     </span>
     <span class='ocr_line' id='line_1_15' title="bbox 197 1667 1167 1750; baseline -0.004 -16"><span class='ocrx_word' id='word_1_146' title='bbox 197 1690 234 1736; x_wconf 86' lang='lat' dir='ltr'>ao</span> <span class='ocrx_word' id='word_1_147' title='bbox 264 1671 292 1734; x_wconf 94' lang='lat' dir='ltr'>si</span> <span class='ocrx_word' id='word_1_148' title='bbox 319 1669 442 1733; x_wconf 86' lang='lat' dir='ltr'>dietum</span> <span class='ocrx_word' id='word_1_149' title='bbox 471 1681 566 1748; x_wconf 90' lang='lat' dir='ltr'>esset,</span> <span class='ocrx_word' id='word_1_150' title='bbox 597 1669 724 1734; x_wconf 91' lang='lat' dir='ltr'>nullum</span> <span class='ocrx_word' id='word_1_151' title='bbox 752 1690 823 1734; x_wconf 90' lang='lat' dir='ltr'>esse</span> <span class='ocrx_word' id='word_1_152' title='bbox 852 1669 951 1733; x_wconf 93' lang='lat' dir='ltr'>alium</span> <span class='ocrx_word' id='word_1_153' title='bbox 973 1667 1081 1733; x_wconf 87' lang='lat' dir='ltr'>Deum</span> <span class='ocrx_word' id='word_1_154' title='bbox 1110 1667 1167 1750; x_wconf 93' lang='lat' dir='ltr'>qui</span> 
     </span>
     <span class='ocr_line' id='line_1_16' title="bbox 196 1753 1168 1821; baseline -0.003 -2"><span class='ocrx_word' id='word_1_155' title='bbox 196 1776 260 1819; x_wconf 93' lang='lat' dir='ltr'>non</span> <span class='ocrx_word' id='word_1_156' title='bbox 301 1756 399 1819; x_wconf 86' lang='lat' dir='ltr'>fuerit</span> <span class='ocrx_word' id='word_1_157' title='bbox 437 1757 595 1821; x_wconf 87' lang='lat' dir='ltr'>eonfiotus</span> <span class='ocrx_word' id='word_1_158' title='bbox 633 1765 667 1819; x_wconf 92' lang='lat' dir='ltr'>et</span> <span class='ocrx_word' id='word_1_159' title='bbox 699 1753 874 1819; x_wconf 77' lang='lat' dir='ltr'>fabricatus</span> <span class='ocrx_word' id='word_1_160' title='bbox 907 1775 926 1817; x_wconf 93' lang='lat' dir='ltr'>a</span> <span class='ocrx_word' id='word_1_161' title='bbox 960 1753 1168 1818; x_wconf 77' lang='lat' dir='ltr'>mortalibus:</span> 
     </span>
     <span class='ocr_line' id='line_1_17' title="bbox 196 1838 1167 1922; baseline -0.002 -18"><span class='ocrx_word' id='word_1_162' title='bbox 196 1840 331 1922; x_wconf 91' lang='lat' dir='ltr'>ideoque</span> <span class='ocrx_word' id='word_1_163' title='bbox 372 1840 479 1905; x_wconf 91' lang='lat' dir='ltr'>nullos</span> <span class='ocrx_word' id='word_1_164' title='bbox 512 1861 606 1922; x_wconf 87' lang='lat' dir='ltr'>posse</span> <span class='ocrx_word' id='word_1_165' title='bbox 638 1840 779 1906; x_wconf 87' lang='lat' dir='ltr'>eonferri</span> <span class='ocrx_word' id='word_1_166' title='bbox 812 1860 887 1905; x_wconf 87' lang='lat' dir='ltr'>oum</span> <span class='ocrx_word' id='word_1_167' title='bbox 922 1838 993 1904; x_wconf 93' lang='lat' dir='ltr'>Deo</span> <span class='ocrx_word' id='word_1_168' title='bbox 1025 1850 1167 1904; x_wconf 87' lang='lat' dir='ltr'>aeterno.</span> 
     </span>
     <span class='ocr_line' id='line_1_18' title="bbox 196 1924 1167 2009; baseline -0.003 -18"><span class='ocrx_word' id='word_1_169' title='bbox 196 1926 356 2009; x_wconf 83' lang='lat' dir='ltr'>Adiungit</span> <span class='ocrx_word' id='word_1_170' title='bbox 378 1926 514 2008; x_wconf 86' lang='lat' dir='ltr'>posthae</span> <span class='ocrx_word' id='word_1_171' title='bbox 531 1947 597 1990; x_wconf 93' lang='lat' dir='ltr'>non</span> <span class='ocrx_word' id='word_1_172' title='bbox 616 1926 693 2004; x_wconf 89' lang='lat' dir='ltr'>fore,</span> <span class='ocrx_word' id='word_1_173' title='bbox 714 1927 789 2006; x_wconf 91' lang='lat' dir='ltr'>qnia</span> <span class='ocrx_word' id='word_1_174' title='bbox 807 1925 935 1990; x_wconf 87' lang='lat' dir='ltr'>salvum</span> <span class='ocrx_word' id='word_1_175' title='bbox 954 1934 989 1989; x_wconf 89' lang='lat' dir='ltr'>et</span> <span class='ocrx_word' id='word_1_176' title='bbox 1005 1924 1167 1990; x_wconf 87' lang='lat' dir='ltr'>illibatum</span> 
     </span>
     <span class='ocr_line' id='line_1_19' title="bbox 196 2010 1168 2095; baseline -0.002 -19"><span class='ocrx_word' id='word_1_177' title='bbox 196 2013 368 2095; x_wconf 91' lang='lat' dir='ltr'>imperium</span> <span class='ocrx_word' id='word_1_178' title='bbox 400 2032 530 2095; x_wconf 90' lang='lat' dir='ltr'>semper</span> <span class='ocrx_word' id='word_1_179' title='bbox 559 2011 679 2076; x_wconf 89' lang='lat' dir='ltr'>retinet</span> <span class='ocrx_word' id='word_1_180' title='bbox 702 2010 803 2091; x_wconf 91' lang='lat' dir='ltr'>Deus,</span> <span class='ocrx_word' id='word_1_181' title='bbox 831 2030 889 2075; x_wconf 91' lang='lat' dir='ltr'>neo</span> <span class='ocrx_word' id='word_1_182' title='bbox 918 2012 1009 2074; x_wconf 89' lang='lat' dir='ltr'>senio</span> <span class='ocrx_word' id='word_1_183' title='bbox 1036 2021 1093 2074; x_wconf 91' lang='lat' dir='ltr'>aut</span> <span class='ocrx_word' id='word_1_184' title='bbox 1115 2031 1168 2075; x_wconf 87' lang='lat' dir='ltr'>ve·</span> 
     </span>
     <span class='ocr_line' id='line_1_20' title="bbox 196 2096 1168 2178; baseline 0 -18"><span class='ocrx_word' id='word_1_185' title='bbox 196 2108 318 2162; x_wconf 89' lang='lat' dir='ltr'>tustate</span> <span class='ocrx_word' id='word_1_186' title='bbox 341 2097 490 2162; x_wconf 89' lang='lat' dir='ltr'>deelinat.</span> <span class='ocrx_word' id='word_1_187' title='bbox 532 2097 607 2162; x_wconf 86' lang='lat' dir='ltr'>Huo</span> <span class='ocrx_word' id='word_1_188' title='bbox 629 2096 733 2161; x_wconf 89' lang='lat' dir='ltr'>tendit</span> <span class='ocrx_word' id='word_1_189' title='bbox 755 2117 892 2174; x_wconf 89' lang='lat' dir='ltr'>summa,</span> <span class='ocrx_word' id='word_1_190' title='bbox 916 2096 1018 2161; x_wconf 89' lang='lat' dir='ltr'>donee</span> <span class='ocrx_word' id='word_1_191' title='bbox 1040 2099 1073 2159; x_wconf 93' lang='lat' dir='ltr'>in</span> <span class='ocrx_word' id='word_1_192' title='bbox 1096 2096 1168 2178; x_wconf 90' lang='lat' dir='ltr'>ipso</span> 
     </span>
     <span class='ocr_line' id='line_1_21' title="bbox 196 2181 1166 2265; baseline 0 -20"><span class='ocrx_word' id='word_1_193' title='bbox 196 2183 433 2265; x_wconf 88' lang='lat' dir='ltr'>aequiesoimus</span> <span class='ocrx_word' id='word_1_194' title='bbox 473 2183 595 2247; x_wconf 89' lang='lat' dir='ltr'>nullam</span> <span class='ocrx_word' id='word_1_195' title='bbox 632 2183 668 2246; x_wconf 94' lang='lat' dir='ltr'>in</span> <span class='ocrx_word' id='word_1_196' title='bbox 707 2183 800 2247; x_wconf 88' lang='lat' dir='ltr'>nobis</span> <span class='ocrx_word' id='word_1_197' title='bbox 833 2202 904 2247; x_wconf 91' lang='lat' dir='ltr'>esse</span> <span class='ocrx_word' id='word_1_198' title='bbox 938 2181 1045 2246; x_wconf 87' lang='lat' dir='ltr'>fidem.</span> <span class='ocrx_word' id='word_1_199' title='bbox 1101 2181 1166 2262; x_wconf 78' lang='lat' dir='ltr'>Qui</span> 
     </span>
     <span class='ocr_line' id='line_1_22' title="bbox 197 2266 1167 2351; baseline -0.002 -19"><span class='ocrx_word' id='word_1_200' title='bbox 197 2278 321 2332; x_wconf 89' lang='lat' dir='ltr'>norunt</span> <span class='ocrx_word' id='word_1_201' title='bbox 342 2267 471 2350; x_wconf 81' lang='lat' dir='ltr'>aliquod</span> <span class='ocrx_word' id='word_1_202' title='bbox 492 2289 562 2334; x_wconf 89' lang='lat' dir='ltr'>esse</span> <span class='ocrx_word' id='word_1_203' title='bbox 580 2289 711 2343; x_wconf 89' lang='lat' dir='ltr'>numen,</span> <span class='ocrx_word' id='word_1_204' title='bbox 735 2289 795 2334; x_wconf 88' lang='lat' dir='ltr'>neo</span> <span class='ocrx_word' id='word_1_205' title='bbox 813 2266 891 2350; x_wconf 91' lang='lat' dir='ltr'>quid</span> <span class='ocrx_word' id='word_1_206' title='bbox 909 2267 952 2332; x_wconf 93' lang='lat' dir='ltr'>sit</span> <span class='ocrx_word' id='word_1_207' title='bbox 970 2266 1167 2351; x_wconf 89' lang='lat' dir='ltr'>intelligunt,</span> 
     </span>
     <span class='ocr_line' id='line_1_23' title="bbox 196 2352 1166 2437; baseline -0.003 -19"><span class='ocrx_word' id='word_1_208' title='bbox 196 2363 352 2436; x_wconf 91' lang='lat' dir='ltr'>perpetuo</span> <span class='ocrx_word' id='word_1_209' title='bbox 382 2354 548 2431; x_wconf 77' lang='lat' dir='ltr'>vacillant,</span> <span class='ocrx_word' id='word_1_210' title='bbox 578 2353 731 2437; x_wconf 89' lang='lat' dir='ltr'>mirisque</span> <span class='ocrx_word' id='word_1_211' title='bbox 759 2352 938 2418; x_wconf 85' lang='lat' dir='ltr'>involueris</span> <span class='ocrx_word' id='word_1_212' title='bbox 968 2374 1038 2418; x_wconf 90' lang='lat' dir='ltr'>sese</span> <span class='ocrx_word' id='word_1_213' title='bbox 1060 2352 1166 2435; x_wconf 91' lang='lat' dir='ltr'>impli-</span> 
     </span>
     <span class='ocr_line' id='line_1_24' title="bbox 196 2439 1167 2523; baseline -0.003 -18"><span class='ocrx_word' id='word_1_214' title='bbox 196 2449 281 2505; x_wconf 89' lang='lat' dir='ltr'>oant.</span> <span class='ocrx_word' id='word_1_215' title='bbox 315 2439 415 2505; x_wconf 86' lang='lat' dir='ltr'>Hune</span> <span class='ocrx_word' id='word_1_216' title='bbox 435 2440 539 2523; x_wconf 89' lang='lat' dir='ltr'>igitur</span> <span class='ocrx_word' id='word_1_217' title='bbox 554 2439 662 2503; x_wconf 88' lang='lat' dir='ltr'>Deum</span> <span class='ocrx_word' id='word_1_218' title='bbox 684 2448 863 2516; x_wconf 89' lang='lat' dir='ltr'>teneamus,</span> <span class='ocrx_word' id='word_1_219' title='bbox 887 2439 1059 2521; x_wconf 84' lang='lat' dir='ltr'>quiquam</span> <span class='ocrx_word' id='word_1_220' title='bbox 1079 2439 1167 2504; x_wconf 90' lang='lat' dir='ltr'>solus</span> 
     </span>
     <span class='ocr_line' id='line_1_25' title="bbox 195 2525 1168 2603; baseline -0.001 -14"><span class='ocrx_word' id='word_1_221' title='bbox 195 2526 245 2603; x_wconf 89' lang='lat' dir='ltr'>sit,</span> <span class='ocrx_word' id='word_1_222' title='bbox 268 2545 327 2589; x_wconf 89' lang='lat' dir='ltr'>neo</span> <span class='ocrx_word' id='word_1_223' title='bbox 350 2527 472 2590; x_wconf 82' lang='lat' dir='ltr'>socium</span> <span class='ocrx_word' id='word_1_224' title='bbox 497 2547 555 2590; x_wconf 87' lang='lat' dir='ltr'>neo</span> <span class='ocrx_word' id='word_1_225' title='bbox 578 2527 757 2590; x_wconf 89' lang='lat' dir='ltr'>maiestatis</span> <span class='ocrx_word' id='word_1_226' title='bbox 779 2546 856 2590; x_wconf 92' lang='lat' dir='ltr'>suae</span> <span class='ocrx_word' id='word_1_227' title='bbox 879 2534 1061 2590; x_wconf 86' lang='lat' dir='ltr'>sensortem</span> <span class='ocrx_word' id='word_1_228' title='bbox 1084 2525 1168 2589; x_wconf 92' lang='lat' dir='ltr'>ferre</span> 
     </span>
     <span class='ocr_line' id='line_1_26' title="bbox 196 2621 310 2693; baseline -0.044 -18"><span class='ocrx_word' id='word_1_229' title='bbox 196 2621 310 2693; x_wconf 88' lang='lat' dir='ltr'>potest.</span> 
     </span>
    </p>

    <p class='ocr_par' dir='ltr' id='par_1_5' title="bbox 196 2694 1167 3635">
     <span class='ocr_line' id='line_1_27' title="bbox 284 2694 1167 2779; baseline -0.002 -20"><span class='ocrx_word' id='word_1_230' title='bbox 284 2697 333 2759; x_wconf 92' lang='lat'>11.</span> <span class='ocrx_word' id='word_1_231' title='bbox 364 2694 458 2779; x_wconf 76' lang='lat' dir='ltr'>(Epo,</span> <span class='ocrx_word' id='word_1_232' title='bbox 481 2695 557 2779; x_wconf 78' lang='lat' dir='ltr'>epo.)</span> <span class='ocrx_word' id='word_1_233' title='bbox 600 2696 666 2760; x_wconf 88' lang='lat' dir='ltr'>Hie</span> <span class='ocrx_word' id='word_1_234' title='bbox 688 2696 781 2777; x_wconf 90' lang='lat' dir='ltr'>quasi</span> <span class='ocrx_word' id='word_1_235' title='bbox 804 2695 907 2760; x_wconf 83' lang='lat' dir='ltr'>vietor</span> <span class='ocrx_word' id='word_1_236' title='bbox 928 2696 1077 2778; x_wconf 82' lang='lat' dir='ltr'>exsurgit</span> <span class='ocrx_word' id='word_1_237' title='bbox 1098 2695 1167 2758; x_wconf 93' lang='lat' dir='ltr'>Do-</span> 
     </span>
     <span class='ocr_line' id='line_1_28' title="bbox 198 2779 1166 2862; baseline -0.003 -17"><span class='ocrx_word' id='word_1_238' title='bbox 198 2781 318 2845; x_wconf 90' lang='lat' dir='ltr'>minus.</span> <span class='ocrx_word' id='word_1_239' title='bbox 354 2782 453 2847; x_wconf 86' lang='lat' dir='ltr'>Prius</span> <span class='ocrx_word' id='word_1_240' title='bbox 475 2783 556 2847; x_wconf 90' lang='lat' dir='ltr'>satis</span> <span class='ocrx_word' id='word_1_241' title='bbox 579 2780 733 2845; x_wconf 86' lang='lat' dir='ltr'>disseruit</span> <span class='ocrx_word' id='word_1_242' title='bbox 756 2779 842 2844; x_wconf 90' lang='lat' dir='ltr'>unde</span> <span class='ocrx_word' id='word_1_243' title='bbox 864 2782 1015 2862; x_wconf 88' lang='lat' dir='ltr'>eognosei</span> <span class='ocrx_word' id='word_1_244' title='bbox 1038 2781 1166 2844; x_wconf 88' lang='lat' dir='ltr'>debeat:</span> 
     </span>
     <span class='ocr_line' id='line_1_29' title="bbox 198 2865 1167 2949; baseline -0.002 -19"><span class='ocrx_word' id='word_1_245' title='bbox 198 2887 257 2931; x_wconf 86' lang='lat' dir='ltr'>neo</span> <span class='ocrx_word' id='word_1_246' title='bbox 286 2867 408 2949; x_wconf 91' lang='lat' dir='ltr'>ullum,</span> <span class='ocrx_word' id='word_1_247' title='bbox 441 2888 476 2930; x_wconf 89' lang='lat' dir='ltr'>se</span> <span class='ocrx_word' id='word_1_248' title='bbox 498 2886 564 2931; x_wconf 92' lang='lat' dir='ltr'>uno</span> <span class='ocrx_word' id='word_1_249' title='bbox 590 2866 734 2948; x_wconf 90' lang='lat' dir='ltr'>dempto,</span> <span class='ocrx_word' id='word_1_250' title='bbox 768 2865 875 2929; x_wconf 90' lang='lat' dir='ltr'>Deum</span> <span class='ocrx_word' id='word_1_251' title='bbox 906 2887 977 2930; x_wconf 90' lang='lat' dir='ltr'>esse</span> <span class='ocrx_word' id='word_1_252' title='bbox 1006 2865 1167 2930; x_wconf 87' lang='lat' dir='ltr'>ostendit:</span> 
     </span>
     <span class='ocr_line' id='line_1_30' title="bbox 199 2950 1167 3029; baseline -0.002 -13"><span class='ocrx_word' id='word_1_253' title='bbox 199 2971 288 3016; x_wconf 91' lang='lat' dir='ltr'>nuno</span> <span class='ocrx_word' id='word_1_254' title='bbox 310 2961 346 3016; x_wconf 90' lang='lat' dir='ltr'>ut</span> <span class='ocrx_word' id='word_1_255' title='bbox 369 2952 648 3018; x_wconf 83' lang='lat' dir='ltr'>confirmationem</span> <span class='ocrx_word' id='word_1_256' title='bbox 671 2952 786 3015; x_wconf 85' lang='lat' dir='ltr'>afferat</span> <span class='ocrx_word' id='word_1_257' title='bbox 809 2951 885 3016; x_wconf 88' lang='lat' dir='ltr'>huie</span> <span class='ocrx_word' id='word_1_258' title='bbox 908 2950 1085 3029; x_wconf 89' lang='lat' dir='ltr'>doetrinae,</span> <span class='ocrx_word' id='word_1_259' title='bbox 1109 2973 1167 3014; x_wconf 88' lang='lat' dir='ltr'>ex·</span> 
     </span>
     <span class='ocr_line' id='line_1_31' title="bbox 196 3035 1165 3120; baseline -0.003 -15"><span class='ocrx_word' id='word_1_260' title='bbox 196 3039 314 3105; x_wconf 89' lang='lat' dir='ltr'>elamat</span> <span class='ocrx_word' id='word_1_261' title='bbox 348 3058 400 3120; x_wconf 75' lang='lat' dir='ltr'>epo</span> <span class='ocrx_word' id='word_1_262' title='bbox 432 3037 517 3103; x_wconf 75' lang='lat' dir='ltr'>sotor</span> <span class='ocrx_word' id='word_1_263' title='bbox 549 3058 637 3103; x_wconf 75' lang='lat' dir='ltr'>omn:</span> <span class='ocrx_word' id='word_1_264' title='bbox 673 3037 785 3101; x_wconf 90' lang='lat' dir='ltr'>nullus</span> <span class='ocrx_word' id='word_1_265' title='bbox 817 3044 946 3118; x_wconf 89' lang='lat' dir='ltr'>praeter</span> <span class='ocrx_word' id='word_1_266' title='bbox 978 3057 1031 3101; x_wconf 90' lang='lat' dir='ltr'>me</span> <span class='ocrx_word' id='word_1_267' title='bbox 1064 3035 1165 3102; x_wconf 90' lang='lat' dir='ltr'>Deos.</span> 
     </span>
     <span class='ocr_line' id='line_1_32' title="bbox 196 3121 1166 3207; baseline -0.001 -20"><span class='ocrx_word' id='word_1_268' title='bbox 196 3123 284 3189; x_wconf 90' lang='lat' dir='ltr'>Hine</span> <span class='ocrx_word' id='word_1_269' title='bbox 306 3136 442 3207; x_wconf 89' lang='lat' dir='ltr'>apparet</span> <span class='ocrx_word' id='word_1_270' title='bbox 465 3145 563 3206; x_wconf 85' lang='lat' dir='ltr'>quam</span> <span class='ocrx_word' id='word_1_271' title='bbox 586 3122 801 3206; x_wconf 84' lang='lat' dir='ltr'>periculosum</span> <span class='ocrx_word' id='word_1_272' title='bbox 824 3123 875 3199; x_wconf 88' lang='lat' dir='ltr'>sit,</span> <span class='ocrx_word' id='word_1_273' title='bbox 899 3121 1020 3205; x_wconf 89' lang='lat' dir='ltr'>aliquid</span> <span class='ocrx_word' id='word_1_274' title='bbox 1043 3121 1082 3186; x_wconf 94' lang='lat' dir='ltr'>de</span> <span class='ocrx_word' id='word_1_275' title='bbox 1095 3122 1166 3187; x_wconf 89' lang='lat' dir='ltr'>Deo</span> 
     </span>
     <span class='ocr_line' id='line_1_33' title="bbox 197 3208 1166 3290; baseline -0.003 -16"><span class='ocrx_word' id='word_1_276' title='bbox 197 3209 330 3274; x_wconf 90' lang='lat' dir='ltr'>arbitrio</span> <span class='ocrx_word' id='word_1_277' title='bbox 353 3220 463 3275; x_wconf 87' lang='lat' dir='ltr'>nostro</span> <span class='ocrx_word' id='word_1_278' title='bbox 484 3209 694 3275; x_wconf 86' lang='lat' dir='ltr'>oomminisei.</span> <span class='ocrx_word' id='word_1_279' title='bbox 725 3208 809 3273; x_wconf 91' lang='lat' dir='ltr'>Nam</span> <span class='ocrx_word' id='word_1_280' title='bbox 827 3208 923 3273; x_wconf 89' lang='lat' dir='ltr'>simul</span> <span class='ocrx_word' id='word_1_281' title='bbox 942 3219 1041 3290; x_wconf 89' lang='lat' dir='ltr'>atque</span> <span class='ocrx_word' id='word_1_282' title='bbox 1059 3209 1166 3273; x_wconf 88' lang='lat' dir='ltr'>neseio</span> 
     </span>
     <span class='ocr_line' id='line_1_34' title="bbox 196 3293 1165 3378; baseline 0 -20"><span class='ocrx_word' id='word_1_283' title='bbox 196 3295 273 3376; x_wconf 92' lang='lat' dir='ltr'>quid</span> <span class='ocrx_word' id='word_1_284' title='bbox 304 3295 504 3378; x_wconf 84' lang='lat' dir='ltr'>effingimus,</span> <span class='ocrx_word' id='word_1_285' title='bbox 538 3294 657 3361; x_wconf 94' lang='lat' dir='ltr'>idolum</span> <span class='ocrx_word' id='word_1_286' title='bbox 688 3293 831 3359; x_wconf 88' lang='lat' dir='ltr'>ooeurrit</span> <span class='ocrx_word' id='word_1_287' title='bbox 860 3294 928 3358; x_wconf 86' lang='lat' dir='ltr'>loeo</span> <span class='ocrx_word' id='word_1_288' title='bbox 951 3293 1024 3357; x_wconf 92' lang='lat' dir='ltr'>Dei.</span> <span class='ocrx_word' id='word_1_289' title='bbox 1069 3293 1165 3374; x_wconf 79' lang='lat' dir='ltr'>Quod</span> 
     </span>
     <span class='ocr_line' id='line_1_35' title="bbox 197 3379 1165 3463; baseline 0 -20"><span class='ocrx_word' id='word_1_290' title='bbox 197 3381 296 3463; x_wconf 89' lang='lat' dir='ltr'>igitur</span> <span class='ocrx_word' id='word_1_291' title='bbox 311 3401 330 3444; x_wconf 88' lang='lat' dir='ltr'>a</span> <span class='ocrx_word' id='word_1_292' title='bbox 345 3379 416 3445; x_wconf 93' lang='lat' dir='ltr'>Deo</span> <span class='ocrx_word' id='word_1_293' title='bbox 438 3380 620 3462; x_wconf 80' lang='lat' dir='ltr'>profestum</span> <span class='ocrx_word' id='word_1_294' title='bbox 643 3390 702 3462; x_wconf 91' lang='lat' dir='ltr'>est,</span> <span class='ocrx_word' id='word_1_295' title='bbox 723 3379 757 3443; x_wconf 92' lang='lat' dir='ltr'>id</span> <span class='ocrx_word' id='word_1_296' title='bbox 773 3381 867 3444; x_wconf 87' lang='lat' dir='ltr'>unies</span> <span class='ocrx_word' id='word_1_297' title='bbox 889 3380 1165 3462; x_wconf 88' lang='lat' dir='ltr'>ampleetendum:</span> 
     </span>
     <span class='ocr_line' id='line_1_36' title="bbox 197 3464 1167 3548; baseline -0.002 -18"><span class='ocrx_word' id='word_1_298' title='bbox 197 3466 331 3548; x_wconf 91' lang='lat' dir='ltr'>nequid</span> <span class='ocrx_word' id='word_1_299' title='bbox 353 3467 445 3531; x_wconf 92' lang='lat' dir='ltr'>nobis</span> <span class='ocrx_word' id='word_1_300' title='bbox 467 3466 616 3531; x_wconf 83' lang='lat' dir='ltr'>lieentiae</span> <span class='ocrx_word' id='word_1_301' title='bbox 638 3465 673 3530; x_wconf 93' lang='lat' dir='ltr'>in</span> <span class='ocrx_word' id='word_1_302' title='bbox 689 3465 750 3529; x_wconf 89' lang='lat' dir='ltr'>hae</span> <span class='ocrx_word' id='word_1_303' title='bbox 768 3485 803 3529; x_wconf 89' lang='lat' dir='ltr'>ro</span> <span class='ocrx_word' id='word_1_304' title='bbox 819 3464 1042 3530; x_wconf 90' lang='lat' dir='ltr'>eonoedamus.</span> <span class='ocrx_word' id='word_1_305' title='bbox 1076 3465 1167 3529; x_wconf 89' lang='lat' dir='ltr'>Post-</span> 
     </span>
     <span class='ocr_line' id='line_1_37' title="bbox 197 3550 1166 3635; baseline -0.002 -19"><span class='ocrx_word' id='word_1_306' title='bbox 197 3572 295 3635; x_wconf 91' lang='lat' dir='ltr'>quam</span> <span class='ocrx_word' id='word_1_307' title='bbox 318 3572 396 3618; x_wconf 86' lang='lat' dir='ltr'>vero</span> <span class='ocrx_word' id='word_1_308' title='bbox 417 3552 507 3617; x_wconf 91' lang='lat' dir='ltr'>Deus</span> <span class='ocrx_word' id='word_1_309' title='bbox 529 3574 564 3617; x_wconf 88' lang='lat' dir='ltr'>se</span> <span class='ocrx_word' id='word_1_310' title='bbox 586 3552 678 3616; x_wconf 90' lang='lat' dir='ltr'>nobis</span> <span class='ocrx_word' id='word_1_311' title='bbox 701 3550 862 3634; x_wconf 86' lang='lat' dir='ltr'>patefeeit,</span> <span class='ocrx_word' id='word_1_312' title='bbox 883 3550 919 3613; x_wconf 93' lang='lat' dir='ltr'>in</span> <span class='ocrx_word' id='word_1_313' title='bbox 942 3550 1011 3614; x_wconf 90' lang='lat' dir='ltr'>eius</span> <span class='ocrx_word' id='word_1_314' title='bbox 1033 3552 1166 3615; x_wconf 90' lang='lat' dir='ltr'>notione</span> 
     </span>
    </p>
   </div>
   <div class='ocr_carea' id='block_1_4' title="bbox 1218 982 2191 3631">
    <p class='ocr_par' dir='ltr' id='par_1_6' title="bbox 1220 982 2190 1153">
     <span class='ocr_line' id='line_1_38' title="bbox 1220 982 2190 1071; baseline 0.006 -22"><span class='ocrx_word' id='word_1_315' title='bbox 1220 982 1376 1050; x_wconf 83' lang='lat' dir='ltr'>servandi</span> <span class='ocrx_word' id='word_1_316' title='bbox 1409 985 1564 1066; x_wconf 90' lang='lat' dir='ltr'>potentia,</span> <span class='ocrx_word' id='word_1_317' title='bbox 1598 1005 1657 1051; x_wconf 91' lang='lat' dir='ltr'>neo</span> <span class='ocrx_word' id='word_1_318' title='bbox 1687 987 1751 1050; x_wconf 90' lang='lat' dir='ltr'>alio</span> <span class='ocrx_word' id='word_1_319' title='bbox 1783 986 1982 1051; x_wconf 82' lang='lat' dir='ltr'>transfertur</span> <span class='ocrx_word' id='word_1_320' title='bbox 2012 989 2096 1071; x_wconf 92' lang='lat' dir='ltr'>quod</span> <span class='ocrx_word' id='word_1_321' title='bbox 2128 993 2190 1057; x_wconf 91' lang='lat' dir='ltr'>sibi</span> 
     </span>
     <span class='ocr_line' id='line_1_39' title="bbox 1220 1070 2079 1153; baseline 0.006 -19"><span class='ocrx_word' id='word_1_322' title='bbox 1220 1070 1387 1153; x_wconf 90' lang='lat' dir='ltr'>proprium</span> <span class='ocrx_word' id='word_1_323' title='bbox 1410 1091 1481 1134; x_wconf 86' lang='lat' dir='ltr'>esse</span> <span class='ocrx_word' id='word_1_324' title='bbox 1503 1072 1645 1135; x_wconf 87' lang='lat' dir='ltr'>affirmat</span> <span class='ocrx_word' id='word_1_325' title='bbox 1667 1080 1699 1137; x_wconf 90' lang='lat' dir='ltr'>et</span> <span class='ocrx_word' id='word_1_326' title='bbox 1721 1072 1757 1136; x_wconf 93' lang='lat' dir='ltr'>in</span> <span class='ocrx_word' id='word_1_327' title='bbox 1779 1094 1814 1136; x_wconf 89' lang='lat' dir='ltr'>se</span> <span class='ocrx_word' id='word_1_328' title='bbox 1836 1071 1905 1137; x_wconf 93' lang='lat' dir='ltr'>solo</span> <span class='ocrx_word' id='word_1_329' title='bbox 1928 1073 2079 1140; x_wconf 89' lang='lat' dir='ltr'>residere.</span> 
     </span>
    </p>

    <p class='ocr_par' dir='ltr' id='par_1_7' title="bbox 1218 1151 2191 3631">
     <span class='ocr_line' id='line_1_40' title="bbox 1307 1151 2191 1239; baseline 0.011 -22"><span class='ocrx_word' id='word_1_330' title='bbox 1307 1154 1357 1218; x_wconf 81' lang='lat'>12.</span> <span class='ocrx_word' id='word_1_331' title='bbox 1392 1151 1475 1238; x_wconf 79' lang='lat' dir='ltr'>(Epo</span> <span class='ocrx_word' id='word_1_332' title='bbox 1506 1157 1717 1239; x_wconf 63' lang='lat' dir='ltr'>anomiani.)</span> <span class='ocrx_word' id='word_1_333' title='bbox 1769 1157 1834 1221; x_wconf 91' lang='lat' dir='ltr'>Hie</span> <span class='ocrx_word' id='word_1_334' title='bbox 1863 1179 1977 1224; x_wconf 88' lang='lat' dir='ltr'>versus</span> <span class='ocrx_word' id='word_1_335' title='bbox 2010 1171 2060 1224; x_wconf 88' lang='lat' dir='ltr'>est</span> <span class='ocrx_word' id='word_1_336' title='bbox 2089 1161 2191 1227; x_wconf 89' lang='lat' dir='ltr'>veluti</span> 
     </span>
     <span class='ocr_line' id='line_1_41' title="bbox 1221 1237 2190 1328; baseline 0.011 -24"><span class='ocrx_word' id='word_1_337' title='bbox 1221 1237 1498 1323; x_wconf 78' lang='grc' dir='ltr'>ἀνακεφαλαίωσις</span> <span class='ocrx_word' id='word_1_338' title='bbox 1531 1243 1745 1323; x_wconf 88' lang='lat' dir='ltr'>superiorum.</span> <span class='ocrx_word' id='word_1_339' title='bbox 1797 1241 1841 1309; x_wconf 84' lang='lat' dir='ltr'>Se</span> <span class='ocrx_word' id='word_1_340' title='bbox 1872 1244 1959 1308; x_wconf 91' lang='lat' dir='ltr'>enim</span> <span class='ocrx_word' id='word_1_341' title='bbox 1990 1245 2190 1328; x_wconf 83' lang='lat' dir='ltr'>praedixisse</span> 
     </span>
     <span class='ocr_line' id='line_1_42' title="bbox 1219 1327 2190 1412; baseline 0.008 -21"><span class='ocrx_word' id='word_1_342' title='bbox 1219 1328 1339 1391; x_wconf 88' lang='lat' dir='ltr'>iterum</span> <span class='ocrx_word' id='word_1_343' title='bbox 1372 1327 1482 1391; x_wconf 90' lang='lat' dir='ltr'>futura</span> <span class='ocrx_word' id='word_1_344' title='bbox 1516 1331 1645 1406; x_wconf 82' lang='lat' dir='ltr'>recitat,</span> <span class='ocrx_word' id='word_1_345' title='bbox 1679 1348 1716 1392; x_wconf 86' lang='lat' dir='ltr'>aa</span> <span class='ocrx_word' id='word_1_346' title='bbox 1748 1347 1784 1393; x_wconf 93' lang='lat' dir='ltr'>re</span> <span class='ocrx_word' id='word_1_347' title='bbox 1816 1329 1886 1412; x_wconf 87' lang='lat' dir='ltr'>ipsa</span> <span class='ocrx_word' id='word_1_348' title='bbox 1919 1333 2119 1412; x_wconf 84' lang='lat' dir='ltr'>praestitisse</span> <span class='ocrx_word' id='word_1_349' title='bbox 2152 1345 2190 1399; x_wconf 90' lang='lat' dir='ltr'>ut</span> 
     </span>
     <span class='ocr_line' id='line_1_43' title="bbox 1219 1412 2188 1500; baseline 0.009 -25"><span class='ocrx_word' id='word_1_350' title='bbox 1219 1412 1435 1495; x_wconf 87' lang='lat' dir='ltr'>praedixerat.</span> <span class='ocrx_word' id='word_1_351' title='bbox 1477 1413 1683 1479; x_wconf 91' lang='lat' dir='ltr'>Annuntiare</span> <span class='ocrx_word' id='word_1_352' title='bbox 1706 1412 1746 1478; x_wconf 91' lang='lat' dir='ltr'>ad</span> <span class='ocrx_word' id='word_1_353' title='bbox 1764 1415 2011 1497; x_wconf 78' lang='lat' dir='ltr'>praescientiam</span> <span class='ocrx_word' id='word_1_354' title='bbox 2034 1420 2188 1500; x_wconf 86' lang='lat' dir='ltr'>pertinet:</span> 
     </span>
     <span class='ocr_line' id='line_1_44' title="bbox 1220 1497 2188 1584; baseline 0.007 -22"><span class='ocrx_word' id='word_1_355' title='bbox 1220 1518 1368 1575; x_wconf 87' lang='lat' dir='ltr'>servare,</span> <span class='ocrx_word' id='word_1_356' title='bbox 1402 1497 1443 1560; x_wconf 88' lang='lat' dir='ltr'>ad</span> <span class='ocrx_word' id='word_1_357' title='bbox 1473 1499 1651 1580; x_wconf 90' lang='lat' dir='ltr'>potentiam</span> <span class='ocrx_word' id='word_1_358' title='bbox 1684 1510 1716 1564; x_wconf 91' lang='lat' dir='ltr'>et</span> <span class='ocrx_word' id='word_1_359' title='bbox 1744 1500 1929 1564; x_wconf 88' lang='lat' dir='ltr'>bonitatem.</span> <span class='ocrx_word' id='word_1_360' title='bbox 1980 1500 2020 1565; x_wconf 94' lang='lat' dir='ltr'>In</span> <span class='ocrx_word' id='word_1_361' title='bbox 2051 1523 2188 1584; x_wconf 88' lang='lat' dir='ltr'>summa,</span> 
     </span>
     <span class='ocr_line' id='line_1_45' title="bbox 1220 1583 2188 1670; baseline 0.005 -22"><span class='ocrx_word' id='word_1_362' title='bbox 1220 1583 1382 1668; x_wconf 88' lang='lat' dir='ltr'>signifieat</span> <span class='ocrx_word' id='word_1_363' title='bbox 1405 1603 1440 1647; x_wconf 90' lang='lat' dir='ltr'>se</span> <span class='ocrx_word' id='word_1_364' title='bbox 1462 1604 1563 1647; x_wconf 89' lang='lat' dir='ltr'>unum</span> <span class='ocrx_word' id='word_1_365' title='bbox 1590 1604 1660 1649; x_wconf 92' lang='lat' dir='ltr'>esse</span> <span class='ocrx_word' id='word_1_366' title='bbox 1683 1585 1800 1664; x_wconf 92' lang='lat' dir='ltr'>Deum,</span> <span class='ocrx_word' id='word_1_367' title='bbox 1830 1587 1884 1667; x_wconf 93' lang='lat' dir='ltr'>qui</span> <span class='ocrx_word' id='word_1_368' title='bbox 1907 1588 2017 1651; x_wconf 90' lang='lat' dir='ltr'>omnia</span> <span class='ocrx_word' id='word_1_369' title='bbox 2039 1597 2072 1651; x_wconf 95' lang='lat' dir='ltr'>et</span> <span class='ocrx_word' id='word_1_370' title='bbox 2093 1591 2188 1670; x_wconf 88' lang='lat' dir='ltr'>norit,</span> 
     </span>
     <span class='ocr_line' id='line_1_46' title="bbox 1219 1668 2189 1753; baseline 0.007 -21"><span class='ocrx_word' id='word_1_371' title='bbox 1219 1680 1254 1732; x_wconf 92' lang='lat' dir='ltr'>et</span> <span class='ocrx_word' id='word_1_372' title='bbox 1275 1669 1402 1733; x_wconf 78' lang='lat' dir='ltr'>efficiat.</span> <span class='ocrx_word' id='word_1_373' title='bbox 1447 1668 1591 1733; x_wconf 76' lang='lat' dir='ltr'>Tametsi</span> <span class='ocrx_word' id='word_1_374' title='bbox 1614 1691 1692 1735; x_wconf 84' lang='lat' dir='ltr'>vero</span> <span class='ocrx_word' id='word_1_375' title='bbox 1722 1670 1801 1735; x_wconf 88' lang='lat' dir='ltr'>haee</span> <span class='ocrx_word' id='word_1_376' title='bbox 1822 1670 1953 1735; x_wconf 89' lang='lat' dir='ltr'>Iudaeis</span> <span class='ocrx_word' id='word_1_377' title='bbox 1987 1673 2074 1738; x_wconf 89' lang='lat' dir='ltr'>diota</span> <span class='ocrx_word' id='word_1_378' title='bbox 2102 1683 2189 1753; x_wconf 89' lang='lat' dir='ltr'>sunt,</span> 
     </span>
     <span class='ocr_line' id='line_1_47' title="bbox 1220 1754 2190 1840; baseline 0.007 -22"><span class='ocrx_word' id='word_1_379' title='bbox 1220 1756 1361 1818; x_wconf 87' lang='lat' dir='ltr'>seiamus</span> <span class='ocrx_word' id='word_1_380' title='bbox 1383 1765 1493 1818; x_wconf 88' lang='lat' dir='ltr'>tamen</span> <span class='ocrx_word' id='word_1_381' title='bbox 1513 1754 1553 1818; x_wconf 91' lang='lat' dir='ltr'>ad</span> <span class='ocrx_word' id='word_1_382' title='bbox 1573 1776 1631 1820; x_wconf 91' lang='lat' dir='ltr'>nos</span> <span class='ocrx_word' id='word_1_383' title='bbox 1650 1775 1779 1838; x_wconf 91' lang='lat' dir='ltr'>qnoque</span> <span class='ocrx_word' id='word_1_384' title='bbox 1800 1757 1871 1839; x_wconf 91' lang='lat' dir='ltr'>ipsa</span> <span class='ocrx_word' id='word_1_385' title='bbox 1893 1759 2065 1840; x_wconf 89' lang='lat' dir='ltr'>pertinere.</span> <span class='ocrx_word' id='word_1_386' title='bbox 2100 1758 2190 1840; x_wconf 77' lang='lat' dir='ltr'>Quot</span> 
     </span>
     <span class='ocr_line' id='line_1_48' title="bbox 1220 1839 2189 1920; baseline 0.005 -15"><span class='ocrx_word' id='word_1_387' title='bbox 1220 1841 1307 1905; x_wconf 91' lang='lat' dir='ltr'>enim</span> <span class='ocrx_word' id='word_1_388' title='bbox 1331 1839 1484 1903; x_wconf 87' lang='lat' dir='ltr'>vatieinia</span> <span class='ocrx_word' id='word_1_389' title='bbox 1507 1840 1600 1904; x_wconf 89' lang='lat' dir='ltr'>nobis</span> <span class='ocrx_word' id='word_1_390' title='bbox 1622 1842 1737 1907; x_wconf 90' lang='lat' dir='ltr'>relieta</span> <span class='ocrx_word' id='word_1_391' title='bbox 1759 1853 1844 1920; x_wconf 91' lang='lat' dir='ltr'>sunt,</span> <span class='ocrx_word' id='word_1_392' title='bbox 1879 1852 1926 1906; x_wconf 91' lang='lat' dir='ltr'>tot</span> <span class='ocrx_word' id='word_1_393' title='bbox 1959 1847 2059 1908; x_wconf 90' lang='lat' dir='ltr'>etiam</span> <span class='ocrx_word' id='word_1_394' title='bbox 2092 1843 2189 1911; x_wconf 91' lang='lat' dir='ltr'>doen·</span> 
     </span>
     <span class='ocr_line' id='line_1_49' title="bbox 1220 1923 2190 1996; baseline 0.005 -6"><span class='ocrx_word' id='word_1_395' title='bbox 1220 1932 1332 1990; x_wconf 88' lang='lat' dir='ltr'>menta</span> <span class='ocrx_word' id='word_1_396' title='bbox 1352 1923 1445 1988; x_wconf 91' lang='lat' dir='ltr'>nobis</span> <span class='ocrx_word' id='word_1_397' title='bbox 1467 1946 1537 1990; x_wconf 91' lang='lat' dir='ltr'>esse</span> <span class='ocrx_word' id='word_1_398' title='bbox 1559 1925 1678 1990; x_wconf 88' lang='lat' dir='ltr'>debent</span> <span class='ocrx_word' id='word_1_399' title='bbox 1699 1926 1830 1991; x_wconf 87' lang='lat' dir='ltr'>divinae</span> <span class='ocrx_word' id='word_1_400' title='bbox 1853 1938 1886 1992; x_wconf 93' lang='lat' dir='ltr'>et</span> <span class='ocrx_word' id='word_1_401' title='bbox 1903 1929 2056 1993; x_wconf 73' lang='lat' dir='ltr'>scientiae</span> <span class='ocrx_word' id='word_1_402' title='bbox 2078 1940 2111 1994; x_wconf 87' lang='lat' dir='ltr'>et</span> <span class='ocrx_word' id='word_1_403' title='bbox 2125 1932 2190 1996; x_wconf 82' lang='lat' dir='ltr'>vir·</span> 
     </span>
     <span class='ocr_line' id='line_1_50' title="bbox 1221 2010 2189 2100; baseline 0.006 -25"><span class='ocrx_word' id='word_1_404' title='bbox 1221 2012 1308 2087; x_wconf 86' lang='lat' dir='ltr'>tutis,</span> <span class='ocrx_word' id='word_1_405' title='bbox 1332 2010 1419 2073; x_wconf 87' lang='lat' dir='ltr'>utin</span> <span class='ocrx_word' id='word_1_406' title='bbox 1439 2011 1509 2092; x_wconf 90' lang='lat' dir='ltr'>ipso</span> <span class='ocrx_word' id='word_1_407' title='bbox 1530 2011 1598 2075; x_wconf 91' lang='lat' dir='ltr'>solo</span> <span class='ocrx_word' id='word_1_408' title='bbox 1620 2014 1856 2078; x_wconf 80' lang='lat' dir='ltr'>recumbamus.</span> <span class='ocrx_word' id='word_1_409' title='bbox 1888 2013 1995 2097; x_wconf 89' lang='lat' dir='ltr'>Atque</span> <span class='ocrx_word' id='word_1_410' title='bbox 2014 2025 2049 2078; x_wconf 92' lang='lat' dir='ltr'>ut</span> <span class='ocrx_word' id='word_1_411' title='bbox 2068 2016 2189 2100; x_wconf 88' lang='lat' dir='ltr'>fugatis</span> 
     </span>
     <span class='ocr_line' id='line_1_51' title="bbox 1219 2094 2190 2179; baseline 0.003 -17"><span class='ocrx_word' id='word_1_412' title='bbox 1219 2094 1506 2179; x_wconf 86' lang='lat' dir='ltr'>superstitionibus</span> <span class='ocrx_word' id='word_1_413' title='bbox 1538 2095 1572 2160; x_wconf 94' lang='lat' dir='ltr'>in</span> <span class='ocrx_word' id='word_1_414' title='bbox 1605 2098 1686 2162; x_wconf 92' lang='lat' dir='ltr'>solio</span> <span class='ocrx_word' id='word_1_415' title='bbox 1724 2097 1872 2163; x_wconf 87' lang='lat' dir='ltr'>eoelestis</span> <span class='ocrx_word' id='word_1_416' title='bbox 1910 2121 1989 2164; x_wconf 91' lang='lat' dir='ltr'>suae</span> <span class='ocrx_word' id='word_1_417' title='bbox 2026 2101 2190 2166; x_wconf 89' lang='lat' dir='ltr'>doetrinae</span> 
     </span>
     <span class='ocr_line' id='line_1_52' title="bbox 1219 2182 2189 2268; baseline 0.005 -21"><span class='ocrx_word' id='word_1_418' title='bbox 1219 2182 1371 2259; x_wconf 85' lang='lat' dir='ltr'>emineat,</span> <span class='ocrx_word' id='word_1_419' title='bbox 1389 2201 1503 2245; x_wconf 91' lang='lat' dir='ltr'>rursus</span> <span class='ocrx_word' id='word_1_420' title='bbox 1518 2192 1748 2247; x_wconf 81' lang='lat' dir='ltr'>commemorat</span> <span class='ocrx_word' id='word_1_421' title='bbox 1763 2205 1797 2248; x_wconf 90' lang='lat' dir='ltr'>se</span> <span class='ocrx_word' id='word_1_422' title='bbox 1809 2186 1992 2250; x_wconf 88' lang='lat' dir='ltr'>exseruisse</span> <span class='ocrx_word' id='word_1_423' title='bbox 2010 2188 2189 2268; x_wconf 88' lang='lat' dir='ltr'>potentiam</span> 
     </span>
     <span class='ocr_line' id='line_1_53' title="bbox 1219 2264 2188 2353; baseline 0.003 -20"><span class='ocrx_word' id='word_1_424' title='bbox 1219 2289 1324 2350; x_wconf 91' lang='lat' dir='ltr'>suam,</span> <span class='ocrx_word' id='word_1_425' title='bbox 1346 2275 1378 2330; x_wconf 91' lang='lat' dir='ltr'>et</span> <span class='ocrx_word' id='word_1_426' title='bbox 1396 2264 1522 2331; x_wconf 91' lang='lat' dir='ltr'>dedisse</span> <span class='ocrx_word' id='word_1_427' title='bbox 1541 2269 1665 2350; x_wconf 89' lang='lat' dir='ltr'>gratiae</span> <span class='ocrx_word' id='word_1_428' title='bbox 1683 2269 1785 2352; x_wconf 86' lang='lat' dir='ltr'>signa,</span> <span class='ocrx_word' id='word_1_429' title='bbox 1809 2269 1931 2353; x_wconf 89' lang='lat' dir='ltr'>absque</span> <span class='ocrx_word' id='word_1_430' title='bbox 1948 2270 2014 2335; x_wconf 91' lang='lat' dir='ltr'>ullo</span> <span class='ocrx_word' id='word_1_431' title='bbox 2032 2271 2188 2338; x_wconf 89' lang='lat' dir='ltr'>adiutore.</span> 
     </span>
     <span class='ocr_line' id='line_1_54' title="bbox 1220 2352 2191 2441; baseline 0.004 -23"><span class='ocrx_word' id='word_1_432' title='bbox 1220 2353 1316 2419; x_wconf 89' lang='lat' dir='ltr'>Unde</span> <span class='ocrx_word' id='word_1_433' title='bbox 1338 2352 1486 2433; x_wconf 89' lang='lat' dir='ltr'>sequitur</span> <span class='ocrx_word' id='word_1_434' title='bbox 1509 2352 1607 2417; x_wconf 92' lang='lat' dir='ltr'>nimis</span> <span class='ocrx_word' id='word_1_435' title='bbox 1628 2354 1774 2439; x_wconf 91' lang='lat' dir='ltr'>ingratos</span> <span class='ocrx_word' id='word_1_436' title='bbox 1797 2355 1864 2419; x_wconf 89' lang='lat' dir='ltr'>fore</span> <span class='ocrx_word' id='word_1_437' title='bbox 1883 2364 1915 2420; x_wconf 89' lang='lat' dir='ltr'>et</span> <span class='ocrx_word' id='word_1_438' title='bbox 1933 2376 2104 2439; x_wconf 83' lang='lat' dir='ltr'>perversos</span> <span class='ocrx_word' id='word_1_439' title='bbox 2123 2361 2191 2441; x_wconf 92' lang='lat' dir='ltr'>qui-</span> 
     </span>
     <span class='ocr_line' id='line_1_55' title="bbox 1220 2440 2190 2527; baseline 0.003 -22"><span class='ocrx_word' id='word_1_440' title='bbox 1220 2459 1346 2521; x_wconf 86' lang='lat' dir='ltr'>onnque</span> <span class='ocrx_word' id='word_1_441' title='bbox 1373 2459 1436 2501; x_wconf 93' lang='lat' dir='ltr'>non</span> <span class='ocrx_word' id='word_1_442' title='bbox 1460 2448 1557 2501; x_wconf 92' lang='lat' dir='ltr'>erunt</span> <span class='ocrx_word' id='word_1_443' title='bbox 1579 2459 1617 2502; x_wconf 92' lang='lat' dir='ltr'>eo</span> <span class='ocrx_word' id='word_1_444' title='bbox 1639 2461 1705 2505; x_wconf 90' lang='lat' dir='ltr'>uno</span> <span class='ocrx_word' id='word_1_445' title='bbox 1734 2442 1887 2505; x_wconf 88' lang='lat' dir='ltr'>eontenti.</span> <span class='ocrx_word' id='word_1_446' title='bbox 1932 2440 2006 2522; x_wconf 78' lang='lat' dir='ltr'>Quo</span> <span class='ocrx_word' id='word_1_447' title='bbox 2036 2453 2190 2527; x_wconf 88' lang='lat' dir='ltr'>tempore,</span> 
     </span>
     <span class='ocr_line' id='line_1_56' title="bbox 1220 2521 2189 2612; baseline 0.003 -23"><span class='ocrx_word' id='word_1_448' title='bbox 1220 2524 1336 2607; x_wconf 91' lang='lat' dir='ltr'>inquit,</span> <span class='ocrx_word' id='word_1_449' title='bbox 1359 2521 1485 2587; x_wconf 90' lang='lat' dir='ltr'>nullum</span> <span class='ocrx_word' id='word_1_450' title='bbox 1509 2535 1702 2588; x_wconf 88' lang='lat' dir='ltr'>extraneum</span> <span class='ocrx_word' id='word_1_451' title='bbox 1726 2525 1834 2590; x_wconf 89' lang='lat' dir='ltr'>Deum</span> <span class='ocrx_word' id='word_1_452' title='bbox 1857 2526 2021 2606; x_wconf 84' lang='lat' dir='ltr'>nolebatis,</span> <span class='ocrx_word' id='word_1_453' title='bbox 2044 2550 2104 2612; x_wconf 89' lang='lat' dir='ltr'>ego</span> <span class='ocrx_word' id='word_1_454' title='bbox 2125 2531 2189 2592; x_wconf 87' lang='lat' dir='ltr'>vir-</span> 
     </span>
     <span class='ocr_line' id='line_1_57' title="bbox 1220 2610 2189 2693; baseline 0.006 -20"><span class='ocrx_word' id='word_1_455' title='bbox 1220 2619 1325 2674; x_wconf 89' lang='lat' dir='ltr'>tutem</span> <span class='ocrx_word' id='word_1_456' title='bbox 1355 2628 1462 2673; x_wconf 86' lang='lat' dir='ltr'>meam</span> <span class='ocrx_word' id='word_1_457' title='bbox 1490 2610 1597 2691; x_wconf 88' lang='lat' dir='ltr'>palam</span> <span class='ocrx_word' id='word_1_458' title='bbox 1627 2621 1660 2674; x_wconf 91' lang='lat' dir='ltr'>et</span> <span class='ocrx_word' id='word_1_459' title='bbox 1689 2622 1800 2693; x_wconf 89' lang='lat' dir='ltr'>aperte</span> <span class='ocrx_word' id='word_1_460' title='bbox 1833 2612 1970 2676; x_wconf 85' lang='lat' dir='ltr'>exserui.</span> <span class='ocrx_word' id='word_1_461' title='bbox 2015 2614 2068 2677; x_wconf 93' lang='lat' dir='ltr'>Ad</span> <span class='ocrx_word' id='word_1_462' title='bbox 2097 2616 2189 2679; x_wconf 85' lang='lat' dir='ltr'>fletos</span> 
     </span>
     <span class='ocr_line' id='line_1_58' title="bbox 1219 2691 2189 2779; baseline 0.005 -20"><span class='ocrx_word' id='word_1_463' title='bbox 1219 2697 1322 2779; x_wconf 88' lang='lat' dir='ltr'>igitur</span> <span class='ocrx_word' id='word_1_464' title='bbox 1344 2695 1420 2758; x_wconf 90' lang='lat' dir='ltr'>deos</span> <span class='ocrx_word' id='word_1_465' title='bbox 1442 2691 1527 2776; x_wconf 90' lang='lat' dir='ltr'>quod</span> <span class='ocrx_word' id='word_1_466' title='bbox 1555 2715 1664 2759; x_wconf 93' lang='lat' dir='ltr'>meum</span> <span class='ocrx_word' id='word_1_467' title='bbox 1687 2709 1735 2760; x_wconf 89' lang='lat' dir='ltr'>est</span> <span class='ocrx_word' id='word_1_468' title='bbox 1758 2698 1928 2761; x_wconf 86' lang='lat' dir='ltr'>transferri</span> <span class='ocrx_word' id='word_1_469' title='bbox 1956 2699 2004 2760; x_wconf 87' lang='lat' dir='ltr'>fas</span> <span class='ocrx_word' id='word_1_470' title='bbox 2035 2718 2100 2763; x_wconf 91' lang='lat' dir='ltr'>non</span> <span class='ocrx_word' id='word_1_471' title='bbox 2129 2710 2189 2764; x_wconf 87' lang='lat' dir='ltr'>est.</span> 
     </span>
     <span class='ocr_line' id='line_1_59' title="bbox 1220 2778 2190 2868; baseline 0.004 -23"><span class='ocrx_word' id='word_1_472' title='bbox 1220 2782 1332 2862; x_wconf 90' lang='lat' dir='ltr'>Neque</span> <span class='ocrx_word' id='word_1_473' title='bbox 1362 2789 1471 2842; x_wconf 90' lang='lat' dir='ltr'>tamen</span> <span class='ocrx_word' id='word_1_474' title='bbox 1495 2778 1547 2843; x_wconf 84' lang='lat' dir='ltr'>hio</span> <span class='ocrx_word' id='word_1_475' title='bbox 1570 2790 1637 2843; x_wconf 92' lang='lat' dir='ltr'>tam</span> <span class='ocrx_word' id='word_1_476' title='bbox 1668 2781 1818 2845; x_wconf 88' lang='lat' dir='ltr'>landatur</span> <span class='ocrx_word' id='word_1_477' title='bbox 1847 2782 1964 2863; x_wconf 89' lang='lat' dir='ltr'>pietas,</span> <span class='ocrx_word' id='word_1_478' title='bbox 1995 2784 2047 2846; x_wconf 88' lang='lat' dir='ltr'>vel</span> <span class='ocrx_word' id='word_1_479' title='bbox 2076 2784 2190 2868; x_wconf 87' lang='lat' dir='ltr'>religio</span> 
     </span>
     <span class='ocr_line' id='line_1_60' title="bbox 1220 2865 2188 2949; baseline 0.004 -18"><span class='ocrx_word' id='word_1_480' title='bbox 1220 2865 1346 2949; x_wconf 87' lang='lat' dir='ltr'>populi,</span> <span class='ocrx_word' id='word_1_481' title='bbox 1376 2884 1473 2946; x_wconf 90' lang='lat' dir='ltr'>quam</span> <span class='ocrx_word' id='word_1_482' title='bbox 1503 2865 1690 2929; x_wconf 90' lang='lat' dir='ltr'>exeluditur</span> <span class='ocrx_word' id='word_1_483' title='bbox 1713 2867 1854 2931; x_wconf 88' lang='lat' dir='ltr'>alienum</span> <span class='ocrx_word' id='word_1_484' title='bbox 1879 2889 1975 2932; x_wconf 89' lang='lat' dir='ltr'>omne</span> <span class='ocrx_word' id='word_1_485' title='bbox 1996 2867 2188 2936; x_wconf 86' lang='lat' dir='ltr'>subsidium.</span> 
     </span>
     <span class='ocr_line' id='line_1_61' title="bbox 1220 2949 2189 3037; baseline 0.005 -22"><span class='ocrx_word' id='word_1_486' title='bbox 1220 2951 1324 3032; x_wconf 76' lang='lat' dir='ltr'>Quasi</span> <span class='ocrx_word' id='word_1_487' title='bbox 1354 2949 1491 3015; x_wconf 87' lang='lat' dir='ltr'>dioeret:</span> <span class='ocrx_word' id='word_1_488' title='bbox 1526 2949 1637 3030; x_wconf 79' lang='lat' dir='ltr'>Quum</span> <span class='ocrx_word' id='word_1_489' title='bbox 1661 2951 1786 3016; x_wconf 93' lang='lat' dir='ltr'>nullum</span> <span class='ocrx_word' id='word_1_490' title='bbox 1810 2952 1908 3016; x_wconf 88' lang='lat' dir='ltr'>alium</span> <span class='ocrx_word' id='word_1_491' title='bbox 1933 2955 2040 3018; x_wconf 90' lang='lat' dir='ltr'>Deum</span> <span class='ocrx_word' id='word_1_492' title='bbox 2070 2975 2189 3037; x_wconf 88' lang='lat' dir='ltr'>eogno-</span> 
     </span>
     <span class='ocr_line' id='line_1_62' title="bbox 1219 3034 2190 3122; baseline 0.004 -20"><span class='ocrx_word' id='word_1_493' title='bbox 1219 3043 1346 3102; x_wconf 84' lang='lat' dir='ltr'>soerent</span> <span class='ocrx_word' id='word_1_494' title='bbox 1363 3034 1486 3114; x_wconf 92' lang='lat' dir='ltr'>Iudaei,</span> <span class='ocrx_word' id='word_1_495' title='bbox 1510 3040 1559 3098; x_wconf 85' lang='lat' dir='ltr'>tot</span> <span class='ocrx_word' id='word_1_496' title='bbox 1576 3046 1731 3120; x_wconf 87' lang='lat' dir='ltr'>tantaque</span> <span class='ocrx_word' id='word_1_497' title='bbox 1751 3039 1820 3102; x_wconf 88' lang='lat' dir='ltr'>eius</span> <span class='ocrx_word' id='word_1_498' title='bbox 1838 3038 1994 3103; x_wconf 88' lang='lat' dir='ltr'>miraoula</span> <span class='ocrx_word' id='word_1_499' title='bbox 2016 3041 2190 3122; x_wconf 88' lang='lat' dir='ltr'>oonspieua</span> 
     </span>
     <span class='ocr_line' id='line_1_63' title="bbox 1218 3120 2188 3206; baseline 0.002 -18"><span class='ocrx_word' id='word_1_500' title='bbox 1218 3123 1328 3199; x_wconf 86' lang='lat' dir='ltr'>foisse,</span> <span class='ocrx_word' id='word_1_501' title='bbox 1345 3132 1384 3185; x_wconf 90' lang='lat' dir='ltr'>ut</span> <span class='ocrx_word' id='word_1_502' title='bbox 1398 3120 1476 3186; x_wconf 89' lang='lat' dir='ltr'>satis</span> <span class='ocrx_word' id='word_1_503' title='bbox 1491 3130 1656 3187; x_wconf 88' lang='lat' dir='ltr'>eonstaret</span> <span class='ocrx_word' id='word_1_504' title='bbox 1672 3122 1799 3186; x_wconf 92' lang='lat' dir='ltr'>nullum</span> <span class='ocrx_word' id='word_1_505' title='bbox 1816 3130 1945 3206; x_wconf 89' lang='lat' dir='ltr'>praeter</span> <span class='ocrx_word' id='word_1_506' title='bbox 1959 3125 2066 3206; x_wconf 89' lang='lat' dir='ltr'>ipsum</span> <span class='ocrx_word' id='word_1_507' title='bbox 2079 3125 2188 3190; x_wconf 92' lang='lat' dir='ltr'>Deum</span> 
     </span>
     <span class='ocr_line' id='line_1_64' title="bbox 1219 3204 2188 3276; baseline 0.004 -4"><span class='ocrx_word' id='word_1_508' title='bbox 1219 3229 1298 3272; x_wconf 90' lang='lat' dir='ltr'>esse.</span> <span class='ocrx_word' id='word_1_509' title='bbox 1342 3204 1452 3272; x_wconf 80' lang='lat' dir='ltr'>Simul</span> <span class='ocrx_word' id='word_1_510' title='bbox 1481 3212 1590 3272; x_wconf 88' lang='lat' dir='ltr'>autem</span> <span class='ocrx_word' id='word_1_511' title='bbox 1614 3216 1705 3272; x_wconf 88' lang='lat' dir='ltr'>notat</span> <span class='ocrx_word' id='word_1_512' title='bbox 1727 3208 1831 3273; x_wconf 87' lang='lat' dir='ltr'>Isaiae</span> <span class='ocrx_word' id='word_1_513' title='bbox 1861 3208 2085 3274; x_wconf 89' lang='lat' dir='ltr'>infidelitatem</span> <span class='ocrx_word' id='word_1_514' title='bbox 2115 3233 2188 3276; x_wconf 91' lang='lat' dir='ltr'>nos·</span> 
     </span>
     <span class='ocr_line' id='line_1_65' title="bbox 1219 3291 2188 3376; baseline 0.004 -19"><span class='ocrx_word' id='word_1_515' title='bbox 1219 3300 1304 3358; x_wconf 88' lang='lat' dir='ltr'>tram</span> <span class='ocrx_word' id='word_1_516' title='bbox 1334 3292 1463 3357; x_wconf 87' lang='lat' dir='ltr'>obstare</span> <span class='ocrx_word' id='word_1_517' title='bbox 1494 3291 1564 3356; x_wconf 89' lang='lat' dir='ltr'>Deo</span> <span class='ocrx_word' id='word_1_518' title='bbox 1597 3294 1769 3375; x_wconf 91' lang='lat' dir='ltr'>quominus</span> <span class='ocrx_word' id='word_1_519' title='bbox 1802 3296 1978 3376; x_wconf 87' lang='lat' dir='ltr'>potentiam</span> <span class='ocrx_word' id='word_1_520' title='bbox 2011 3297 2099 3359; x_wconf 88' lang='lat' dir='ltr'>iuter</span> <span class='ocrx_word' id='word_1_521' title='bbox 2128 3318 2188 3362; x_wconf 90' lang='lat' dir='ltr'>nos</span> 
     </span>
     <span class='ocr_line' id='line_1_66' title="bbox 1218 3378 2187 3463; baseline 0 -17"><span class='ocrx_word' id='word_1_522' title='bbox 1218 3399 1312 3445; x_wconf 90' lang='lat' dir='ltr'>suam</span> <span class='ocrx_word' id='word_1_523' title='bbox 1347 3387 1486 3443; x_wconf 90' lang='lat' dir='ltr'>exserat.</span> <span class='ocrx_word' id='word_1_524' title='bbox 1545 3378 1724 3444; x_wconf 78' lang='lat' dir='ltr'>Fanessant</span> <span class='ocrx_word' id='word_1_525' title='bbox 1763 3381 1863 3463; x_wconf 88' lang='lat' dir='ltr'>igitur</span> <span class='ocrx_word' id='word_1_526' title='bbox 1898 3401 2011 3444; x_wconf 92' lang='lat' dir='ltr'>omnes</span> <span class='ocrx_word' id='word_1_527' title='bbox 2053 3402 2187 3459; x_wconf 91' lang='lat' dir='ltr'>errores,</span> 
     </span>
     <span class='ocr_line' id='line_1_67' title="bbox 1219 3463 2188 3547; baseline -0.001 -16"><span class='ocrx_word' id='word_1_528' title='bbox 1219 3483 1384 3547; x_wconf 84' lang='lat' dir='ltr'>vagasque</span> <span class='ocrx_word' id='word_1_529' title='bbox 1407 3470 1440 3527; x_wconf 86' lang='lat' dir='ltr'>et</span> <span class='ocrx_word' id='word_1_530' title='bbox 1461 3464 1605 3528; x_wconf 80' lang='lat' dir='ltr'>insertae</span> <span class='ocrx_word' id='word_1_531' title='bbox 1628 3464 1667 3528; x_wconf 94' lang='lat' dir='ltr'>de</span> <span class='ocrx_word' id='word_1_532' title='bbox 1688 3463 1759 3528; x_wconf 91' lang='lat' dir='ltr'>Deo</span> <span class='ocrx_word' id='word_1_533' title='bbox 1780 3467 1959 3547; x_wconf 90' lang='lat' dir='ltr'>opiniones,</span> <span class='ocrx_word' id='word_1_534' title='bbox 1981 3466 2008 3529; x_wconf 92' lang='lat' dir='ltr'>si</span> <span class='ocrx_word' id='word_1_535' title='bbox 2032 3467 2188 3530; x_wconf 88' lang='lat' dir='ltr'>virtutem</span> 
     </span>
     <span class='ocr_line' id='line_1_68' title="bbox 1218 3547 2188 3631; baseline 0 -15"><span class='ocrx_word' id='word_1_536' title='bbox 1218 3553 1288 3617; x_wconf 90' lang='lat' dir='ltr'>eius</span> <span class='ocrx_word' id='word_1_537' title='bbox 1311 3548 1452 3631; x_wconf 90' lang='lat' dir='ltr'>experiri</span> <span class='ocrx_word' id='word_1_538' title='bbox 1476 3547 1623 3614; x_wconf 87' lang='lat' dir='ltr'>velimus.</span> <span class='ocrx_word' id='word_1_539' title='bbox 1660 3548 1744 3612; x_wconf 91' lang='lat' dir='ltr'>Nam</span> <span class='ocrx_word' id='word_1_540' title='bbox 1767 3551 1794 3612; x_wconf 91' lang='lat' dir='ltr'>si</span> <span class='ocrx_word' id='word_1_541' title='bbox 1814 3561 1937 3613; x_wconf 92' lang='lat' dir='ltr'>mentes</span> <span class='ocrx_word' id='word_1_542' title='bbox 1960 3550 2188 3617; x_wconf 89' lang='lat' dir='ltr'>deflexerimus</span> 
     </span>
    </p>
   </div>
   <div class='ocr_carea' id='block_1_5' title="bbox 196 3632 2188 5348">
    <p class='ocr_par' dir='ltr' id='par_1_8' title="bbox 196 3632 2188 4317">
     <span class='ocr_line' id='line_1_69' title="bbox 196 3632 2188 3720; baseline -0.001 -18"><span class='ocrx_word' id='word_1_543' title='bbox 196 3639 368 3720; x_wconf 88' lang='lat' dir='ltr'>profioere,</span> <span class='ocrx_word' id='word_1_544' title='bbox 402 3648 500 3719; x_wconf 89' lang='lat' dir='ltr'>atque</span> <span class='ocrx_word' id='word_1_545' title='bbox 533 3639 568 3701; x_wconf 90' lang='lat' dir='ltr'>in</span> <span class='ocrx_word' id='word_1_546' title='bbox 598 3636 667 3702; x_wconf 89' lang='lat' dir='ltr'>dies</span> <span class='ocrx_word' id='word_1_547' title='bbox 700 3635 883 3701; x_wconf 87' lang='lat' dir='ltr'>adolesoere</span> <span class='ocrx_word' id='word_1_548' title='bbox 917 3648 949 3699; x_wconf 92' lang='lat' dir='ltr'>et</span> <span class='ocrx_word' id='word_1_549' title='bbox 982 3636 1167 3700; x_wconf 88' lang='lat' dir='ltr'>oonfirmari</span> <span class='ocrx_word' id='word_1_550' title='bbox 1218 3637 1258 3702; x_wconf 84' lang='lat' dir='ltr'>ad</span> <span class='ocrx_word' id='word_1_551' title='bbox 1281 3634 1528 3717; x_wconf 89' lang='lat' dir='ltr'>superstitiones</span> <span class='ocrx_word' id='word_1_552' title='bbox 1551 3642 1607 3698; x_wconf 88' lang='lat' dir='ltr'>aut</span> <span class='ocrx_word' id='word_1_553' title='bbox 1629 3632 1723 3712; x_wconf 90' lang='lat' dir='ltr'>idola,</span> <span class='ocrx_word' id='word_1_554' title='bbox 1753 3654 1811 3699; x_wconf 90' lang='lat' dir='ltr'>nos</span> <span class='ocrx_word' id='word_1_555' title='bbox 1834 3646 1922 3698; x_wconf 88' lang='lat' dir='ltr'>oerte</span> <span class='ocrx_word' id='word_1_556' title='bbox 1944 3634 2096 3718; x_wconf 88' lang='lat' dir='ltr'>indignos</span> <span class='ocrx_word' id='word_1_557' title='bbox 2117 3638 2188 3701; x_wconf 89' lang='lat' dir='ltr'>eius</span> 
     </span>
     <span class='ocr_line' id='line_1_70' title="bbox 199 3719 2188 3804; baseline 0.002 -18"><span class='ocrx_word' id='word_1_558' title='bbox 199 3722 362 3788; x_wconf 87' lang='lat' dir='ltr'>debemus.</span> <span class='ocrx_word' id='word_1_559' title='bbox 407 3723 479 3788; x_wconf 88' lang='lat' dir='ltr'>Hoo</span> <span class='ocrx_word' id='word_1_560' title='bbox 512 3723 598 3787; x_wconf 89' lang='lat' dir='ltr'>enim</span> <span class='ocrx_word' id='word_1_561' title='bbox 627 3721 699 3787; x_wconf 86' lang='lat' dir='ltr'>vult</span> <span class='ocrx_word' id='word_1_562' title='bbox 732 3723 793 3785; x_wconf 90' lang='lat' dir='ltr'>ista</span> <span class='ocrx_word' id='word_1_563' title='bbox 821 3721 987 3803; x_wconf 91' lang='lat' dir='ltr'>repetitio,</span> <span class='ocrx_word' id='word_1_564' title='bbox 1023 3740 1078 3802; x_wconf 78' lang='lat' dir='ltr'>epo</span> <span class='ocrx_word' id='word_1_565' title='bbox 1105 3740 1165 3804; x_wconf 78' lang='lat' dir='ltr'>epo.</span> <span class='ocrx_word' id='word_1_566' title='bbox 1218 3720 1341 3787; x_wconf 89' lang='lat' dir='ltr'>auxilio</span> <span class='ocrx_word' id='word_1_567' title='bbox 1364 3730 1398 3783; x_wconf 93' lang='lat' dir='ltr'>et</span> <span class='ocrx_word' id='word_1_568' title='bbox 1416 3719 1561 3783; x_wconf 90' lang='lat' dir='ltr'>bonitate</span> <span class='ocrx_word' id='word_1_569' title='bbox 1583 3719 1766 3784; x_wconf 91' lang='lat' dir='ltr'>reddemus.</span> <span class='ocrx_word' id='word_1_570' title='bbox 1796 3719 1941 3784; x_wconf 75' lang='lat' dir='ltr'>&#39;landem</span> <span class='ocrx_word' id='word_1_571' title='bbox 1965 3723 2050 3803; x_wconf 90' lang='lat' dir='ltr'>ipsos</span> <span class='ocrx_word' id='word_1_572' title='bbox 2072 3743 2188 3789; x_wconf 85' lang='lat' dir='ltr'>rursus</span> 
     </span>
     <span class='ocr_line' id='line_1_71' title="bbox 198 3803 2188 3889; baseline 0.001 -17"><span class='ocrx_word' id='word_1_573' title='bbox 198 3808 248 3872; x_wconf 90' lang='lat' dir='ltr'>Ne</span> <span class='ocrx_word' id='word_1_574' title='bbox 269 3818 379 3873; x_wconf 93' lang='lat' dir='ltr'>tamen</span> <span class='ocrx_word' id='word_1_575' title='bbox 402 3808 625 3872; x_wconf 90' lang='lat' dir='ltr'>existimemus</span> <span class='ocrx_word' id='word_1_576' title='bbox 648 3820 812 3872; x_wconf 90' lang='lat' dir='ltr'>aeternam</span> <span class='ocrx_word' id='word_1_577' title='bbox 835 3805 1038 3871; x_wconf 90' lang='lat' dir='ltr'>solummodo</span> <span class='ocrx_word' id='word_1_578' title='bbox 1060 3827 1167 3871; x_wconf 88' lang='lat' dir='ltr'>essen·</span> <span class='ocrx_word' id='word_1_579' title='bbox 1217 3808 1296 3872; x_wconf 84' lang='lat' dir='ltr'>eitat</span> <span class='ocrx_word' id='word_1_580' title='bbox 1319 3815 1427 3883; x_wconf 89' lang='lat' dir='ltr'>testes,</span> <span class='ocrx_word' id='word_1_581' title='bbox 1448 3803 1611 3886; x_wconf 89' lang='lat' dir='ltr'>malignae</span> <span class='ocrx_word' id='word_1_582' title='bbox 1635 3814 1667 3869; x_wconf 88' lang='lat' dir='ltr'>et</span> <span class='ocrx_word' id='word_1_583' title='bbox 1689 3805 1843 3870; x_wconf 77' lang='lat' dir='ltr'>scelestae</span> <span class='ocrx_word' id='word_1_584' title='bbox 1865 3806 2112 3889; x_wconf 88' lang='lat' dir='ltr'>ingratitudinis</span> <span class='ocrx_word' id='word_1_585' title='bbox 2133 3828 2188 3875; x_wconf 90' lang='lat' dir='ltr'>eos</span> 
     </span>
     <span class='ocr_line' id='line_1_72' title="bbox 199 3889 2188 3975; baseline 0.001 -19"><span class='ocrx_word' id='word_1_586' title='bbox 199 3894 277 3957; x_wconf 90' lang='lat' dir='ltr'>tiam</span> <span class='ocrx_word' id='word_1_587' title='bbox 308 3894 378 3956; x_wconf 89' lang='lat' dir='ltr'>eius</span> <span class='ocrx_word' id='word_1_588' title='bbox 407 3893 644 3958; x_wconf 89' lang='lat' dir='ltr'>oommendari:</span> <span class='ocrx_word' id='word_1_589' title='bbox 678 3894 734 3958; x_wconf 86' lang='lat' dir='ltr'>sod</span> <span class='ocrx_word' id='word_1_590' title='bbox 766 3893 944 3974; x_wconf 87' lang='lat' dir='ltr'>potentiam</span> <span class='ocrx_word' id='word_1_591' title='bbox 977 3911 1106 3974; x_wconf 89' lang='lat' dir='ltr'>quoque</span> <span class='ocrx_word' id='word_1_592' title='bbox 1135 3901 1167 3956; x_wconf 90' lang='lat' dir='ltr'>et</span> <span class='ocrx_word' id='word_1_593' title='bbox 1218 3891 1428 3973; x_wconf 90' lang='lat' dir='ltr'>insimulans,</span> <span class='ocrx_word' id='word_1_594' title='bbox 1456 3889 1483 3953; x_wconf 88' lang='lat' dir='ltr'>si</span> <span class='ocrx_word' id='word_1_595' title='bbox 1508 3889 1714 3954; x_wconf 88' lang='lat' dir='ltr'>dissimulent</span> <span class='ocrx_word' id='word_1_596' title='bbox 1737 3892 1820 3973; x_wconf 89' lang='lat' dir='ltr'>quod</span> <span class='ocrx_word' id='word_1_597' title='bbox 1844 3891 1973 3956; x_wconf 89' lang='lat' dir='ltr'>abunde</span> <span class='ocrx_word' id='word_1_598' title='bbox 1995 3893 2075 3973; x_wconf 90' lang='lat' dir='ltr'>ipsis</span> <span class='ocrx_word' id='word_1_599' title='bbox 2097 3905 2188 3975; x_wconf 86' lang='lat' dir='ltr'>pate·</span> 
     </span>
     <span class='ocr_line' id='line_1_73' title="bbox 199 3975 2185 4059; baseline -0.001 -16"><span class='ocrx_word' id='word_1_600' title='bbox 199 3979 375 4043; x_wconf 88' lang='lat' dir='ltr'>bonitatem</span> <span class='ocrx_word' id='word_1_601' title='bbox 398 3977 515 4059; x_wconf 88' lang='lat' dir='ltr'>quibus</span> <span class='ocrx_word' id='word_1_602' title='bbox 537 3978 664 4044; x_wconf 89' lang='lat' dir='ltr'>assidue</span> <span class='ocrx_word' id='word_1_603' title='bbox 685 4000 720 4043; x_wconf 89' lang='lat' dir='ltr'>er</span> <span class='ocrx_word' id='word_1_604' title='bbox 744 3997 763 4040; x_wconf 88' lang='lat' dir='ltr'>a</span> <span class='ocrx_word' id='word_1_605' title='bbox 785 3998 844 4042; x_wconf 89' lang='lat' dir='ltr'>nos</span> <span class='ocrx_word' id='word_1_606' title='bbox 867 3979 980 4055; x_wconf 89' lang='lat' dir='ltr'>utitur,</span> <span class='ocrx_word' id='word_1_607' title='bbox 1003 3988 1035 4042; x_wconf 88' lang='lat' dir='ltr'>et</span> <span class='ocrx_word' id='word_1_608' title='bbox 1055 3999 1090 4042; x_wconf 86' lang='lat' dir='ltr'>se</span> <span class='ocrx_word' id='word_1_609' title='bbox 1112 3977 1165 4042; x_wconf 91' lang='lat' dir='ltr'>ab·</span> <span class='ocrx_word' id='word_1_610' title='bbox 1217 3980 1347 4045; x_wconf 82' lang='lat' dir='ltr'>fecerat.</span> <span class='ocrx_word' id='word_1_611' title='bbox 1403 3975 1478 4056; x_wconf 75' lang='lat' dir='ltr'>Quo</span> <span class='ocrx_word' id='word_1_612' title='bbox 1510 3976 1597 4039; x_wconf 91' lang='lat' dir='ltr'>enim</span> <span class='ocrx_word' id='word_1_613' title='bbox 1634 3976 1782 4058; x_wconf 90' lang='lat' dir='ltr'>pluribus</span> <span class='ocrx_word' id='word_1_614' title='bbox 1817 3986 1851 4041; x_wconf 89' lang='lat' dir='ltr'>et</span> <span class='ocrx_word' id='word_1_615' title='bbox 1883 3977 2059 4041; x_wconf 88' lang='lat' dir='ltr'>maioribus</span> <span class='ocrx_word' id='word_1_616' title='bbox 2095 3980 2185 4042; x_wconf 87' lang='lat' dir='ltr'>testi·</span> 
     </span>
     <span class='ocr_line' id='line_1_74' title="bbox 197 4060 2186 4147; baseline -0.001 -18"><span class='ocrx_word' id='word_1_617' title='bbox 197 4065 286 4129; x_wconf 91' lang='lat' dir='ltr'>unde</span> <span class='ocrx_word' id='word_1_618' title='bbox 305 4064 467 4147; x_wconf 85' lang='lat' dir='ltr'>patefaeit.</span> <span class='ocrx_word' id='word_1_619' title='bbox 501 4063 644 4129; x_wconf 80' lang='lat' dir='ltr'>Additur</span> <span class='ocrx_word' id='word_1_620' title='bbox 664 4065 729 4147; x_wconf 90' lang='lat' dir='ltr'>epit</span> <span class='ocrx_word' id='word_1_621' title='bbox 755 4072 828 4128; x_wconf 91' lang='lat' dir='ltr'>eton</span> <span class='ocrx_word' id='word_1_622' title='bbox 851 4066 945 4145; x_wconf 90' lang='lat' dir='ltr'>quasi</span> <span class='ocrx_word' id='word_1_623' title='bbox 963 4063 1166 4128; x_wconf 88' lang='lat' dir='ltr'>diseretionis</span> <span class='ocrx_word' id='word_1_624' title='bbox 1216 4064 1335 4129; x_wconf 90' lang='lat' dir='ltr'>moniis</span> <span class='ocrx_word' id='word_1_625' title='bbox 1367 4060 1460 4126; x_wconf 89' lang='lat' dir='ltr'>Deus</span> <span class='ocrx_word' id='word_1_626' title='bbox 1491 4061 1645 4127; x_wconf 84' lang='lat' dir='ltr'>virtutem</span> <span class='ocrx_word' id='word_1_627' title='bbox 1684 4068 1717 4125; x_wconf 88' lang='lat' dir='ltr'>et</span> <span class='ocrx_word' id='word_1_628' title='bbox 1750 4062 1926 4144; x_wconf 89' lang='lat' dir='ltr'>potentiam</span> <span class='ocrx_word' id='word_1_629' title='bbox 1964 4084 2057 4128; x_wconf 88' lang='lat' dir='ltr'>suam</span> <span class='ocrx_word' id='word_1_630' title='bbox 2091 4065 2186 4129; x_wconf 91' lang='lat' dir='ltr'>nobis</span> 
     </span>
     <span class='ocr_line' id='line_1_75' title="bbox 199 4147 2186 4233; baseline 0.001 -20"><span class='ocrx_word' id='word_1_631' title='bbox 199 4160 286 4230; x_wconf 89' lang='lat' dir='ltr'>nota,</span> <span class='ocrx_word' id='word_1_632' title='bbox 314 4149 399 4233; x_wconf 87' lang='lat' dir='ltr'>quod</span> <span class='ocrx_word' id='word_1_633' title='bbox 421 4149 511 4214; x_wconf 91' lang='lat' dir='ltr'>solus</span> <span class='ocrx_word' id='word_1_634' title='bbox 533 4149 576 4213; x_wconf 89' lang='lat' dir='ltr'>sit</span> <span class='ocrx_word' id='word_1_635' title='bbox 597 4160 754 4214; x_wconf 86' lang='lat' dir='ltr'>servator.</span> <span class='ocrx_word' id='word_1_636' title='bbox 798 4149 838 4212; x_wconf 96' lang='lat' dir='ltr'>In</span> <span class='ocrx_word' id='word_1_637' title='bbox 862 4148 923 4213; x_wconf 91' lang='lat' dir='ltr'>hoe</span> <span class='ocrx_word' id='word_1_638' title='bbox 946 4149 1032 4213; x_wconf 91' lang='lat' dir='ltr'>enim</span> <span class='ocrx_word' id='word_1_639' title='bbox 1058 4149 1165 4214; x_wconf 93' lang='lat' dir='ltr'>hallu·</span> <span class='ocrx_word' id='word_1_640' title='bbox 1217 4148 1416 4232; x_wconf 89' lang='lat' dir='ltr'>patefeeerit,</span> <span class='ocrx_word' id='word_1_641' title='bbox 1445 4167 1482 4210; x_wconf 96' lang='lat' dir='ltr'>eo</span> <span class='ocrx_word' id='word_1_642' title='bbox 1504 4148 1608 4230; x_wconf 87' lang='lat' dir='ltr'>magis</span> <span class='ocrx_word' id='word_1_643' title='bbox 1631 4147 1671 4211; x_wconf 88' lang='lat' dir='ltr'>ad</span> <span class='ocrx_word' id='word_1_644' title='bbox 1694 4169 1765 4212; x_wconf 91' lang='lat' dir='ltr'>eam</span> <span class='ocrx_word' id='word_1_645' title='bbox 1788 4147 2038 4230; x_wconf 84' lang='lat' dir='ltr'>praedicandam</span> <span class='ocrx_word' id='word_1_646' title='bbox 2062 4149 2186 4214; x_wconf 89' lang='lat' dir='ltr'>astrieti</span> 
     </span>
     <span class='ocr_line' id='line_1_76' title="bbox 198 4234 1339 4317; baseline -0.004 -16"><span class='ocrx_word' id='word_1_647' title='bbox 198 4237 328 4301; x_wconf 79' lang='lat' dir='ltr'>sinatur</span> <span class='ocrx_word' id='word_1_648' title='bbox 349 4235 501 4317; x_wconf 91' lang='lat' dir='ltr'>mundus,</span> <span class='ocrx_word' id='word_1_649' title='bbox 524 4234 609 4316; x_wconf 90' lang='lat' dir='ltr'>quod</span> <span class='ocrx_word' id='word_1_650' title='bbox 632 4235 758 4298; x_wconf 90' lang='lat' dir='ltr'>nudum</span> <span class='ocrx_word' id='word_1_651' title='bbox 780 4245 812 4299; x_wconf 91' lang='lat' dir='ltr'>et</span> <span class='ocrx_word' id='word_1_652' title='bbox 834 4235 930 4299; x_wconf 90' lang='lat' dir='ltr'>inane</span> <span class='ocrx_word' id='word_1_653' title='bbox 952 4254 1070 4299; x_wconf 91' lang='lat' dir='ltr'>nomen</span> <span class='ocrx_word' id='word_1_654' title='bbox 1095 4235 1166 4301; x_wconf 88' lang='lat' dir='ltr'>Deo</span> <span class='ocrx_word' id='word_1_655' title='bbox 1216 4255 1339 4301; x_wconf 89' lang='lat' dir='ltr'>sumus.</span> 
     </span>
    </p>

    <p class='ocr_par' dir='ltr' id='par_1_9' title="bbox 198 4315 2185 5348">
     <span class='ocr_line' id='line_1_77' title="bbox 199 4315 2185 4403; baseline -0.002 -18"><span class='ocrx_word' id='word_1_656' title='bbox 199 4321 326 4400; x_wconf 88' lang='lat' dir='ltr'>tribuit,</span> <span class='ocrx_word' id='word_1_657' title='bbox 359 4332 454 4402; x_wconf 88' lang='lat' dir='ltr'>atque</span> <span class='ocrx_word' id='word_1_658' title='bbox 488 4321 619 4385; x_wconf 91' lang='lat' dir='ltr'>interim</span> <span class='ocrx_word' id='word_1_659' title='bbox 650 4320 720 4383; x_wconf 90' lang='lat' dir='ltr'>eius</span> <span class='ocrx_word' id='word_1_660' title='bbox 742 4321 948 4385; x_wconf 91' lang='lat' dir='ltr'>autoritatem</span> <span class='ocrx_word' id='word_1_661' title='bbox 971 4320 1035 4383; x_wconf 93' lang='lat' dir='ltr'>alio</span> <span class='ocrx_word' id='word_1_662' title='bbox 1058 4333 1165 4386; x_wconf 91' lang='lat' dir='ltr'>trans·</span> <span class='ocrx_word' id='word_1_663' title='bbox 1304 4320 1353 4384; x_wconf 86' lang='lat'>13.</span> <span class='ocrx_word' id='word_1_664' title='bbox 1383 4315 1507 4402; x_wconf 79' lang='lat' dir='ltr'>(Etiam</span> <span class='ocrx_word' id='word_1_665' title='bbox 1536 4322 1701 4399; x_wconf 51' lang='lat' dir='ltr'>uunquam</span> <span class='ocrx_word' id='word_1_666' title='bbox 1728 4316 1821 4403; x_wconf 78' lang='lat' dir='ltr'>dies.)</span> <span class='ocrx_word' id='word_1_667' title='bbox 1864 4318 1960 4383; x_wconf 91' lang='lat' dir='ltr'>Nune</span> <span class='ocrx_word' id='word_1_668' title='bbox 1982 4319 2122 4400; x_wconf 89' lang='lat' dir='ltr'>loquitur</span> <span class='ocrx_word' id='word_1_669' title='bbox 2145 4318 2185 4382; x_wconf 89' lang='lat' dir='ltr'>de</span> 
     </span>
     <span class='ocr_line' id='line_1_78' title="bbox 198 4401 2184 4488; baseline -0.001 -19"><span class='ocrx_word' id='word_1_670' title='bbox 198 4407 270 4471; x_wconf 86' lang='lat' dir='ltr'>fert.</span> <span class='ocrx_word' id='word_1_671' title='bbox 314 4405 596 4488; x_wconf 78' lang='lat' dir='ltr'>Quemadmodum</span> <span class='ocrx_word' id='word_1_672' title='bbox 622 4406 658 4469; x_wconf 91' lang='lat' dir='ltr'>in</span> <span class='ocrx_word' id='word_1_673' title='bbox 680 4415 801 4488; x_wconf 88' lang='lat' dir='ltr'>papatu</span> <span class='ocrx_word' id='word_1_674' title='bbox 824 4405 1014 4470; x_wconf 89' lang='lat' dir='ltr'>nominatur</span> <span class='ocrx_word' id='word_1_675' title='bbox 1035 4406 1164 4488; x_wconf 93' lang='lat' dir='ltr'>quidem</span> <span class='ocrx_word' id='word_1_676' title='bbox 1216 4407 1409 4471; x_wconf 88' lang='lat' dir='ltr'>aeternitate</span> <span class='ocrx_word' id='word_1_677' title='bbox 1431 4403 1504 4468; x_wconf 93' lang='lat' dir='ltr'>Dei.</span> <span class='ocrx_word' id='word_1_678' title='bbox 1551 4401 1615 4469; x_wconf 87' lang='lat' dir='ltr'>Sed</span> <span class='ocrx_word' id='word_1_679' title='bbox 1639 4403 1818 4468; x_wconf 86' lang='lat' dir='ltr'>tenendum</span> <span class='ocrx_word' id='word_1_680' title='bbox 1846 4414 1894 4468; x_wconf 89' lang='lat' dir='ltr'>est</span> <span class='ocrx_word' id='word_1_681' title='bbox 1917 4403 2086 4469; x_wconf 91' lang='lat' dir='ltr'>eonsilium</span> <span class='ocrx_word' id='word_1_682' title='bbox 2109 4425 2184 4487; x_wconf 92' lang='lat' dir='ltr'>pro·</span> 
     </span>
     <span class='ocr_line' id='line_1_79' title="bbox 199 4489 2184 4576; baseline -0.002 -21"><span class='ocrx_word' id='word_1_683' title='bbox 199 4492 306 4567; x_wconf 89' lang='lat' dir='ltr'>Deus,</span> <span class='ocrx_word' id='word_1_684' title='bbox 340 4491 396 4557; x_wconf 90' lang='lat' dir='ltr'>sed</span> <span class='ocrx_word' id='word_1_685' title='bbox 428 4493 550 4557; x_wconf 89' lang='lat' dir='ltr'>honore</span> <span class='ocrx_word' id='word_1_686' title='bbox 583 4512 642 4557; x_wconf 93' lang='lat' dir='ltr'>suo</span> <span class='ocrx_word' id='word_1_687' title='bbox 675 4491 846 4573; x_wconf 88' lang='lat' dir='ltr'>spoliatur,</span> <span class='ocrx_word' id='word_1_688' title='bbox 879 4491 957 4555; x_wconf 93' lang='lat' dir='ltr'>dum</span> <span class='ocrx_word' id='word_1_689' title='bbox 991 4513 1067 4572; x_wconf 93' lang='lat' dir='ltr'>pars</span> <span class='ocrx_word' id='word_1_690' title='bbox 1099 4514 1166 4557; x_wconf 90' lang='lat' dir='ltr'>nna</span> <span class='ocrx_word' id='word_1_691' title='bbox 1215 4492 1341 4576; x_wconf 91' lang='lat' dir='ltr'>phetae.</span> <span class='ocrx_word' id='word_1_692' title='bbox 1385 4490 1471 4554; x_wconf 89' lang='lat' dir='ltr'>Nam</span> <span class='ocrx_word' id='word_1_693' title='bbox 1501 4489 1557 4572; x_wconf 88' lang='lat' dir='ltr'>qui</span> <span class='ocrx_word' id='word_1_694' title='bbox 1585 4490 1744 4572; x_wconf 89' lang='lat' dir='ltr'>originem</span> <span class='ocrx_word' id='word_1_695' title='bbox 1775 4489 1887 4565; x_wconf 87' lang='lat' dir='ltr'>habet,</span> <span class='ocrx_word' id='word_1_696' title='bbox 1918 4510 1977 4554; x_wconf 86' lang='lat' dir='ltr'>neo</span> <span class='ocrx_word' id='word_1_697' title='bbox 2007 4510 2026 4553; x_wconf 88' lang='lat' dir='ltr'>a</span> <span class='ocrx_word' id='word_1_698' title='bbox 2051 4511 2085 4554; x_wconf 93' lang='lat' dir='ltr'>se</span> <span class='ocrx_word' id='word_1_699' title='bbox 2114 4491 2184 4571; x_wconf 90' lang='lat' dir='ltr'>ipso</span> 
     </span>
     <span class='ocr_line' id='line_1_80' title="bbox 199 4575 2183 4661; baseline -0.002 -19"><span class='ocrx_word' id='word_1_700' title='bbox 199 4578 308 4656; x_wconf 91' lang='lat' dir='ltr'>Petro,</span> <span class='ocrx_word' id='word_1_701' title='bbox 343 4578 406 4642; x_wconf 90' lang='lat' dir='ltr'>alia</span> <span class='ocrx_word' id='word_1_702' title='bbox 432 4579 546 4656; x_wconf 92' lang='lat' dir='ltr'>Paulo,</span> <span class='ocrx_word' id='word_1_703' title='bbox 580 4577 645 4642; x_wconf 93' lang='lat' dir='ltr'>alia</span> <span class='ocrx_word' id='word_1_704' title='bbox 673 4576 851 4642; x_wconf 83' lang='lat' dir='ltr'>Guillelmo</span> <span class='ocrx_word' id='word_1_705' title='bbox 880 4587 914 4641; x_wconf 90' lang='lat' dir='ltr'>et</span> <span class='ocrx_word' id='word_1_706' title='bbox 935 4577 1078 4661; x_wconf 82' lang='lat' dir='ltr'>Georgio</span> <span class='ocrx_word' id='word_1_707' title='bbox 1107 4579 1164 4642; x_wconf 93' lang='lat' dir='ltr'>tri·</span> <span class='ocrx_word' id='word_1_708' title='bbox 1216 4589 1280 4656; x_wconf 91' lang='lat' dir='ltr'>est,</span> <span class='ocrx_word' id='word_1_709' title='bbox 1311 4597 1377 4640; x_wconf 91' lang='lat' dir='ltr'>non</span> <span class='ocrx_word' id='word_1_710' title='bbox 1399 4582 1506 4659; x_wconf 90' lang='lat' dir='ltr'>potest</span> <span class='ocrx_word' id='word_1_711' title='bbox 1528 4575 1664 4658; x_wconf 91' lang='lat' dir='ltr'>imperio</span> <span class='ocrx_word' id='word_1_712' title='bbox 1686 4597 1744 4640; x_wconf 93' lang='lat' dir='ltr'>suo</span> <span class='ocrx_word' id='word_1_713' title='bbox 1765 4595 1888 4658; x_wconf 89' lang='lat' dir='ltr'>regere,</span> <span class='ocrx_word' id='word_1_714' title='bbox 1915 4584 1948 4638; x_wconf 89' lang='lat' dir='ltr'>et</span> <span class='ocrx_word' id='word_1_715' title='bbox 1970 4583 2053 4639; x_wconf 92' lang='lat' dir='ltr'>nutu</span> <span class='ocrx_word' id='word_1_716' title='bbox 2075 4576 2183 4638; x_wconf 93' lang='lat' dir='ltr'>mode·</span> 
     </span>
     <span class='ocr_line' id='line_1_81' title="bbox 199 4660 2182 4746; baseline -0.002 -20"><span class='ocrx_word' id='word_1_717' title='bbox 199 4663 326 4727; x_wconf 90' lang='lat' dir='ltr'>buitur:</span> <span class='ocrx_word' id='word_1_718' title='bbox 361 4663 421 4728; x_wconf 89' lang='lat' dir='ltr'>hoe</span> <span class='ocrx_word' id='word_1_719' title='bbox 449 4674 510 4742; x_wconf 90' lang='lat' dir='ltr'>est,</span> <span class='ocrx_word' id='word_1_720' title='bbox 544 4664 578 4727; x_wconf 95' lang='lat' dir='ltr'>in</span> <span class='ocrx_word' id='word_1_721' title='bbox 608 4671 658 4728; x_wconf 90' lang='lat' dir='ltr'>tot</span> <span class='ocrx_word' id='word_1_722' title='bbox 684 4672 795 4746; x_wconf 87' lang='lat' dir='ltr'>partes</span> <span class='ocrx_word' id='word_1_723' title='bbox 824 4661 1064 4728; x_wconf 88' lang='lat' dir='ltr'>distribuuntur</span> <span class='ocrx_word' id='word_1_724' title='bbox 1096 4666 1165 4729; x_wconf 91' lang='lat' dir='ltr'>eius</span> <span class='ocrx_word' id='word_1_725' title='bbox 1216 4665 1281 4728; x_wconf 90' lang='lat' dir='ltr'>rari</span> <span class='ocrx_word' id='word_1_726' title='bbox 1312 4683 1395 4745; x_wconf 88' lang='lat' dir='ltr'>quae</span> <span class='ocrx_word' id='word_1_727' title='bbox 1423 4681 1490 4724; x_wconf 90' lang='lat' dir='ltr'>non</span> <span class='ocrx_word' id='word_1_728' title='bbox 1524 4662 1656 4725; x_wconf 87' lang='lat' dir='ltr'>ereavit.</span> <span class='ocrx_word' id='word_1_729' title='bbox 1699 4660 1881 4725; x_wconf 89' lang='lat' dir='ltr'>Aeternum</span> <span class='ocrx_word' id='word_1_730' title='bbox 1915 4660 2017 4743; x_wconf 89' lang='lat' dir='ltr'>igitur</span> <span class='ocrx_word' id='word_1_731' title='bbox 2045 4680 2080 4724; x_wconf 90' lang='lat' dir='ltr'>se</span> <span class='ocrx_word' id='word_1_732' title='bbox 2110 4680 2182 4739; x_wconf 93' lang='lat' dir='ltr'>pro·</span> 
     </span>
     <span class='ocr_line' id='line_1_82' title="bbox 200 4744 2182 4832; baseline -0.003 -19"><span class='ocrx_word' id='word_1_733' title='bbox 200 4750 306 4814; x_wconf 88' lang='lat' dir='ltr'>offioia</span> <span class='ocrx_word' id='word_1_734' title='bbox 328 4758 364 4814; x_wconf 91' lang='lat' dir='ltr'>ut</span> <span class='ocrx_word' id='word_1_735' title='bbox 386 4747 467 4813; x_wconf 92' lang='lat' dir='ltr'>nihil</span> <span class='ocrx_word' id='word_1_736' title='bbox 489 4770 592 4832; x_wconf 91' lang='lat' dir='ltr'>paene</span> <span class='ocrx_word' id='word_1_737' title='bbox 613 4749 676 4832; x_wconf 92' lang='lat' dir='ltr'>ipsi</span> <span class='ocrx_word' id='word_1_738' title='bbox 699 4748 859 4831; x_wconf 90' lang='lat' dir='ltr'>reliquum</span> <span class='ocrx_word' id='word_1_739' title='bbox 887 4750 931 4812; x_wconf 82' lang='lat' dir='ltr'>sit</span> <span class='ocrx_word' id='word_1_740' title='bbox 954 4760 1082 4829; x_wconf 90' lang='lat' dir='ltr'>praet-er</span> <span class='ocrx_word' id='word_1_741' title='bbox 1104 4772 1165 4814; x_wconf 93' lang='lat' dir='ltr'>nn·</span> <span class='ocrx_word' id='word_1_742' title='bbox 1216 4750 1372 4813; x_wconf 88' lang='lat' dir='ltr'>nuntians</span> <span class='ocrx_word' id='word_1_743' title='bbox 1393 4745 1497 4822; x_wconf 89' lang='lat' dir='ltr'>Deus,</span> <span class='ocrx_word' id='word_1_744' title='bbox 1527 4745 1680 4810; x_wconf 87' lang='lat' dir='ltr'>admonet</span> <span class='ocrx_word' id='word_1_745' title='bbox 1699 4745 1857 4810; x_wconf 94' lang='lat' dir='ltr'>mundum</span> <span class='ocrx_word' id='word_1_746' title='bbox 1879 4767 1950 4810; x_wconf 92' lang='lat' dir='ltr'>esse</span> <span class='ocrx_word' id='word_1_747' title='bbox 1972 4766 2063 4810; x_wconf 90' lang='lat' dir='ltr'>suam</span> <span class='ocrx_word' id='word_1_748' title='bbox 2087 4744 2182 4807; x_wconf 92' lang='lat' dir='ltr'>fabri·</span> 
     </span>
     <span class='ocr_line' id='line_1_83' title="bbox 201 4830 2181 4917; baseline -0.002 -19"><span class='ocrx_word' id='word_1_749' title='bbox 201 4834 277 4899; x_wconf 93' lang='lat' dir='ltr'>dum</span> <span class='ocrx_word' id='word_1_750' title='bbox 294 4847 327 4899; x_wconf 95' lang='lat' dir='ltr'>et</span> <span class='ocrx_word' id='word_1_751' title='bbox 340 4836 439 4899; x_wconf 88' lang='lat' dir='ltr'>inane</span> <span class='ocrx_word' id='word_1_752' title='bbox 456 4856 585 4900; x_wconf 86' lang='lat' dir='ltr'>nomen.</span> <span class='ocrx_word' id='word_1_753' title='bbox 616 4836 727 4902; x_wconf 86' lang='lat' dir='ltr'>Unum</span> <span class='ocrx_word' id='word_1_754' title='bbox 742 4833 872 4917; x_wconf 91' lang='lat' dir='ltr'>quidem</span> <span class='ocrx_word' id='word_1_755' title='bbox 888 4855 923 4897; x_wconf 92' lang='lat' dir='ltr'>se</span> <span class='ocrx_word' id='word_1_756' title='bbox 939 4832 1045 4898; x_wconf 93' lang='lat' dir='ltr'>Deum</span> <span class='ocrx_word' id='word_1_757' title='bbox 1061 4836 1166 4901; x_wconf 82' lang='lat' dir='ltr'>solere</span> <span class='ocrx_word' id='word_1_758' title='bbox 1215 4855 1302 4899; x_wconf 88' lang='lat' dir='ltr'>eam:</span> <span class='ocrx_word' id='word_1_759' title='bbox 1335 4833 1411 4915; x_wconf 91' lang='lat' dir='ltr'>quia</span> <span class='ocrx_word' id='word_1_760' title='bbox 1441 4832 1493 4896; x_wconf 88' lang='lat' dir='ltr'>hie</span> <span class='ocrx_word' id='word_1_761' title='bbox 1522 4841 1657 4894; x_wconf 89' lang='lat' dir='ltr'>naturae</span> <span class='ocrx_word' id='word_1_762' title='bbox 1690 4832 1769 4896; x_wconf 92' lang='lat' dir='ltr'>ordo</span> <span class='ocrx_word' id='word_1_763' title='bbox 1796 4852 1861 4896; x_wconf 93' lang='lat' dir='ltr'>non</span> <span class='ocrx_word' id='word_1_764' title='bbox 1890 4840 2012 4896; x_wconf 88' lang='lat' dir='ltr'>temere</span> <span class='ocrx_word' id='word_1_765' title='bbox 2042 4830 2181 4894; x_wconf 88' lang='lat' dir='ltr'>exstitit:</span> 
     </span>
     <span class='ocr_line' id='line_1_84' title="bbox 199 4915 2181 5004; baseline -0.003 -20"><span class='ocrx_word' id='word_1_766' title='bbox 199 4920 337 4985; x_wconf 88' lang='lat' dir='ltr'>iaetant:</span> <span class='ocrx_word' id='word_1_767' title='bbox 361 4919 416 4985; x_wconf 93' lang='lat' dir='ltr'>sed</span> <span class='ocrx_word' id='word_1_768' title='bbox 435 4940 535 5002; x_wconf 93' lang='lat' dir='ltr'>quum</span> <span class='ocrx_word' id='word_1_769' title='bbox 555 4920 596 4984; x_wconf 92' lang='lat' dir='ltr'>ad</span> <span class='ocrx_word' id='word_1_770' title='bbox 613 4922 718 4986; x_wconf 86' lang='lat' dir='ltr'>offleia</span> <span class='ocrx_word' id='word_1_771' title='bbox 737 4931 872 4984; x_wconf 87' lang='lat' dir='ltr'>ventum</span> <span class='ocrx_word' id='word_1_772' title='bbox 890 4928 950 4998; x_wconf 89' lang='lat' dir='ltr'>est,</span> <span class='ocrx_word' id='word_1_773' title='bbox 968 4927 1018 4983; x_wconf 87' lang='lat' dir='ltr'>tot</span> <span class='ocrx_word' id='word_1_774' title='bbox 1035 4922 1166 5004; x_wconf 86' lang='lat' dir='ltr'>fingunt</span> <span class='ocrx_word' id='word_1_775' title='bbox 1216 4919 1272 4986; x_wconf 89' lang='lat' dir='ltr'>sed</span> <span class='ocrx_word' id='word_1_776' title='bbox 1295 4939 1335 4983; x_wconf 92' lang='lat' dir='ltr'>ex</span> <span class='ocrx_word' id='word_1_777' title='bbox 1354 4916 1537 4982; x_wconf 89' lang='lat' dir='ltr'>admirabili</span> <span class='ocrx_word' id='word_1_778' title='bbox 1555 4915 1618 4980; x_wconf 92' lang='lat' dir='ltr'>Dei</span> <span class='ocrx_word' id='word_1_779' title='bbox 1641 4917 1774 4983; x_wconf 87' lang='lat' dir='ltr'>oonsilio</span> <span class='ocrx_word' id='word_1_780' title='bbox 1796 4927 1829 4980; x_wconf 90' lang='lat' dir='ltr'>et</span> <span class='ocrx_word' id='word_1_781' title='bbox 1846 4917 2005 5001; x_wconf 90' lang='lat' dir='ltr'>sapientia</span> <span class='ocrx_word' id='word_1_782' title='bbox 2027 4917 2181 4979; x_wconf 87' lang='lat' dir='ltr'>manavit.</span> 
     </span>
     <span class='ocr_line' id='line_1_85' title="bbox 200 5001 2182 5089; baseline -0.003 -19"><span class='ocrx_word' id='word_1_783' title='bbox 200 5006 276 5072; x_wconf 89' lang='lat' dir='ltr'>deos</span> <span class='ocrx_word' id='word_1_784' title='bbox 298 5018 375 5089; x_wconf 91' lang='lat' dir='ltr'>quot</span> <span class='ocrx_word' id='word_1_785' title='bbox 399 5004 520 5069; x_wconf 90' lang='lat' dir='ltr'>habent</span> <span class='ocrx_word' id='word_1_786' title='bbox 547 5016 728 5086; x_wconf 86' lang='lat' dir='ltr'>ereaturas,</span> <span class='ocrx_word' id='word_1_787' title='bbox 758 5004 874 5087; x_wconf 90' lang='lat' dir='ltr'>quibus</span> <span class='ocrx_word' id='word_1_788' title='bbox 904 5007 1111 5070; x_wconf 86' lang='lat' dir='ltr'>autoritatem</span> <span class='ocrx_word' id='word_1_789' title='bbox 1134 5017 1166 5072; x_wconf 87' lang='lat' dir='ltr'>et</span> <span class='ocrx_word' id='word_1_790' title='bbox 1217 5005 1291 5086; x_wconf 75' lang='lat' dir='ltr'>Quo</span> <span class='ocrx_word' id='word_1_791' title='bbox 1313 5024 1411 5068; x_wconf 90' lang='lat' dir='ltr'>sensu</span> <span class='ocrx_word' id='word_1_792' title='bbox 1433 5003 1530 5085; x_wconf 89' lang='lat' dir='ltr'>paulo</span> <span class='ocrx_word' id='word_1_793' title='bbox 1559 5010 1633 5084; x_wconf 87' lang='lat' dir='ltr'>post</span> <span class='ocrx_word' id='word_1_794' title='bbox 1655 5001 1760 5078; x_wconf 89' lang='lat' dir='ltr'>addit,</span> <span class='ocrx_word' id='word_1_795' title='bbox 1791 5024 1856 5065; x_wconf 92' lang='lat' dir='ltr'>non</span> <span class='ocrx_word' id='word_1_796' title='bbox 1880 5023 1950 5067; x_wconf 90' lang='lat' dir='ltr'>esse</span> <span class='ocrx_word' id='word_1_797' title='bbox 1972 5001 2027 5082; x_wconf 92' lang='lat' dir='ltr'>qui</span> <span class='ocrx_word' id='word_1_798' title='bbox 2050 5010 2143 5064; x_wconf 88' lang='lat' dir='ltr'>eruat</span> <span class='ocrx_word' id='word_1_799' title='bbox 2165 5021 2182 5065; x_wconf 92' lang='lat' dir='ltr'>e</span> 
     </span>
     <span class='ocr_line' id='line_1_86' title="bbox 200 5085 2182 5174; baseline -0.003 -19"><span class='ocrx_word' id='word_1_800' title='bbox 200 5092 340 5157; x_wconf 77' lang='lat' dir='ltr'>officium</span> <span class='ocrx_word' id='word_1_801' title='bbox 356 5094 425 5156; x_wconf 90' lang='lat' dir='ltr'>eius</span> <span class='ocrx_word' id='word_1_802' title='bbox 439 5091 635 5173; x_wconf 85' lang='lat' dir='ltr'>partiuntur.</span> <span class='ocrx_word' id='word_1_803' title='bbox 658 5092 760 5174; x_wconf 88' lang='lat' dir='ltr'>Atqui</span> <span class='ocrx_word' id='word_1_804' title='bbox 772 5091 931 5155; x_wconf 91' lang='lat' dir='ltr'>Dominus</span> <span class='ocrx_word' id='word_1_805' title='bbox 948 5091 1027 5157; x_wconf 87' lang='lat' dir='ltr'>haeo</span> <span class='ocrx_word' id='word_1_806' title='bbox 1041 5092 1167 5157; x_wconf 90' lang='lat' dir='ltr'>illibata</span> <span class='ocrx_word' id='word_1_807' title='bbox 1217 5111 1315 5154; x_wconf 90' lang='lat' dir='ltr'>mann</span> <span class='ocrx_word' id='word_1_808' title='bbox 1337 5109 1405 5153; x_wconf 88' lang='lat' dir='ltr'>sua.</span> <span class='ocrx_word' id='word_1_809' title='bbox 1449 5086 1546 5154; x_wconf 91' lang='lat' dir='ltr'>Unde</span> <span class='ocrx_word' id='word_1_810' title='bbox 1575 5087 1695 5154; x_wconf 87' lang='lat' dir='ltr'>olarios</span> <span class='ocrx_word' id='word_1_811' title='bbox 1716 5087 1898 5152; x_wconf 87' lang='lat' dir='ltr'>videbimus</span> <span class='ocrx_word' id='word_1_812' title='bbox 1925 5085 1966 5150; x_wconf 93' lang='lat' dir='ltr'>ab</span> <span class='ocrx_word' id='word_1_813' title='bbox 1989 5086 2182 5151; x_wconf 85' lang='lat' dir='ltr'>aeternitate</span> 
     </span>
     <span class='ocr_line' id='line_1_87' title="bbox 200 5172 2183 5261; baseline -0.003 -20"><span class='ocrx_word' id='word_1_814' title='bbox 200 5187 233 5241; x_wconf 89' lang='lat' dir='ltr'>et</span> <span class='ocrx_word' id='word_1_815' title='bbox 249 5182 377 5261; x_wconf 87' lang='lat' dir='ltr'>integra</span> <span class='ocrx_word' id='word_1_816' title='bbox 399 5175 461 5242; x_wconf 91' lang='lat' dir='ltr'>sibi</span> <span class='ocrx_word' id='word_1_817' title='bbox 482 5196 552 5241; x_wconf 91' lang='lat' dir='ltr'>esse</span> <span class='ocrx_word' id='word_1_818' title='bbox 574 5176 690 5258; x_wconf 86' lang='lat' dir='ltr'>voluit,</span> <span class='ocrx_word' id='word_1_819' title='bbox 712 5198 772 5241; x_wconf 89' lang='lat' dir='ltr'>nee</span> <span class='ocrx_word' id='word_1_820' title='bbox 794 5178 864 5241; x_wconf 91' lang='lat' dir='ltr'>sine</span> <span class='ocrx_word' id='word_1_821' title='bbox 886 5174 1048 5242; x_wconf 89' lang='lat' dir='ltr'>horrendo</span> <span class='ocrx_word' id='word_1_822' title='bbox 1070 5180 1167 5243; x_wconf 88' lang='lat' dir='ltr'>saori-</span> <span class='ocrx_word' id='word_1_823' title='bbox 1218 5174 1348 5258; x_wconf 90' lang='lat' dir='ltr'>probari</span> <span class='ocrx_word' id='word_1_824' title='bbox 1381 5193 1541 5238; x_wconf 90' lang='lat' dir='ltr'>summam</span> <span class='ocrx_word' id='word_1_825' title='bbox 1576 5184 1608 5237; x_wconf 90' lang='lat' dir='ltr'>et</span> <span class='ocrx_word' id='word_1_826' title='bbox 1639 5176 1831 5238; x_wconf 90' lang='lat' dir='ltr'>immensam</span> <span class='ocrx_word' id='word_1_827' title='bbox 1868 5173 2056 5255; x_wconf 88' lang='lat' dir='ltr'>potentiam.</span> <span class='ocrx_word' id='word_1_828' title='bbox 2110 5172 2183 5237; x_wconf 88' lang='lat' dir='ltr'>Nisi</span> 
     </span>
     <span class='ocr_line' id='line_1_88' title="bbox 200 5258 2181 5348; baseline -0.003 -22"><span class='ocrx_word' id='word_1_829' title='bbox 200 5261 285 5348; x_wconf 87' lang='lat' dir='ltr'>legio</span> <span class='ocrx_word' id='word_1_830' title='bbox 306 5264 369 5328; x_wconf 90' lang='lat' dir='ltr'>alio</span> <span class='ocrx_word' id='word_1_831' title='bbox 391 5262 561 5327; x_wconf 85' lang='lat' dir='ltr'>transferri</span> <span class='ocrx_word' id='word_1_832' title='bbox 582 5269 729 5343; x_wconf 88' lang='lat' dir='ltr'>possunt.</span> <span class='ocrx_word' id='word_1_833' title='bbox 766 5261 862 5328; x_wconf 85' lang='lat' dir='ltr'>Solus</span> <span class='ocrx_word' id='word_1_834' title='bbox 883 5262 969 5324; x_wconf 91' lang='lat' dir='ltr'>enim</span> <span class='ocrx_word' id='word_1_835' title='bbox 994 5261 1165 5329; x_wconf 76' lang='lat' dir='ltr'>benefacit:</span> <span class='ocrx_word' id='word_1_836' title='bbox 1219 5263 1307 5326; x_wconf 91' lang='lat' dir='ltr'>enim</span> <span class='ocrx_word' id='word_1_837' title='bbox 1329 5274 1479 5325; x_wconf 86' lang='lat' dir='ltr'>aeternus</span> <span class='ocrx_word' id='word_1_838' title='bbox 1506 5269 1607 5338; x_wconf 89' lang='lat' dir='ltr'>esset,</span> <span class='ocrx_word' id='word_1_839' title='bbox 1640 5279 1743 5341; x_wconf 91' lang='lat' dir='ltr'>neque</span> <span class='ocrx_word' id='word_1_840' title='bbox 1773 5258 1883 5322; x_wconf 91' lang='lat' dir='ltr'>omnia</span> <span class='ocrx_word' id='word_1_841' title='bbox 1904 5279 2003 5322; x_wconf 88' lang='lat' dir='ltr'>manu</span> <span class='ocrx_word' id='word_1_842' title='bbox 2025 5279 2083 5323; x_wconf 90' lang='lat' dir='ltr'>sua</span> <span class='ocrx_word' id='word_1_843' title='bbox 2105 5279 2181 5323; x_wconf 90' lang='lat' dir='ltr'>eon·</span> 
     </span>
    </p>
   </div>
   <div class='ocr_carea' id='block_1_6' title="bbox 0 0 2396 5970">
    <p class='ocr_par' dir='ltr' id='par_1_10' title="bbox 0 0 2396 5970">
     <span class='ocr_line' id='line_1_89' title="bbox 0 0 2396 5970; baseline 0 0"><span class='ocrx_word' id='word_1_844' title='bbox 0 0 2396 5970; x_wconf 95' lang='lat' dir='ltr'> </span> 
     </span>
    </p>
   </div>
  </div>
 </body>
</html>
