4784 5970
1073 377 1124 443 IN
1146 373 1312 443 ISAIAbl
2132 374 2196 441 232

188 376 252 447 231

188 569 268 648 Dei,
290 587 387 650 saepe
409 565 1105 645 0000100000010000011001111000100,
1129 585 1169 630 ne
1223 565 1337 643 mines,
1360 563 1513 647 0100010
1535 563 1608 630 Deo
1629 563 1698 631 solo
1720 566 1841 631 fiducia
1857 565 1992 634 locatur.
2032 565 2089 633 Sic
2108 567 2194 633 enim

194 654 238 721 00
259 655 347 754 ipsos
369 673 472 734 usque
501 652 681 735 perveniat,
712 651 788 716 dum
815 651 1044 736 praeoccupati
1072 651 1170 717 rebus
1222 649 1443 734 colligendum
1464 659 1529 716 est:
1559 649 1697 717 salutem
1724 671 1797 718 esse
1817 652 1852 715 in
1876 652 1957 728 Deo,
1984 673 2051 719 nou
2073 672 2141 735 qua
2160 673 2196 719 ao

193 739 343 808 adversus
364 738 539 805 occludunt
562 757 665 814 aures,
688 758 726 803 ac
748 759 848 821 prope
865 739 1012 803 animum
1031 735 1169 820 despon-

193 827 283 893 dent.
326 824 374 893 Ut
396 845 475 909 ergo
498 822 671 889 admittant
692 826 862 907 promissa,
892 829 929 887 ut
949 822 1028 887 deut
1056 842 1169 889 conso-

194 910 308 978 lationi
342 911 465 993 locum,
498 910 619 979 excitat
649 930 704 975 cos
737 923 835 992 atque
872 909 968 993 erigit
1000 908 1169 991 propheta.

191 996 348 1065 Notanda
370 1006 421 1062 est
443 1004 552 1061 autem
570 996 729 1061 sermonis
752 997 862 1061 series.
895 994 1061 1077 Exprimit
1083 995 1170 1059 enim

193 1084 323 1168 qualem
348 1083 510 1146 Dominus
532 1081 685 1164 populum
709 1081 829 1147 habore
852 1080 947 1146 velit:
978 1101 1093 1163 nempe
1116 1080 1170 1163 qui

194 1170 355 1237 iustitiam
377 1170 480 1232 norit:
511 1167 629 1232 deinde
659 1167 763 1249 qualis
792 1166 872 1232 haec
900 1167 988 1232 notio
1019 1167 1072 1245 sit,
1100 1167 1170 1248 ipse

194 1255 355 1339 explicat:
383 1274 481 1337 quum
509 1254 630 1318 scilicet
654 1254 785 1318 insitam
807 1263 904 1335 atque
926 1252 1060 1317 infixam
1080 1251 1170 1318 cordi

194 1342 299 1426 legem
322 1339 429 1406 habet.
473 1339 574 1404 Nulla
596 1340 684 1403 enim
713 1337 840 1403 iustitia
873 1339 944 1403 sine
974 1339 1072 1402 verbo
1103 1336 1170 1402 Do-

192 1427 275 1494 mini
306 1447 378 1491 esse
407 1435 530 1508 potest:
564 1424 673 1489 nullae
699 1424 867 1489 hominum
896 1424 993 1508 leges,
1023 1422 1171 1505 quamvis

192 1513 276 1581 bene
299 1511 507 1591 constitutae,
538 1531 598 1574 nos
620 1509 661 1575 ad
686 1531 794 1575 veram
816 1510 971 1575 iustitiam
998 1510 1169 1575 adducent.

192 1596 399 1664 Adumbrare
418 1597 547 1679 quidem
570 1606 731 1679 poterunt,
751 1594 807 1660 sed
830 1616 994 1678 nunquam
1013 1616 1091 1661 vere
1113 1616 1170 1660 ex·

194 1685 349 1769 priment.
395 1681 502 1749 Simul
530 1702 608 1747 vero
642 1682 785 1747 ostendit
813 1681 969 1764 quomodo
999 1682 1169 1764 proficien-

194 1771 271 1835 dum
296 1769 394 1833 sitin
417 1768 490 1852 lege
513 1768 661 1832 Domini:
693 1788 807 1849 nempe
834 1787 932 1849 quum
960 1787 1032 1832 eam
1062 1767 1170 1832 animo

194 1855 457 1938 complectemur.
492 1853 595 1918 Sedes
610 1855 697 1918 enim
719 1853 801 1936 legis
819 1852 915 1917 huius
938 1872 1002 1917 non
1024 1853 1059 1917 in
1081 1872 1170 1919 cere·

194 1941 264 2022 bro,
293 1939 350 2006 sed
378 1941 412 2004 in
440 1940 535 2004 corde
562 1948 620 2017 est,
650 1951 686 2004 01
713 1938 847 2004 00010011
878 1938 1026 2004 doctrina
1053 1937 1171 2005 imbuti

193 2027 326 2112 penitus
347 2027 550 2091 innovemur.

284 2112 314 2177 8.
347 2111 405 2197 (Ar
425 2111 551 2177 taetitia
571 2109 664 2195 meo.)
708 2110 869 2189 Quoniam
893 2110 956 2192 piis
979 2110 1042 2175 Dei
1065 2109 1172 2174 servis

194 2199 288 2263 varia
308 2198 428 2281 probra
450 2205 482 2262 et
505 2197 667 2278 vituperia
689 2196 881 2261 sustinenda
908 2207 985 2259 sunt
1007 2195 1047 2260 ab
1069 2194 1170 2262 hosti·

196 2282 257 2350 bus
279 2282 390 2349 verbi:
419 2282 492 2347 ideo
515 2281 674 2363 propheta
703 2283 790 2363 ipsos
816 2282 965 2346 hortatur
995 2301 1032 2345 ac
1058 2282 1172 2345 incitat

195 2370 238 2436 ad
260 2389 299 2434 ea
320 2368 450 2434 fortiter
471 2366 671 2433 sustinenda.
717 2366 822 2449 Saepe
844 2369 930 2431 enim
953 2367 1057 2450 magis
1078 2367 1171 2449 igno-

196 2456 301 2521 minia
325 2454 493 2519 hominum
522 2462 556 2517 ot
577 2453 739 2536 convitiis,
766 2473 862 2535 quam
886 2452 1002 2536 gladiis
1024 2462 1056 2516 et
1078 2454 1170 2516 flam-

196 2541 261 2607 mis
283 2560 543 2605 commovemur:
574 2538 631 2602 sed
654 2538 743 2602 laudi
772 2547 805 2603 01
834 2538 957 2623 gloriae
988 2538 1171 2603 ducendum

196 2637 256 2704 est,
279 2625 363 2709 quod
386 2625 426 2690 iis
448 2625 648 2706 contemptui
679 2633 776 2707 atque
805 2624 1020 2690 exsecrationi
1049 2645 1171 2688 sumus.

196 2714 302 2779 Porro
335 2711 413 2777 hinc
446 2711 596 2793 exsurgit
628 2710 892 2794 magnanimitas,
924 2708 1010 2792 quod
1040 2710 1171 2774 tametsi

195 2820 254 2864 nos
284 2796 387 2863 veluti
417 2796 609 2879 quisquilias
638 2807 695 2860 aut
724 2797 837 2862 scobes
865 2796 989 2862 reiiciat
1017 2795 1171 2879 mundus,

196 2883 288 2948 Deus
317 2904 376 2946 nos
403 2883 436 2945 in
468 2883 571 2963 pretio
605 2881 717 2946 habet:
752 2882 827 2963 quia
860 2901 1065 2946 communem
1096 2902 1170 2947 oum

195 2971 267 3051 ipso
300 2987 431 3033 causam
465 2967 672 3030 sustinemus.
729 2967 957 3031 Praeferamus
989 2988 1067 3050 ergo
1096 2986 1169 3030 oum

195 3054 290 3118 Mose
329 3050 537 3132 opprobrium
568 3050 693 3116 Christi
726 3052 888 3116 thesauris
921 3051 1169 3134 Aegyptiorum.

195 3139 378 3203 Laetamur
400 3156 473 3200 oum
496 3136 659 3218 apostolis,
690 3136 745 3217 qui
769 3137 893 3201 alacres
915 3148 948 3200 et
969 3137 1046 3201 laeti
1069 3135 1171 3201 disoe-

195 3222 321 3290 debant
341 3232 550 3301 acouspectu
565 3222 702 3296 concilii,
727 3220 814 3301 quod
832 3220 923 3304 digni
941 3221 1044 3285 habiti
1062 3231 1172 3286 essent

195 3309 251 3392 qui
274 3329 333 3391 pro
355 3306 487 3371 nomine
510 3305 585 3369 Iesu
607 3307 805 3372 contumelia
823 3308 1039 3372 afficerentur.
1068 3307 1171 3372 Porro

196 3395 274 3477 quia
295 3394 378 3460 levis
401 3404 486 3457 esset
508 3392 602 3457 nobis
633 3391 812 3456 consolatio
835 3413 874 3456 ex
898 3394 1032 3456 interitu
1055 3392 1170 3475 impio·

196 3502 281 3561 rum,
315 3479 378 3544 nisi
411 3478 495 3543 salvi
529 3497 684 3556 essemus,
719 3477 860 3542 ostendit
893 3478 996 3560 qualis
1029 3479 1171 3545 conditio

195 3574 310 3632 nostra
332 3566 444 3629 futura
465 3564 522 3628 sit:
553 3583 680 3646 nempe,
702 3563 786 3646 quod
818 3583 985 3644 nunquam
1015 3562 1171 3630 destitue-

198 3672 274 3715 mur
303 3650 428 3715 iustitia
457 3661 489 3711 et
523 3649 630 3714 salute
663 3649 737 3714 Dei.
792 3647 859 3715 Sed
889 3648 1021 3714 videtur
1054 3671 1171 3733 parum

197 3744 275 3818 apta
297 3732 482 3800 huiusmodi
505 3735 713 3817 comparatio,
736 3734 812 3799 dum
836 3735 1010 3818 impiorum
1034 3737 1171 3801 exitium

198 3842 273 3888 cum
296 3821 421 3886 iustitia
443 3840 501 3883 sua
524 3821 657 3884 confert.
695 3821 828 3884 Poterat
850 3822 937 3885 enim
962 3820 1065 3885 multo
1087 3842 1171 3886 com·

198 3905 328 3971 modius
351 3916 383 3971 et
405 3905 550 3987 apertius
572 3905 649 3969 dioi:
673 3906 817 3971 Tametsi
841 3906 970 3988 reprobi
996 3906 1171 3983 exsultent,

198 4004 309 4057 10000
329 3991 512 4073 propediem
533 3990 703 4074 peribunt:
727 3992 770 4072 pii
790 4011 875 4064 vero,
895 3993 1024 4057 tametsi
1044 3991 1173 4056 videan-

198 4088 254 4143 tur
276 4078 406 4154 mortui,
429 4077 551 4140 vivent.
597 4075 661 4141 Sed
687 4096 784 4156 quum
808 4076 933 4141 nullam
956 4077 1059 4142 nostri
1081 4097 1172 4142 men·

199 4164 323 4230 tionem
346 4160 452 4238 faciat,
476 4182 513 4226 ac
531 4163 782 4244 perpetuitatem
804 4162 946 4227 iustitiae
967 4163 1030 4227 Dei
1052 4164 1171 4228 solum·

1221 736 1338 820 ipsum,
1360 734 1416 803 sed
1439 755 1504 819 000
1526 756 1585 802 000
1614 748 1799 803 conservet:
1828 737 2000 816 iustitiam,
2031 757 2134 820 qaam
2160 739 2197 805 in

1223 821 1443 888 defensionem
1465 821 1569 887 nostri
1588 833 1621 886 et
1638 822 1921 889 conservationem
1938 836 2079 891 exserat.
2114 825 2197 891 Pro·

1221 908 1298 973 inde
1328 930 1369 973 ex
1407 907 1623 990 perpetuitate
1656 909 1771 975 salutis
1809 913 1843 975 01
1882 910 2026 977 iustitiae
2064 907 2197 977 divinae

1221 993 1440 1077 colligendum
1474 1001 1534 1076 ost,
1568 991 1632 1058 Dei
1660 1013 1773 1060 servos
1806 995 1941 1061 interire
1973 994 2065 1062 nullo
2100 997 2196 1064 modo

1221 1099 1331 1162 posse:
1373 1078 1644 1162 quemadmodum
1683 1080 1781 1146 stiam
1812 1101 1916 1165 nuper
1948 1081 2124 1148 citavimus
2154 1103 2195 1148 ex

1222 1165 1351 1230 Davide
1377 1164 1479 1250 (Psal.
1505 1164 1575 1244 102,
1596 1163 1666 1249 29):
1699 1167 1750 1230 Tu
1780 1164 1866 1232 idem
1893 1188 1937 1244 es,
1972 1179 2005 1232 et
2037 1169 2116 1234 anni
2149 1172 2195 1237 tui

1222 1270 1287 1316 non
1310 1250 1477 1316 deficient:
1505 1250 1565 1316 filii
1587 1271 1756 1316 servorum
1780 1262 1910 1318 tuorum
1934 1252 2141 1336 habitabunt,
2163 1272 2197 1323 ct

1221 1338 1395 1421 posteritas
1428 1356 1541 1402 eorum
1568 1338 1606 1401 iu
1638 1337 1805 1404 saeculum
1838 1338 2035 1406 firmabitur.
2081 1341 2196 1426 Itaque

1222 1422 1370 1488 videmus
1392 1432 1431 1488 ut
1452 1422 1706 1507 perpetuitatem
1731 1422 1821 1487 illam
1851 1424 1930 1489 filiis
1950 1425 2016 1490 Dei
2046 1427 2195 1511 applicet,

1221 1510 1276 1592 qui
1299 1528 1362 1573 non
1385 1509 1420 1572 in
1443 1529 1478 1575 se
1500 1509 1588 1590 ipsis,
1610 1506 1668 1573 sed
1690 1511 1723 1572 in
1742 1509 1814 1575 Deo
1831 1509 2023 1589 subsistunt,
2046 1525 2081 1578 et
2102 1515 2137 1579 in
2160 1534 2196 1579 eo

1222 1595 1337 1661 salutis
1358 1615 1435 1659 suae
1458 1595 1706 1660 fundamentum
1729 1593 1860 1661 habeut.

1307 1681 1328 1746 9
1343 1689 1378 1745 et
1396 1680 1447 1746 10.
1469 1679 1610 1766 (Suscita
1627 1680 1678 1760 10.)
1708 1681 1774 1745 Η10
1792 1680 1884 1748 docet
1901 1683 2074 1767 propheta,
2097 1705 2194 1767 quum

1222 1767 1314 1831 Deus
1335 1787 1395 1831 nos
1416 1767 1514 1849 erigit
1541 1768 1610 1832 suis
1639 1767 1816 1848 promissis,
1844 1767 1942 1834 simul
1968 1770 2120 1852 precibus
2148 1773 2196 1836 in-

1223 1851 1377 1918 standum
1400 1852 1492 1917 nobis
1514 1872 1593 1928 esse,
1623 1863 1660 1915 ut
1689 1863 1832 1934 praestet
1860 1875 1899 1919 ea
1927 1875 2008 1937 quae
2037 1857 2196 1939 promisit.

1223 1937 1292 2002 Neo
1314 1938 1402 2002 enim
1424 1938 1496 2002 ideo
1527 1958 1585 2002 nos
1615 1939 1800 2003 consolatur
1831 1950 1867 2002 ut
1895 1941 2045 2007 socordes
2074 1940 2196 2021 reddat,

1223 2022 1280 2089 sed
1302 2035 1340 2088 ut
1361 2023 1468 2089 studio
1494 2023 1647 2104 precandi
1676 2025 1799 2088 maiore
1827 2025 2055 2110 accendamur,
2084 2027 2196 2094 fidem·

1222 2130 1284 2191 que
1307 2118 1452 2174 nostram
1475 2108 1603 2174 assidue
1633 2129 1853 2175 exerceamus.
1897 2111 2060 2195 Loquitur
2089 2123 2196 2179 00100

1224 2193 1383 2277 propheta
1405 2216 1446 2259 ex
1466 2216 1564 2260 sensu
1587 2207 1716 2259 nostro:
1740 2196 1816 2278 quia
1837 2195 1947 2263 Deum
1971 2197 2114 2265 dormire
2142 2221 2196 2264 ex·

1223 2282 1408 2345 istimamus
1430 2280 1585 2362 quamdiu
1611 2281 1740 2362 inopiae
1770 2290 1902 2347 nostrae
1930 2304 1996 2348 noa
2025 2285 2195 2351 succurrit

1224 2366 1269 2430 Et
1298 2386 1440 2448 eousque
1473 2366 1567 2430 nobis
1598 2365 1748 2448 indulget
1776 2366 1950 2450 Dominus,
1983 2379 2022 2434 nt
2051 2392 2111 2437 nos
2139 2392 2196 2454 pro

1224 2473 1322 2517 seusu
1355 2452 1556 2515 infirmitatis
1597 2461 1727 2516 nostrae
1767 2452 1854 2535 loqui
1893 2463 1927 2518 01
1966 2476 2061 2520 orare
2101 2457 2195 2521 sinat.

1224 2538 1348 2603 Petunt
1381 2558 1459 2621 ergo
1492 2536 1537 2619 pii
1571 2557 1589 2600 a
1624 2537 1764 2602 Domino
1797 2550 1835 2603 ut
1874 2542 2090 2623 expergefiat,
2131 2564 2195 2607 uon

1224 2623 1309 2705 quod
1332 2643 1407 2687 eum
1429 2624 1567 2688 otiosum
1590 2623 1624 2687 in
1647 2623 1736 2688 coelo
1761 2623 1864 2689 iacere
1893 2635 2026 2709 putent:
2055 2627 2114 2693 sed
2141 2650 2194 2711 po·

1224 2711 1288 2774 tius
1310 2709 1455 2773 fatentur
1485 2708 1672 2773 tarditatem
1703 2729 1740 2772 00
1770 2709 1947 2776 ruditatem
1977 2734 2081 2788 suam,
2112 2713 2194 2796 quod

1224 2799 1390 2877 nequeant
1418 2795 1506 2859 aliud
1537 2793 1577 2859 ds
1603 2793 1675 2859 Deo
1704 2796 1889 2879 concipere,
1919 2796 2073 2880 quamdiu
2103 2819 2194 2882 opem

1223 2882 1295 2945 eius
1318 2901 1383 2944 non
1406 2881 1561 2946 sentiunt.
1606 2878 1673 2946 Sed
1702 2880 1836 2962 interea,
1866 2884 1996 2947 tametsi
2024 2904 2100 2950 caro
2121 2905 2195 2950 eum

1224 2965 1364 3031 dormire
1387 2978 1446 3031 aut
1469 2965 1615 3031 miserias
1638 2974 1765 3031 nostras
1788 2967 1955 3052 negligere
1974 2979 2076 3052 putet,
2099 2970 2196 3036 011100

1224 3052 1365 3133 assurgit
1394 3050 1483 3123 fides,
1521 3062 1618 3133 atque
1649 3073 1824 3134 perennem
1854 3055 1923 3119 eius
1952 3055 2110 3121 virtutem
2141 3076 2195 3138 ap·

1224 3135 1405 3220 prehendit.
1458 3136 1607 3201 Excitari
1633 3157 1710 3220 ergo
1739 3149 1773 3203 et
1799 3138 1893 3204 indui
1921 3140 2119 3215 fortitudine
2146 3141 2195 3207 di·

1224 3223 1320 3297 citur,
1342 3241 1443 3303 quum
1467 3222 1596 3286 virtutis
1624 3243 1703 3289 suae
1726 3223 1921 3290 documenta
1942 3226 2087 3307 praebet,
2110 3229 2195 3310 quod

1222 3306 1344 3389 alioqui
1367 3327 1442 3371 eum
1463 3306 1567 3374 iacere
1589 3318 1648 3372 aut
1670 3311 1835 3391 quiescere
1857 3311 2096 3378 existimemus.
2139 3313 2196 3378 In-

1223 3401 1312 3457 terea
1334 3392 1492 3476 propheta
1509 3395 1679 3459 brachium
1696 3396 1756 3460 Dei
1777 3395 1863 3478 quod
1882 3396 2111 3464 absconditum
2126 3412 2196 3465 erat

1222 3478 1431 3561 compellans,
1464 3481 1556 3562 quasi
1579 3481 1612 3543 in
1636 3482 1707 3545 eius
1728 3491 1936 3564 conspectum
1959 3483 2030 3566 pios
2051 3483 2196 3568 adducit,

1222 3575 1259 3628 01
1281 3573 1427 3630 statuant
1456 3586 1522 3629 non
1545 3565 1608 3630 alia
1631 3569 1670 3630 de
1691 3588 1789 3633 causa
1818 3569 1936 3633 misere
1957 3577 1991 3633 et
2014 3569 2141 3636 duriter
2162 3593 2196 3637 se

1223 3650 1325 3733 affligi
1347 3650 1388 3716 ab
1412 3650 1568 3729 hostibus,
1599 3651 1661 3717 nisi
1692 3653 1766 3734 quia
1788 3653 1880 3718 Deus
1907 3653 2068 3720 00011100
2101 3677 2196 3723 0000

1222 3735 1386 3801 subduxit.
1434 3735 1665 3803 (100010οο010
1695 3747 1803 3803 00100
1833 3756 1931 3804 00000
1958 3739 2035 3806 01101
2066 3752 2197 3809 ostensa

1222 3822 1295 3902 fuit,
1323 3819 1410 3903 quod
1433 3842 1467 3886 se
1489 3821 1529 3885 ab
1550 3844 1588 3887 eo
1610 3823 1819 3888 alienaverat.
1864 3824 1929 3889 Per
1952 3825 2020 3890 dies
2043 3828 2196 3910 antiquos

1222 3909 1380 3973 memoria
1402 3907 1610 3988 repetendum
1634 3929 1704 3972 esse
1730 3907 1822 3974 docet
1849 3910 2006 3992 quidquid
2029 3913 2095 3977 iam
2118 3914 2195 3980 olim

1222 3993 1386 4057 Dominus
1419 4012 1477 4073 pro
1510 3992 1616 4057 salute
1648 4015 1780 4059 suorum
1812 3996 1887 4079 egit
1932 3996 2079 4064 Tametsi
2109 4001 2195 4066 onim

1223 4097 1349 4143 cessare
1382 4076 1542 4154 videatur,
1581 4089 1614 4141 et
1647 4079 1785 4146 abiicere
1817 4102 1928 4147 curam
1963 4085 2077 4163 nostri,
2110 4083 2196 4150 1000

1224 4172 1335 4227 10000
1359 4160 1451 4227 Deus
1479 4164 1606 4244 estqui
1636 4164 1712 4229 olim
1741 4179 1892 4248 praeerat
1922 4167 2079 4235 ecclesiae
2107 4191 2196 4237 suae.

199 4247 297 4315 modo
311 4244 526 4322 commendet,
542 4247 636 4312 obiici
653 4255 769 4328 potest,
786 4246 868 4311 nihil
884 4247 961 4312 iude
978 4269 1038 4314 uos
1055 4249 1172 4328 iuvari,
1225 4248 1367 4312 Proinde
1385 4269 1464 4330 quos
1488 4248 1521 4311 in
1540 4249 1676 4314 tutelam
1694 4270 1788 4316 suam
1811 4253 1936 4336 recipit,
1955 4275 2010 4320 eos
2028 4276 2196 4339 nunquam

200 4336 259 4418 001
292 4333 361 4399 fere
394 4332 541 4414 oppressi
575 4353 697 4397 sumus.
742 4331 867 4397 Verum
898 4331 949 4397 his
984 4332 1091 4398 verbis
1118 4333 1173 4398 ad·
1225 4333 1372 4399 descrere
1396 4346 1452 4397 aut
1474 4332 1612 4400 abiicere
1634 4343 1748 4417 potest.

199 4429 314 4488 monet
334 4417 505 4501 propheta,
533 4420 705 4499 petendam
728 4438 798 4482 esse
820 4416 896 4482 inde
919 4419 1173 4483 consolationem
1310 4417 1469 4504 (Sustulit
1489 4418 1563 4484 olim
1584 4422 1790 4509 0000100110.)
1832 4423 1925 4491 Ηο00
1955 4426 2108 4508 repetitio
2132 4448 2199 4494 me·

198 4509 234 4574 in
257 4505 424 4572 aerumnis
446 4503 576 4579 nostris,
598 4503 683 4582 quod
706 4502 915 4567 incolumitas
938 4511 971 4566 et
988 4504 1077 4567 salus
1098 4525 1174 4569 nos·
1224 4505 1288 4570 lius
1316 4504 1482 4587 exprimit,
1518 4527 1583 4570 non
1613 4507 1718 4573 solam
1747 4508 1984 4575 consideranda
2012 4532 2084 4577 esse
2114 4533 2198 4596 quae

198 4603 253 4659 tra
274 4589 510 4675 quodammodo
539 4588 573 4651 in
596 4586 668 4652 Deo
696 4587 823 4652 inclusa
845 4588 897 4653 sit.
941 4587 1026 4652 Nam
1061 4608 1174 4670 quam·
1225 4610 1339 4672 nuper,
1372 4589 1429 4654 aad
1462 4610 1544 4672 quae
1577 4591 1641 4656 iam
1674 4592 1750 4658 0151„
1784 4594 1979 4661 wigerum·
2036 4597 2123 4663 Nam
2157 4598 2198 4664 ad

198 4680 256 4745 diu
275 4679 311 4744 in
329 4697 364 4742 se
382 4676 462 4757 ipsis
480 4672 617 4738 haerent
634 4672 793 4751 homines,
817 4673 868 4738 vel
886 4672 1067 4749 subsidunt,
1091 4673 1175 4740 nihil
1225 4675 1462 4740 vetustissimas
1493 4696 1593 4759 usque
1623 4687 1746 4743 aetates
1775 4681 1951 4747 extendere
1974 4683 2101 4749 animos
2122 4704 2199 4751 nos·

200 4766 306 4832 bonae
338 4763 406 4846 spei
441 4759 574 4825 omnino
608 4759 775 4840 concipere
806 4768 956 4842 possunt,
994 4757 1078 4840 quod
1109 4780 1174 4825 non
1225 4771 1292 4825 tros
1315 4760 1483 4840 convenit,
1513 4773 1549 4826 ut
1575 4777 1745 4847 emergant
1767 4786 1865 4848 supra
1888 4770 2095 4848 tentationes,
2124 4772 2197 4854 qui·

198 4851 312 4916 statim
334 4846 473 4914 excidat.
520 4841 572 4908 Ad
595 4842 702 4906 Deum
732 4843 833 4926 igitur
862 4843 1069 4909 convertendi
1098 4855 1175 4910 sunt
1224 4848 1284 4912 bus
1307 4845 1427 4928 alioqui
1449 4846 1542 4911 facile
1565 4861 1650 4913 esset
1669 4871 1723 4915 eos
1741 4852 1843 4917 obrui.
1878 4850 2078 4918 Testimonia
2096 4857 2199 4940 igitur

198 4936 311 5016 animi,
333 4934 427 5000 ouius
449 4927 672 4997 misericordia
695 4942 805 4993 manet
828 4930 994 4994 asacculo
1017 4949 1118 5011 usque
1141 4930 1173 4994 in
1224 4933 1357 5015 gratiae,
1381 4952 1463 5014 quae
1486 4930 1577 4997 Deus
1601 4933 1701 5000 variis
1726 4937 1886 5003 aetatibus
1914 4940 2020 5004 multa
2041 4940 2198 5021 ediderat,

198 5020 364 5088 saeculum
399 5038 498 5102 super
537 5016 690 5080 timentes
723 5034 814 5091 eum,
855 5029 890 5078 ut
931 5015 1038 5097 inquit
1068 5014 1173 5080 David
1224 5018 1277 5083 hic
1300 5029 1468 5082 coacervat
1497 5017 1665 5100 propheta,
1695 5023 1780 5085 utsi
1803 5041 1907 5104 00000
1929 5045 1994 5088 000
2021 5018 2198 5107 sufficiant,

214 5098 1173 5190 Psal.103,1'l):etiustitiaeiussupcrfiliosfiliorum.
1223 5102 1295 5184 ipsa
1327 5112 1436 5167 tamen
1470 5103 1643 5169 multitudo
1676 5107 1805 5186 penitus
1838 5110 2011 5175 confirmet
2042 5112 2199 5179 ecelesiae

199 5107 367 5274 &uoniam
396 5210 473 5273 ergo
503 5188 592 5254 salus
622 5187 656 5250 in
685 5184 830 5250 bonitate
859 5185 921 5250 Dei
950 5183 1086 5252 fundata
1115 5199 1172 5267 est,
1224 5187 1332 5252 fidem.
1385 5188 1560 5253 Caeterum
1594 5191 1670 5271 quia
1703 5192 1799 5258 nimis
1832 5193 1967 5279 longum
2001 5197 2117 5264 fuisset
2149 5199 2199 5265 in.

198 5300 238 5346 eo
259 5297 321 5345 nos
342 5284 474 5345 revocat
491 5274 604 5354 Isaiae,
627 5280 666 5338 ut
687 5270 720 5335 ia
743 5269 882 5336 nihilum
901 5271 1092 5356 redigantur
1116 5271 1171 5339 ho·
1225 5283 1351 5358 tagram
1371 5272 1555 5358 catalogum
1571 5284 1693 5359 texere,
1706 5278 1915 5363 praecipuum
1932 5280 2015 5347 illud
2032 5285 2199 5368 specimen
