4784 5970
196 343 259 411 501
773 352 779 365 ‘
929 343 978 409 IN
1001 343 1251 410 laetamen.
1291 342 1390 412 ΟἉΡ.
1412 344 1457 411 II.
1848 288 1851 293 ·
2129 346 2203 413 502'

198 542 287 596 terre
314 531 466 617 Aegypti.
518 530 630 611 Quum
663 528 746 595 dixit
778 528 1003 611 condixisse,
1039 529 1095 596 abi
1125 535 1172 597 eet
1224 531 1286 596 Dei
1309 551 1419 613 manu,
1441 531 1627 616 etquidem
1649 525 1745 597 modo
1766 532 1934 599 inusitato.
1969 533 2084 617 Neque
2105 534 2195 601 enim

200 616 362 684 Isbovob?
392 617 556 701 significet
583 639 618 682 se
640 614 741 680 fuisse
770 615 836 680 illie
863 623 1084 697 praesentem,
1115 616 1170 682 vel
1222 617 1318 701 panis
1340 630 1420 698 erat,
1442 637 1508 701 qno
1530 616 1706 697 alerentur,
1728 637 1834 701 nsque
1856 617 1954 683 etiam
1977 639 2070 702 equa.
2104 620 2195 686 Deus

199 704 431 786 propinquum:
454 702 511 768 sed
534 702 634 767 fuisse
655 720 782 767 caecos:
805 708 839 765 et
856 699 930 766 ideo
953 700 1083 766 nullum
1106 700 1171 768 illis
1223 723 1241 766 e
1270 723 1352 786 rupe
1382 703 1447 769 illie
1477 723 1598 786 aquam
1630 703 1760 769 eduxit:
1795 701 1912 768 deinde
1945 705 2107 770 saturavit
2139 726 2195 771 eos

198 809 270 856 esse
296 797 504 871 praetextum
533 787 755 871 ignorantias,
785 785 938 868 quoniam
969 807 1034 852 non
1058 787 1170 870 procul
1194 802 1197 889 ι
1222 787 1355 854 coelesti
1377 807 1480 874 pene:
1503 796 1536 853 et
1557 798 1662 854 vestes
1685 809 1797 854 eornm
1820 790 1951 854 attritae
1974 810 2039 854 non
2062 790 2195 856 luerunt

199 872 404 958 quaerendus
425 873 532 949 fuerit,
556 873 609 938 vel
629 893 689 956 per
706 871 821 955 longae
842 871 1005 956 ambages.
1035 871 1074 938 Si
1087 874 1171 955 'ergo
1194 896 1197 989 3
1223 881 1289 937 tam
1312 873 1412 959 longo
1434 872 1491 939 illo
1514 882 1669 958 tempore.
1714 872 1874 939 Videmus
1900 893 1979 958 ergo
2001 876 2193 959 exaggerari

200 960 261 1026 hoc
282 965 409 1023 tantum
433 956 498 1023 illis
521 958 666 1023 venierat
686 957 721 1022 in
744 963 899 1035 mentem,
925 978 967 1022 an
991 978 1057 1022 non
1080 958 1170 1024 Deus
1194 992 1197 1085 Ι
1222 977 1337 1023 eorum
1369 959 1493 1025 crimen
1527 959 1774 1025 circumstantia
1803 960 1968 1042 temporis.
2019 959 2116 1026 Nune
2143 981 2194 1026 se·

197 1044 300 1110 semel
323 1064 383 1110 nos
401 1043 559 1108 redemit?
583 1065 649 1109 non
669 1051 822 1125 poterant
844 1042 981 1108 delicere
1003 1053 1076 1125 poet
1094 1063 1170 1108 suas
1222 1054 1368 1124 quuntnr
1390 1064 1474 1127 qnae
1496 1044 1575 1111 dixi.
1612 1044 1698 1109 Nam
1721 1044 1880 1128 propheta
1901 1054 1998 1110 vocat
2020 1043 2193 1127 desertum,

198 1132 369 1196 vanitates.
410 1127 506 1194 Unde
529 1148 606 1213 ergo
628 1135 739 1194 tantus
761 1148 852 1193 error
874 1127 928 1192 vel
949 1129 1057 1210 potius
1079 1135 1171 1192 tanta
1222 1136 1341 1193 terrm
1360 1129 1486 1195 aridam
1503 1129 1557 1195 vel
1572 1139 1710 1207 vastem,
1730 1135 1847 1195 terram
1865 1130 2055 1212 squalidam,
2075 1135 2194 1197 terram

199 1216 350 1291 amentia,
374 1212 569 1295 quodidole
591 1214 719 1297 sequuti
741 1211 840 1280 eunt?
863 1212 987 1297 Nempe
1010 1215 1169 1297 quianon
1221 1213 1415 1296 horribilora,
1442 1221 1560 1280 mom
1587 1214 1785 1281 obscuritatis
1805 1215 2000 1297 mortiferae:
2029 1215 2122 1298 quasi
2143 1215 2192 1281 di·

197 1301 320 1384 placuit
338 1300 418 1382 ipsis
435 1300 583 1365 conferre
599 1296 709 1364 studia
727 1310 796 1374 sua',
813 1299 867 1363 vel
885 1299 1011 1365 animos
1029 1298 1170 1364 adiicere
1193 1332 1197 1411 q
1220 1305 1310 1365 cerel
1331 1300 1487 1384 populum
1515 1301 1614 1366 fuisse
1635 1310 1867 1366 conservatum
1888 1301 1923 1364 in
1946 1300 2055 1365 media
2076 1308 2192 1380 morte,

197 1386 238 1451 ed
262 1387 370 1450 Deum
393 1383 616 1466 quaerendem
640 1385 693 1448 vel
714 1383 975 1466 respiciendum.
1003 1384 1069 1450 Hic
1090 1405 1168 1468 ergo
1221 1385 1288 1449 imo
1320 1386 1408 1451 inter
1440 1386 1562 1452 multae
1596 1396 1727 1450 mortes.
1783 1385 1870 1466 Quia
1901 1386 1952 1451 eir
1983 1405 2046 1453 raca
2081 1386 2194 1452 sobaba

198 1471 357 1554 propheta
379 1471 519 1536 occurrit
540 1469 729 1554 hypocritis,
759 1470 816 1552 qui
839 1477 991 1551 poterent
1017 1469 1168 1552 excipere
1220 1472 1356 1536 transire
1378 1492 1440 1554 per
1460 1475 1577 1537 anam
1598 1470 1696 1551 illem,
1725 1491 1779 1536 aec
1799 1471 1968 1553 qaisquam
1988 1471 2025 1536 ic
2046 1490 2083 1536 ec
2103 1471 2192 1536 bobi-

198 1578 233 1623 se
266 1557 366 1622 luisse
399 1554 566 1637 deceptos,
604 1564 638 1618 et
670 1554 778 1637 lapsos
811 1555 1017 1638 ignorantia:
1055 1575 1168 1637 quem·
1220 1555 1314 1639 tabet,
1337 1558 1439 1639 inquit
1459 1557 1558 1637 Deae,
1586 1554 1674 1620 unde
1696 1556 1796 1639 igitur
1818 1557 1911 1622 vobis
1933 1555 2022 1624 salus
2044 1565 2095 1622 est
2116 1576 2192 1639 pro·

198 1639 373 1707 admodum
395 1661 525 1723 semper
545 1641 578 1705 in
598 1649 751 1724 promptu
774 1650 853 1705 sunt
875 1640 1169 1724 tergiversationes,
1193 1594 1196 1689 l
1221 1642 1332 1708 lecta?
1370 1643 1423 1708 Ex
1455 1663 1518 1725 quo
1552 1639 1666 1706 fonte?
1699 1662 1816 1724 nempe
1845 1662 1888 1706 ex
1917 1648 2039 1719 morte,
2073 1642 2191 1723 inquit.

198 1728 252 1793 uhi
275 1728 309 1791 in
331 1726 487 1792 iudicium
510 1737 672 1791 vocantur
702 1727 756 1807 qui
783 1735 968 1808 peccarunt.
1012 1726 1104 1809 Ergo
1126 1747 1168 1791 ne
1193 1694 1195 1789 l
1220 1728 1306 1793 Nam
1329 1727 1493 1793 desertum
1524 1727 1600 1810 quid
1623 1726 1712 1791 aliud
1735 1727 1812 1806 fuit,
1841 1747 1938 1809 quam
1969 1727 2192 1810 spectaculum

195 1811 275 1895 quid
299 1811 363 1876 tale
385 1810 600 1877 obtenderent
623 1810 745 1888 Iudaei,
771 1811 930 1894 propheta
951 1812 1004 1877 hic
1026 1812 1169 1878 ostendit
1220 1813 1395 1893 horribile,
1429 1814 1462 1876 in
1492 1833 1556 1895 quo
1584 1831 1720 1878 cernere
1750 1811 1869 1878 licebat
1901 1832 1960 1879 vos
1994 1811 2191 1878 circumdari

198 1918 265 1962 non
295 1917 405 1961 errore
435 1897 537 1963 fuisse
566 1895 735 1980 deceptos,
769 1895 825 1961 sed
860 1895 985 1962 malitia
1018 1897 1169 1981 abreptos
1193 1974 1196 1979 ¹
1220 1918 1286 1964 non
1308 1897 1350 1964 ab
1372 1919 1438 1963 nna
1466 1898 1573 1982 specie
1603 1897 1734 1977 mortis,
1767 1896 1824 1963 sed
1847 1918 1867 1962 a
1888 1896 2043 1963 centum?
2079 1896 2190 1978 Quum

196 1983 296 2049 fuisse
320 1990 392 2065 post
413 1981 628 2058 mendacium,
650 1981 845 2065 quiaDeum
869 1982 953 2048 ultro
969 1991 1169 2065 contempne
1193 1982 1195 2053 l
1220 1984 1323 2067 igitur
1347 1985 1437 2048 Deus
1460 1985 1580 2049 virtute
1603 2002 1662 2047 ena
1686 1982 1868 2048 incredibili
1894 1983 2046 2047 eduxerit
2068 2004 2126 2048 vos
2148 2003 2219 2055 ex,

197 2069 273 2148 rint,
299 2089 404 2150 neque
426 2067 592 2133 voluerint
613 2068 778 2149 inquirere
800 2067 940 2152 deipso,
963 2088 1064 2152 qnum
1088 2068 1168 2133 setis
1192 2070 1196 2139 l
1220 2070 1382 2154 Aegypto,
1411 2074 1445 2134 st
1473 2090 1531 2152 par
1554 2088 1656 2133 annos
1678 2068 1722 2133 40
1744 2090 1802 2134 vos
1824 2068 1941 2133 aluerit
1971 2077 2100 2151 praeter
2131 2086 2190 2131 na-

196 2164 282 2219 esset
311 2153 391 2237 ipsis
420 2153 634 2236 propinquus.
679 2153 788 2218 Locus
819 2153 872 2220 hic
901 2158 1019 2220 notatu
1048 2152 1168 2237 dignus
1192 2144 1197 2253 l
1220 2162 1313 2220 turae
1334 2153 1490 2232 ordinem,
1521 2173 1680 2237 quaenam
1709 2160 1862 2236 suppetet
1883 2153 2049 2219 excusatio
2079 2157 2191 2217 tantae

196 2247 263 2319 est,
292 2238 371 2321 quia
401 2238 483 2302 nihil
507 2248 558 2305 eet
582 2239 687 2320 magis
709 2237 856 2323 vulgare,
886 2261 983 2322 quam
1006 2247 1044 2304 ut
1065 2239 1167 2322 impii,
1220 2240 1413 2319 dementiae,
1435 2238 1523 2323 quod
1545 2237 1673 2320 abipso
1697 2259 1786 2304 nunc
1805 2239 1883 2304 estis
1906 2237 2061 2303 alienati?
2086 2238 2191 2303 Docet

196 2322 253 2388 ubi
275 2323 415 2389 convicti
433 2332 520 2401 sunt,
542 2333 675 2406 captent
697 2323 783 2388 hene
805 2324 973 2399 latebram,
996 2346 1113 2408 nempe
1133 2345 1168 2390 se
1220 2335 1329 2391 eutem
1359 2325 1414 2391 hic
1436 2325 1536 2408 locus,
1565 2344 1629 2407 quo
1656 2324 1751 2407 plura
1781 2324 1937 2389 beneficia
1959 2325 1994 2388 in
2017 2344 2075 2389 nos
2098 2324 2190 2389 Deus

197 2410 281 2475 hono
304 2409 413 2474 animo
435 2409 559 2488 fecisse,
588 2429 689 2491 quum
720 2410 853 2475 fucrant
883 2409 1168 2494 superstitionibus
1220 2411 1411 2487 contulerit,
1441 2432 1478 2476 ec
1506 2410 1649 2475 atrocius
1677 2430 1748 2475 esse
1776 2409 1899 2474 crimen
1926 2410 1953 2474 si
1977 2409 2110 2492 abipso
2133 2408 2188 2474 de·

196 2495 263 2560 suls
290 2492 419 2559 addicti.
464 2495 610 2580 Discutit
640 2515 717 2578 ergo
744 2496 905 2578 propheta
934 2496 1021 2562 hunc
1047 2497 1167 2575 fucum,
1220 2498 1357 2577 ficimus,
1378 2505 1411 2560 et
1427 2495 1539 2561 minus
1557 2515 1628 2560 esse
1646 2495 1865 2560 excusationis
1884 2495 1917 2558 in
1937 2494 2061 2559 malitie
2078 2502 2190 2560 nostra

195 2589 228 2643 et
259 2580 418 2656 ostendit,
459 2579 514 2644 ubi
553 2578 654 2644 semel
687 2583 837 2662 cognitus
867 2581 929 2646 fnit
959 2582 1067 2658 Deus,
1101 2602 1167 2645 non
1220 2589 1254 2648 et
1275 2581 1528 2667 ingratitudine:
1561 2580 1753 2662 pracsertim
1776 2581 1803 2644 si
1825 2579 2073 2646 beneficentiam
2095 2599 2190 2643 suam

196 2684 290 2747 posse
321 2663 421 2729 deleri
444 2665 514 2729 eius
536 2684 654 2729 nomen
679 2672 713 2728 et
734 2665 873 2748 gloriam
904 2667 966 2730 nisi
996 2666 1166 2731 hominnm
1220 2667 1319 2751 longo
1337 2674 1491 2748 tempore,
1510 2673 1543 2730 et
1559 2665 1658 2729 variis
1676 2664 1780 2730 modis
1800 2685 1878 2748 erga
1896 2684 1955 2729 nos
1973 2673 2190 2747 prosequutus

196 2750 367 2832 pravitate,
398 2769 498 2831 quum
521 2749 662 2814 scientes
684 2758 717 2813 ct
740 2751 887 2816 volentes
909 2752 950 2817 ab
972 2752 1043 2834 ipso
1065 2750 1167 2816 desci—
1220 2754 1273 2818 sit.
1319 2751 1420 2817 Addit
1447 2756 1574 2833 postea,
1605 2748 1649 2813 Et
1674 2750 1839 2816 introduci
1865 2769 1934 2830 coc,
1962 2750 2079 2831 inquit.
2124 2749 2190 2815 Hic

195 2843 300 2900 scunt.
333 2834 457 2899 Omnes
478 2833 579 2917 igitur
601 2844 769 2916 apostatae
791 2835 852 2900 hoc
870 2857 935 2901 uno
953 2837 1054 2902 verbo
1078 2836 1167 2901 dam·
1220 2839 1408 2920 loquentem
1446 2835 1573 2901 inducit
1607 2835 1715 2900 Deum
1751 2836 1857 2919 ipsum
1891 2835 2064 2913 Ieremias,
2103 2834 2189 2916 quod

197 2931 318 2984 nentur
342 2941 384 2983 ne
406 2919 549 2984 audeant
571 2920 711 3003 amplius
733 2922 955 3005 tergiversari,
977 2921 1070 3005 qnasi
1093 2923 1168 2988 sim·
1221 2923 1344 2990 scilicet
1375 2921 1468 2987 Dens
1504 2921 1597 3003 quasi
1631 2929 1778 3003 porrecta
1810 2940 1910 2985 manu
1943 2920 2071 2986 miserit
2106 2920 2190 2987 filios

195 3004 340 3087 plicitate
362 3004 487 3088 decepti
514 3013 642 3070 essent:
671 3007 748 3088 quia
769 3006 825 3071 ubi
848 3018 983 3072 ventum
1014 3007 1167 3072 fueritin
1221 3008 1375 3075 Abrahae
1395 3007 1430 3071 in
1454 3006 1690 3090 possessionem
1715 3013 1822 3072 terrae
1843 3005 2031 3089 promissae.
2075 3004 2190 3087 Neque

194 3110 353 3169 examen,
386 3090 642 3173 deprehenditur
673 3091 818 3174 ipsorum
852 3100 885 3156 et
915 3091 1104 3175 malignitas
1136 3100 1170 3157 et
1221 3094 1308 3160 enim
1335 3092 1434 3158 sicuti
1464 3092 1583 3158 dicitur
1605 3092 1691 3157 Psel.
1713 3092 1756 3155 44
1787 3113 1885 3158 manu
1915 3111 1974 3156 sua
1996 3099 2054 3155 aut
2080 3090 2189 3174 gladio

195 3175 416 3259 ingratitudo,
450 3175 535 3257 quod
565 3196 629 3240 non
661 3176 789 3261 dignati
821 3178 888 3243 sint
916 3178 1083 3260 inquirere
1114 3176 1169 3242 abi
1221 3178 1443 3261 acquisierunt
1476 3187 1596 3243 terram
1626 3178 1727 3242 illam.
1773 3177 1917 3242 Tametsi
1947 3177 2034 3241 enim
2066 3175 2189 3242 bellan-

194 3267 273 3327 meet
290 3260 388 3326 Deus.
427 3261 471 3325 Et
494 3273 605 3343 postea
626 3263 796 3347 subiungit
818 3283 900 3345 qnae
922 3262 963 3328 ad
985 3263 1168 3330 sententiae
1220 3263 1299 3329 dum
1333 3263 1396 3328 fuit
1428 3283 1502 3327 cnm
1536 3261 1649 3329 multis
1682 3262 1846 3341 hostibus,
1885 3271 1995 3326 temen
2029 3260 2121 3326 Deus
2153 3262 2188 3326 in

196 3346 295 3411 huius
312 3345 562 3428 explicationem
581 3347 713 3413 iaciunt.
744 3349 822 3414 Dixi
841 3350 927 3414 enim
947 3348 1001 3415 hic
1020 3348 1167 3413 damnari
1219 3348 1371 3416 omnibus
1405 3347 1537 3431 praeliis
1568 3348 1633 3412 fnit
1662 3348 1777 3414 victor.
1833 3348 1947 3412 Potuit
1979 3347 2082 3429 igitur
2112 3366 2190 3411 vere

195 3451 263 3496 non
285 3431 456 3514 quoslibet,
480 3430 535 3497 sed
552 3431 699 3511 Iudaeos,
723 3436 778 3517 qui
797 3455 840 3498 ex
858 3444 945 3500 certe
968 3435 1168 3516 experientia
1219 3436 1340 3517 dicere,
1375 3453 1440 3498 non
1470 3433 1565 3498 aliter
1592 3434 1757 3516 ingressae
1787 3453 1859 3497 esse
1881 3435 1913 3496 in
1938 3445 2057 3494 terram
2088 3430 2188 3511 illam,

195 3526 419 3601 cognoverant
441 3516 549 3583 Deum
580 3518 642 3584 sibi
672 3541 742 3585 esse
770 3530 907 3601 patrem.
952 3518 1064 3599 Quum
1090 3540 1169 3602 ergo
1219 3542 1314 3604 quam
1339 3520 1421 3585 duce
1443 3520 1521 3602 ipso,
1545 3539 1645 3600 quum
1665 3518 1729 3582 iter
1751 3517 1881 3600 aperuit
1898 3525 1931 3580 et
1950 3516 2136 3593 transitum,
2157 3526 2191 3580 et

195 3605 288 3668 Deus
317 3603 429 3669 multis
460 3604 654 3669 testimoniis
683 3626 717 3670 se
746 3603 813 3669 illis
847 3605 1066 3687 patefecisset,
1101 3625 1167 3668 non
1219 3605 1349 3689 subegit
1369 3605 1513 3686 ipsorum
1531 3602 1650 3678 hostes,
1674 3622 1711 3668 ac
1728 3602 1925 3683 profligavit,
1949 3612 1987 3664 ut
2003 3601 2191 3665 fruerentur

197 3688 257 3753 fuit
280 3688 368 3753 ullus
390 3700 581 3770 praetextus
603 3690 759 3755 inscitiae.
798 3688 888 3772 Ergo
911 3689 989 3754 dicit
1009 3688 1168 3772 prophete
1220 3689 1422 3755 haereditate
1449 3690 1511 3753 sibi
1540 3686 1710 3770 promissa.
1754 3686 1879 3751 Induxi
1908 3706 1973 3764 occ,
2003 3687 2125 3768 inquit,
2155 3687 2191 3751 s'rt

196 3774 282 3854 ipsos
303 3779 558 3853 correptiores,
585 3774 639 3838 ubi
661 3779 738 3838 esset
759 3773 850 3838 Deae
871 3777 927 3855 qrcr'
948 3775 1097 3840 &meret
1118 3793 1169 3839 ecc
1218 3781 1336 3840 raram
1364 3759 1483 3841 banna.
1529 3771 1673 3852 Quidam
1699 3773 1866 3856 proprium
1897 3791 2017 3836 nomen
2039 3791 2109 3836 esse
2130 3791 2190 3853 pn·

195 3879 211 3922 e
240 3862 324 3922 terro
352 3858 501 3939 Aegypti,
531 3863 560 3922 et
586 3858 701 3940 fecerat
726 3858 888 3940 prodebat
913 3879 976 3939 per
1005 3860 1166 3925 barrium.
1220 3868 1309 3927 tant:
1337 3866 1370 3924 et
1392 3868 1481 3924 certe
1503 3877 1596 3922 mons
1624 3857 1695 3939 ipse
1717 3856 1846 3922 Carmel
1876 3856 1948 3920 ideo
1974 3857 2022 3921 sio
2044 3867 2190 3940 vocatur,

195 3943 268 4008 Hoc
291 3962 357 4006 non
380 3942 484 4023 potuit
506 3942 689 4024 promiscue
712 3943 773 4008 dici
793 3944 834 4009 de
851 3945 979 4011 cunctis
1000 3943 1167 4027 gentibus:
1219 3945 1305 4028 quod
1334 3954 1420 4009 esset
1447 3942 1622 4008 admodum
1651 3941 1777 4009 fertilis.
1823 3940 1935 4022 Quum
1964 3960 2041 4024 ergo
2071 3961 2190 4006 nomen

196 4026 253 4093 sed
282 4026 346 4092 iam
377 4026 499 4092 dietum
526 4032 594 4107 est,
627 4050 812 4094 sermonem
842 4031 932 4095 hunc
960 4029 1169 4113 peculiariter
1219 4031 1318 4097 luerit
1339 4028 1443 4093 monti
1464 4028 1652 4110 impositum
1676 4049 1696 4093 a
1717 4028 1950 4107 foecunditate,
1980 4047 2047 4091 non
2070 4028 2190 4091 mirum

197 4113 293 4196 dirigi
316 4111 356 4177 ad
379 4110 527 4189 Iudaeos,
551 4114 605 4195 qui
628 4115 800 4181 manifeste
822 4124 994 4181 senserant
1014 4113 1079 4179 Dei
1103 4115 1168 4179 vir·
1219 4124 1285 4195 est,
1314 4115 1342 4180 si
1372 4113 1530 4178 Ieremias
1563 4114 1710 4178 conferat
1743 4120 1863 4178 terrem
1893 4111 1998 4177 Israel
2028 4110 2190 4178 Oarmelc.

197 4208 317 4263 tutem:
348 4198 395 4262 ita
417 4217 482 4260 non
507 4206 657 4279 poterant
679 4201 744 4264 nisi
767 4200 854 4266 ultro
877 4221 1021 4284 peccare,
1051 4221 1168 4284 nempe
1219 4201 1287 4266 Alii
1309 4199 1512 4265 subaudiunt
1539 4209 1651 4264 notam
1679 4197 1905 4262 similitudinis
1929 4211 1958 4274 2,
1989 4196 2110 4262 Induxi
2134 4217 2192 4262 vos

197 4303 296 4364 quum
325 4283 577 4367 exstinguerent
605 4305 665 4350 sua
696 4285 822 4351 malitie
852 4287 967 4365 lucem,
998 4305 1082 4367 quae
1111 4284 1167 4350 ob·
1219 4287 1255 4351 in
1286 4294 1421 4361 terram,
1455 4304 1537 4367 quae
1571 4284 1686 4349 similis
1717 4293 1768 4348 est
1795 4282 1957 4349 Cermalo.
2006 4281 2074 4349 Sed
2108 4281 2192 4346 nihil

196 4369 279 4432 iecte
301 4368 407 4433 fueret
428 4369 572 4451 ipsorum
591 4370 701 4437 oculis.
732 4371 778 4435 Et
797 4372 850 4436 hic
868 4372 966 4437 simul
989 4370 1169 4453 amplificat
1219 4390 1300 4454 opus
1323 4378 1373 4435 est
1395 4371 1493 4434 anxie
1514 4374 1666 4451 torquere
1689 4368 1866 4452 prophetae
1889 4367 1997 4433 verbe.
2039 4367 2111 4451 Ego
2133 4367 2193 4450 igi·

196 4452 356 4537 prophete
392 4454 513 4518 crimen
552 4476 572 4520 a
605 4455 866 4523 circumstantis.
926 4457 1042 4538 Neque
1079 4457 1168 4521 enim
1220 4466 1274 4521 tur
1292 4454 1528 4539 appellativum
1548 4473 1668 4518 nomen
1687 4475 1756 4519 esse
1776 4454 1937 4532 existimo,
1959 4451 2045 4536 quod
2064 4451 2192 4516 deducti

196 4538 388 4622 simpliciter
410 4539 488 4605 dicit
509 4539 610 4606 fnisse
632 4541 766 4608 eductos
788 4564 805 4607 e
828 4550 916 4607 terra
935 4542 1088 4625 Aegypti,
1110 4540 1167 4606 sed
1220 4541 1342 4607 luerint
1364 4539 1534 4605 Israelitae
1559 4559 1659 4603 manu
1683 4539 1745 4604 Dei
1767 4541 1802 4604 in
1825 4547 1946 4605 terram
1979 4537 2192 4603 foecundam:

196 4625 296 4690 luisse
332 4623 444 4689 Deum
480 4625 546 4691 illis
582 4635 777 4710 perpetuum
815 4626 930 4693 ducem
971 4647 1029 4710 per
1065 4646 1168 4692 annos
1220 4627 1317 4693 sicuti
1346 4626 1479 4692 ubertas
1508 4625 1578 4690 eins
1608 4625 1744 4706 passim,
1779 4629 1813 4688 et
1834 4626 1867 4689 in
1891 4627 1963 4708 lege
1993 4634 2025 4688 et
2055 4623 2087 4687 in
2119 4642 2193 4705 pro·

197 4707 423 4794 quadraginta.
479 4711 622 4792 Tentpus
660 4712 746 4777 enim
782 4711 1071 4796 comprehenditur
1108 4712 1169 4777 sub
1220 4712 1328 4796 phetis
1358 4712 1550 4777 celebratur.
1602 4708 1643 4775 Ut
1670 4710 1868 4775 ewaedaelie
1898 4710 2035 4792 sardam
2066 4708 2135 4775 aas
2166 4711 2195 4772 et

197 4796 328 4859 nomine
351 4794 480 4860 deserti.
525 4797 675 4863 Historia
697 4808 776 4865 nota
797 4809 881 4864 erat:
912 4797 984 4863 ideo
1007 4798 1086 4863 satis
1109 4797 1168 4864 ha·
1219 4797 1386 4863 ubertatem
1405 4798 1482 4879 cicc,
1505 4796 1567 4862 hoc
1589 4804 1649 4874 est,
1673 4795 1761 4861 volui
1783 4816 1844 4860 vos
1866 4796 1931 4860 frui
1953 4796 2044 4878 largo
2067 4802 2100 4856 et
2121 4793 2193 4877 pin-

197 4878 268 4945 buit
293 4900 365 4944 eam
393 4880 536 4946 breviter
565 4884 737 4967 attingere.
782 4884 828 4950 Ilt
855 4892 967 4949 temen
996 4883 1169 4967 magnifice
1244 4883 1276 4947 ui
1306 4888 1413 4946 terrae
1444 4889 1614 4964 proventu.
1664 4880 1729 4946 His
1758 4880 1868 4947 verbis
1897 4880 2062 4963 significat
2091 4877 2193 4955 Deus,

195 4965 339 5030 illustrat
360 4964 424 5031 Dei
453 4966 600 5049 gloriam,
630 4989 728 5051 quum
753 4969 793 5034 de
815 4971 885 5053 ipso
908 4969 1036 5034 deserto
1064 4968 1168 5050 loqui·
1220 4905 1371 5033 bebuisse
1389 4967 1556 5032 Israelitas
1574 4966 1694 5032 talibus
1712 4965 1874 5032 illecebris
1892 4965 2017 5041 adduci,
2037 4972 2075 5028 ut
2088 4965 2192 5047 ipsum

196 5063 259 5116 tur.
305 5048 372 5117 Sed
395 5051 458 5116 hoc
489 5054 594 5135 primo
624 5053 696 5120 loco
726 5055 905 5120 notandum
935 5063 1000 5135 est,
1029 5053 1169 5119 Iudaeos
1220 5056 1395 5119 exanimo
1418 5052 1576 5128 colerent,
1603 5071 1703 5134 quum
1726 5055 1793 5115 mm
1818 5051 1964 5116 suaviter
1986 5050 2073 5131 ipsos
2094 5050 2136 5114 ad
2159 5069 2194 5115 se

197 5136 297 5201 luisse
326 5137 580 5216 inexcusabiles,
616 5140 674 5222 qui
706 5162 771 5206 non
800 5140 1026 5225 reputaverint
1060 5148 1169 5222 patres
1220 5140 1385 5219 invitaret,
1409 5156 1446 5202 ac
1464 5143 1531 5201 tam
1555 5136 1695 5222 benigne
1719 5143 1875 5201 tractaret
1896 5155 1961 5200 eos.
1996 5133 2070 5214 Quo
2091 5135 2195 5220 igitur

197 5241 273 5286 snos
298 5222 516 5307 quadraginta
544 5225 640 5290 annis
669 5224 769 5292 luisse
799 5226 994 5293 mirabiliter
1021 5234 1169 5291 servatos
1221 5225 1325 5291 maior
1347 5224 1409 5289 luit
1432 5220 1495 5287 Dei
1518 5221 1696 5288 liberalitas
1720 5243 1798 5305 erga
1827 5220 1999 5305 populum,
2030 5240 2069 5285 ec
2090 5221 2194 5286 maior

1936 5321 1986 5376 32*
