4784 5970
257 353 322 421 563
1066 349 1454 417 PRAELEOTIONES
2209 348 2281 413 564

345 542 411 607 Hic
433 541 598 623 promittit
620 538 712 604 Deus
735 560 770 604 se
793 540 839 602 ita
861 547 1112 621 prospectorum
1139 538 1238 603 saluti
1291 537 1426 621 populo,
1459 539 1536 621 quia
1569 536 1660 602 nulla
1689 538 1721 600 vi
1751 536 1862 604 hostili
1893 546 2052 622 cogentur
2085 537 2277 603 transferre

259 628 382 711 populi,
406 636 580 709 postquam
604 626 646 690 ab
668 625 785 690 exsilio
808 623 964 688 reductus
986 623 1095 707 fuerit,
1119 644 1161 688 ne
1181 624 1240 688 ite·
1290 622 1357 689 huc
1379 633 1477 706 atque
1498 623 1577 688 illuc
1599 642 1709 689 arcam
1732 621 1880 689 foederis.
1910 622 1977 689 Sed
1997 623 2147 689 videmus
2168 621 2278 687 verba

259 724 477 794 rumperent.
516 710 601 775 Nam
625 709 768 774 notanda
790 719 840 774 est
862 728 960 774 causa
982 708 1146 775 vindictae
1165 709 1238 785 Dei,
1290 708 1374 773 nihil
1397 708 1462 774 tale
1484 728 1609 775 sonare.
1654 708 1717 773 Est
1738 708 1841 792 igitur
1862 707 1945 773 illud
1966 728 2099 791 prorsus
2121 707 2275 773 alienum

259 819 342 881 quae
364 797 564 880 exprimitur
587 797 627 861 ab
650 794 738 860 Isaia
760 797 876 876 quinto
897 794 1013 876 capite.
1057 795 1240 876 Propterea
1291 805 1522 860 commentum.
1567 794 1634 858 Alii
1657 803 1768 858 autem
1790 793 1902 859 dicunt
1928 792 1988 860 hoc
2009 793 2127 859 debere
2150 792 2275 858 referri

259 883 419 949 abductus
449 891 499 948 est
530 882 669 964 populus
703 902 807 957 meus,
840 880 964 962 inquit,
998 881 1074 961 quia
1104 880 1240 945 seientia
1291 879 1332 944 ad
1356 890 1484 961 tempus
1506 879 1665 944 Messias:
1693 890 1727 943 et
1749 900 1845 944 nemo
1866 879 1964 945 etiam
1988 901 2028 944 ex
2050 879 2184 944 ludaeis
2209 877 2274 944 hoc

259 970 381 1033 caruit:
405 978 577 1050 propterea
599 966 784 1048 sepulcrum
808 965 958 1030 dilatavit
976 966 1118 1030 animam
1137 984 1240 1044 suam,
1291 977 1402 1049 negat,
1425 965 1580 1047 quoniam
1602 975 1757 1046 sequetur
1779 975 1899 1046 postea,
1922 963 2082 1031 redituros
2093 963 2272 1031 Israelitas

260 1065 318 1119 aut
339 1063 454 1137 guttur
477 1073 582 1117 snum.
629 1052 719 1117 Dicit
742 1053 845 1134 igitur
867 1050 953 1115 hanc
974 1052 1075 1117 fuisse
1105 1068 1240 1116 oausam
1291 1071 1365 1115 eum
1401 1051 1488 1116 tribu
1517 1049 1679 1115 Iehudah.
1723 1050 1796 1116 Hoc
1826 1050 1984 1116 hactenus
2017 1070 2082 1115 non
2111 1051 2176 1115 tuit
2205 1050 2270 1113 im·

259 1142 413 1205 interitus
443 1139 571 1220 populi,
603 1139 680 1219 quia
713 1136 926 1201 interciderat
947 1136 1031 1218 apud
1054 1136 1142 1219 ipsos
1165 1135 1239 1201 doo·
1291 1136 1434 1219 pletum:
1465 1136 1614 1218 sequitur
1641 1156 1719 1219 ergo
1742 1135 1935 1218 prophetam
1958 1136 2011 1201 hio
2033 1136 2206 1201 vaticinari
2229 1133 2273 1199 de

260 1227 357 1304 trina,
387 1232 421 1289 et
443 1232 591 1307 pastores
614 1222 668 1287 vel
691 1224 823 1287 fuerant
844 1241 943 1286 canes
965 1222 1064 1301 muti,
1093 1222 1147 1285 vel
1170 1223 1238 1285 fue·
1291 1241 1394 1305 regno
1412 1219 1547 1287 Christi.
1580 1218 1647 1287 Sed
1665 1220 1778 1286 Iudaei
1802 1242 1903 1304 quum
1926 1221 1988 1287 hoo
2006 1221 2159 1301 fatentur,
2181 1220 2271 1286 nihil

260 1321 336 1377 rant
359 1310 513 1374 latrones.
554 1309 620 1373 Hic
643 1330 686 1373 ex
708 1309 856 1390 opposito
878 1308 1072 1391 pronuntiat
1091 1306 1183 1371 Deus
1205 1327 1240 1370 se
1291 1307 1483 1390 intelligunt
1523 1305 1563 1372 de
1603 1306 1799 1389 abrogandis
1841 1309 2051 1372 caeremoniis
2093 1306 2270 1391 legalibus.

260 1395 415 1462 daturum
439 1395 504 1459 illis
527 1394 609 1459 fidos
632 1404 790 1477 pastores,
824 1393 882 1475 qui
911 1403 1085 1458 exerceant
1117 1413 1239 1457 munus
1290 1393 1376 1457 llere
1409 1403 1518 1457 autem
1552 1392 1639 1457 inter
1672 1391 1877 1458 Christianos
1911 1393 1972 1458 hoo
2005 1403 2170 1474 receptum
2208 1402 2270 1468 est,

259 1502 376 1557 suum,
410 1481 505 1545 sicuti
542 1480 643 1544 decet.
688 1479 810 1543 Fateor
843 1479 973 1560 quidem
1007 1477 1238 1560 comprehendi
1290 1479 1486 1562 prophetam
1507 1477 1561 1542 hio
1583 1477 1708 1556 dooere,
1730 1479 1785 1543 ubi
1803 1477 1968 1564 exhibitus
1990 1479 2087 1542 luerit
2101 1477 2270 1556 Christus,

259 1567 327 1633 sub.
343 1565 405 1631 hac
428 1585 508 1630 voce
541 1566 658 1647 probos
684 1575 716 1629 et
739 1563 888 1628 cordatos
918 1564 1147 1646 magistratus:
1182 1560 1239 1627 sed
1290 1564 1390 1628 finem
1421 1564 1610 1646 impositum
1633 1565 1673 1628 iri
1696 1563 1856 1646 legalibus
1884 1563 2016 1639 umbris,
2045 1563 2092 1628 ita
2113 1561 2271 1628 utnulla

258 1652 437 1736 prophetas
461 1661 494 1714 et
514 1651 698 1715 sacerdotes
721 1652 894 1731 praecipue
917 1647 1075 1733 designat,
1098 1669 1237 1731 quorum
1291 1649 1432 1732 amplius
1454 1651 1499 1714 sit
1520 1669 1596 1714 arca
1617 1649 1764 1725 foederis,
1788 1648 1940 1731 quoniam
1961 1649 1996 1714 in
2018 1648 2152 1714 Christo
2175 1649 2270 1713 babi-

258 1751 369 1821 partes
393 1749 488 1800 erant
510 1736 715 1799 idololatriae
739 1734 872 1798 mederi.
917 1734 1014 1800 Unde
1045 1733 1237 1817 colligimus,
1291 1743 1340 1799 tat
1373 1734 1505 1800 deitatis
1537 1733 1716 1816 plenitudo.
1768 1734 1841 1799 Hoc
1873 1731 2004 1816 quidem
2038 1755 2102 1799 non
2134 1733 2270 1799 videtur

259 1844 325 1888 non
359 1843 451 1904 posse
486 1821 676 1886 diuturnum
710 1842 781 1884 esse
814 1818 969 1886 eeclesiae
1001 1828 1140 1897 statum,
1174 1821 1239 1884 nisi
1290 1840 1401 1885 carere
1433 1820 1544 1902 aliquo
1577 1821 1703 1885 colore:
1736 1819 1793 1885 sed
1827 1821 1978 1885 existimo
2009 1818 2096 1885 aliud
2129 1839 2270 1902 prorsus

260 1909 338 1973 dum
363 1909 418 1973 fidi
443 1917 590 1991 pastores
613 1916 779 1988 praesunt,
803 1907 858 1987 qui
881 1906 970 1970 viam
993 1905 1110 1971 salutis
1133 1918 1241 1969 osten·
1290 1926 1361 1970 esse
1384 1905 1562 1990 prophetae
1582 1905 1762 1970 consilium.
1791 1906 1856 1971 Hic
1875 1905 1960 1970 enim
1979 1914 2070 1971 notat
2087 1905 2268 1970 divortium

261 1994 350 2058 dant.
385 1994 476 2076 Ergo
496 1994 530 2055 in
552 1992 614 2057 hoc
631 1993 781 2056 consistit
804 1991 957 2056 ecelesiae
980 1992 1080 2069 salus,
1103 1992 1131 2055 si
1147 1990 1239 2055 Deus
1291 1990 1388 2067 illud,
1422 1990 1475 2056 vel
1508 1990 1697 2069 dissidium,
1731 1990 1816 2073 quod
1849 1991 1958 2055 fuerat
1989 1991 2086 2074 longo
2118 1998 2270 2072 tempore

260 2079 382 2144 excitet
405 2098 517 2151 veros,
549 2088 582 2142 et
604 2079 747 2142 sinceros
769 2077 932 2155 doctores,
960 2077 1016 2159 qui
1039 2076 1240 2141 annuntient
1291 2077 1378 2141 inter
1411 2096 1551 2160 regnum
1583 2075 1737 2141 Iehudah
1772 2086 1806 2140 et
1839 2096 1976 2159 regnum
2009 2075 2121 2141 Israel.
2176 2076 2267 2140 Nam

260 2166 331 2229 eius
354 2164 546 2228 doctrinam.
580 2163 645 2229 Ubi
665 2170 774 2226 autem
799 2162 987 2227 destituitur
1009 2162 1145 2226 ecelesia
1167 2183 1239 2243 pro·
1290 2183 1391 2244 quum
1414 2181 1553 2244 regnum
1572 2160 1676 2226 lsrael
1696 2169 1729 2226 et
1747 2161 1915 2226 hominum
1939 2180 2083 2237 numero,
2104 2170 2138 2226 ει
2155 2169 2268 2225 terrae

260 2249 311 2315 bis
333 2249 527 2324 doctoribus,
551 2270 684 2313 necesse
705 2255 755 2312 est
774 2249 884 2311 statim
903 2249 1013 2311 omnia
1032 2268 1163 2330 pessum
1182 2249 1238 2310 ire.
1291 2246 1516 2329 amplitudine,
1545 2257 1579 2311 et
1601 2248 1718 2329 opibus
1740 2249 1881 2326 floreret,
1910 2257 2009 2329 atque
2031 2246 2154 2312 felicius
2176 2254 2268 2310 esset

261 2335 353 2400 Deus
375 2335 463 2398 enim
492 2333 581 2397 haud
613 2333 708 2397 dubie
739 2332 800 2396 hac
829 2333 1044 2413 promissione
1078 2333 1240 2414 significat
1290 2353 1391 2414 regno
1413 2332 1581 2397 Iehudah:
1616 2333 1678 2398 hoc
1701 2330 1868 2397 residuum
1896 2342 2006 2397 mmor
2034 2332 2185 2396 manebat
2207 2329 2266 2395 Iu·

261 2442 296 2485 se
319 2442 385 2483 non
409 2427 540 2483 tantum
562 2419 633 2482 fore
657 2417 861 2481 liberatorem
886 2417 1011 2499 populi,
1042 2428 1078 2481 ut
1101 2438 1176 2481 cum
1198 2416 1239 2481 ab
1291 2415 1396 2496 daeis,
1431 2416 1517 2500 quod
1547 2419 1633 2500 apud
1666 2418 1754 2498 ipsos
1786 2434 1858 2482 erat
1891 2417 2048 2499 templum
2077 2416 2141 2480 Dei
2171 2418 2267 2481 iussu

261 2505 377 2571 exsilio
399 2515 546 2582 revocet,
581 2503 637 2567 sed
669 2513 862 2585 perpetuum
892 2503 1075 2578 custodem,
1109 2502 1164 2567 ubi
1187 2525 1237 2566 re·
1290 2512 1511 2581 exstructum,
1543 2501 1629 2585 quod
1659 2503 1749 2568 locus
1771 2502 1828 2567 ille
1859 2502 1965 2569 iuerat
1993 2502 2115 2569 alectus
2137 2525 2156 2565 a
2180 2500 2267 2579 Deo,

261 2612 377 2656 versus
411 2591 513 2654 fuerit
546 2589 688 2672 populus
721 2588 792 2669 ipse
821 2588 856 2651 in
886 2589 1034 2669 patriam.
1080 2585 1239 2670 Sequitur
1290 2587 1376 2669 quod
1399 2589 1556 2653 tenebant
1582 2609 1691 2653 aream
1721 2588 1860 2655 foederis
1882 2608 1964 2671 quae
1986 2598 2058 2653 erat
2077 2587 2265 2670 symbolum

261 2697 339 2759 ergo
363 2676 533 2741 ecclesiam
557 2674 620 2739 Dei
650 2695 716 2738 non
742 2682 868 2737 tantum
891 2673 985 2757 gigni
1016 2694 1115 2756 opera
1143 2695 1238 2739 sano·
1290 2675 1494 2756 praesentiae
1517 2674 1591 2738 Dei.
1635 2673 1726 2738 Talis
1750 2674 1853 2757 igitur
1882 2673 1944 2737 iuit
1973 2672 2146 2738 aemulatio
2175 2673 2266 2738 inter

262 2772 371 2826 torum
391 2773 424 2826 et
445 2763 574 2843 piorum
598 2770 776 2841 pastorum,
800 2757 856 2823 sed
880 2760 979 2823 etiam
1002 2759 1112 2838 foveri,
1134 2768 1167 2823 et
1185 2759 1238 2838 ali,
1289 2780 1429 2843 regnum
1451 2759 1603 2823 Iehudah
1626 2765 1660 2822 et
1681 2759 1794 2823 decem
1823 2759 1941 2834 tribus,
1973 2759 2059 2841 qnod
2087 2777 2189 2839 quum
2213 2758 2266 2821 in·

260 2856 295 2912 et
316 2847 504 2912 confirmari
527 2846 626 2909 etiam
646 2846 717 2909 eius
735 2846 839 2907 vitam
862 2844 1023 2925 usquead
1043 2856 1237 2908 extremum.
1290 2844 1359 2909 flati
1381 2854 1491 2911 essent
1513 2844 1683 2909 Israelitae
1705 2852 1738 2908 et
1760 2845 1853 2927 copia
1874 2843 2054 2926 hominum,
2084 2853 2117 2908 et
2137 2842 2267 2907 divitiis

263 2931 368 2997 Sicuti
394 2953 460 2995 non
483 2932 564 2995 satis
586 2937 638 2994 est
660 2929 808 2994 ordinem
831 2929 998 3010 politicum
1021 2930 1119 2994 semel
1144 2931 1237 3013 erigi,
1290 2935 1324 2994 et
1357 2930 1429 2994 aliis
1463 2932 1601 2994 terrenis
1634 2929 1778 3006 dotibus,
1818 2929 1932 2995 Iudaei
1966 2928 2189 3014 gloriabantur
2223 2927 2267 2992 de

261 3018 325 3081 nisi
360 3019 571 3098 magistratus
603 3016 639 3079 in
673 3015 781 3079 officio
815 3024 1044 3095 perseverent:
1077 3015 1126 3080 ita
1154 3014 1237 3080 nihil
1291 3016 1413 3098 templo
1442 3026 1475 3078 ot
1503 3035 1580 3080 arca
1606 3014 1753 3081 foederis.
1802 3013 1892 3097 Quid
1925 3026 2035 3081 autem
2067 3032 2154 3078 nnnc
2188 3034 2266 3096 pro·

261 3102 367 3184 magis
389 3101 520 3164 exitiale
541 3101 710 3182 ecclesiae,
739 3119 836 3181 quam
860 3099 915 3163 ubi
937 3100 1031 3165 Deus
1051 3101 1159 3166 aufert
1180 3101 1237 3165 bo·
1289 3099 1414 3182 pheta?
1460 3101 1658 3166 Pronuntiat
1692 3099 1791 3166 talem
1831 3100 1902 3166 fore
1935 3099 2136 3166 concordiam
2175 3100 2266 3164 inter

262 3207 322 3251 nos
346 3195 502 3269 pastores.
541 3185 616 3249 Non
639 3185 744 3267 potuit
766 3182 896 3266 quidem
921 3186 1009 3261 fieri,
1042 3195 1079 3250 ut
1099 3187 1238 3268 populus
1290 3185 1467 3264 Israelitas,
1487 3191 1521 3251 et
1539 3185 1677 3250 ludaeos
1695 3195 1733 3251 ut
1750 3187 1816 3251 iam
1834 3206 1902 3250 non
1921 3183 2041 3252 dicturi
2058 3183 2265 3259 sintIndaei,

262 3271 302 3335 ad
323 3270 430 3335 Deum
450 3270 579 3347 rediret,
599 3271 663 3335 nisi
682 3270 776 3334 missi
794 3279 870 3333 ante
887 3269 1027 3335 fuissent
1044 3271 1238 3353 prophetae:
1290 3290 1366 3336 arca
1395 3270 1537 3336 foederis
1559 3281 1593 3334 ει
1615 3271 1774 3354 templum
1795 3270 1876 3336 Dei:
1910 3270 2062 3354 quoniam
2083 3269 2176 3335 Deus
2205 3269 2266 3335 ad·

261 3358 317 3423 sed
342 3357 396 3422 hio
417 3355 666 3439 loquiturDeus
686 3355 726 3421 de
744 3355 902 3419 continuo
925 3374 1031 3434 eursu,
1054 3356 1106 3421 vel
1126 3370 1238 3421 tenore
1290 3356 1354 3420 erit
1374 3356 1527 3421 similiter
1549 3355 1712 3422 omnibus.
1747 3356 1793 3420 Iit
1815 3354 1934 3423 melius
1954 3356 2124 3439 opnfirmat
2144 3352 2267 3420 deinde

262 3443 430 3510 doctrinae
452 3463 539 3522 suae,
569 3453 602 3507 et
624 3441 709 3506 bene
731 3440 902 3523 compositi
924 3440 1112 3524 regiminis:
1145 3442 1239 3525 quasi
1290 3442 1450 3523 propheta
1472 3441 1558 3525 quod
1580 3443 1647 3506 iam
1669 3439 1749 3507 dixi.
1793 3441 1884 3525 Ergo
1905 3442 2103 3524 coniungere
2130 3460 2267 3506 necesse

262 3527 393 3605 diceret,
419 3528 493 3593 Non
517 3532 647 3592 tantum
671 3526 754 3593 dabo
776 3525 869 3592 vobis
891 3526 1078 3609 prophet-as,
1100 3528 1157 3610 qui
1179 3549 1238 3593 vos
1290 3539 1340 3592 est
1361 3528 1460 3593 etiam
1483 3536 1657 3610 sequentes
1678 3526 1761 3593 duos
1783 3548 1908 3594 versus.
1952 3526 2041 3592 Dicit
2063 3525 2176 3609 igitur,

262 3615 303 3679 ab
326 3635 436 3679 errore
459 3613 499 3678 ad
524 3635 584 3692 me,
618 3614 707 3677 etin
732 3615 820 3676 viam
843 3611 957 3678 salutis
980 3612 1149 3692 reducant,
1180 3615 1238 3679 sad

262 3699 400 3763 subinde
424 3700 515 3764 vobis
538 3701 637 3764 etiam
660 3701 845 3780 praeficiam
875 3698 977 3763 bonos
998 3707 1032 3763 et
1053 3698 1135 3766 fidos
1163 3700 1238 3766 doo-
1377 3699 1427 3762 17.
1461 3698 1612 3780 Tempore
1631 3698 1685 3763 illo
1706 3697 1859 3765 vocabunt
1879 3696 2053 3763 renones
2077 3694 2193 3762 sobam
2214 3695 2266 3762 Ie·

263 3792 360 3848 tores.
404 3783 594 3848 Notandum
617 3804 696 3847 vero
727 3794 792 3860 est,
826 3803 892 3848 non
915 3803 1012 3867 posse
1040 3805 1154 3851 omnes
1183 3807 1238 3851 eos
1289 3785 1393 3867 hovae,
1427 3788 1455 3848 et
1482 3783 1749 3868 conprepcbactur
1776 3784 1819 3849 ad
1851 3803 1921 3849 eam
1952 3802 2057 3847 omnes
2084 3785 2189 3865 pente
2220 3782 2267 3847 ad

263 3870 319 3948 qni
348 3880 520 3951 praesunt,
555 3869 661 3932 officio
693 3869 786 3951 fungi
817 3869 879 3933 uisi
910 3869 1048 3951 praediti
1071 3872 1137 3936 sint
1159 3891 1237 3953 pru·
1289 3889 1398 3935 momen
1419 3868 1567 3952 lemene,
1601 3868 1776 3934 Ierusalem
1803 3868 1889 3935 dico:
1920 3872 1949 3933 et
1975 3887 2037 3933 aon
2061 3865 2267 3933 mmmmm

264 3952 383 4017 dentis.
428 3953 521 4018 Deus
542 3973 622 4018 vero
652 3961 826 4034 paternum
856 3974 951 4018 suum
985 3975 1128 4019 amorem
1162 3956 1237 4020 suh·
1283 3955 1414 4035 potitae
1446 3954 1513 4037 (vel
1547 3954 1701 4040 amplius)
1733 3959 1805 4036 post
1836 3954 1985 4020 duritiem
2016 3950 2084 4037 (alii
2117 3963 2264 4030 vertunt,

260 4038 401 4114 indicat,
436 4038 488 4100 ubi
519 4039 620 4103 bonos
654 4046 800 4119 pastores
834 4036 913 4102 dioit
946 4036 1007 4103 sibi
1038 4059 1129 4105 caros
1160 4041 1236 4106 lore.
1288 4039 1556 4104 obstinationem:
1579 4052 1627 4104 est
1647 4042 1745 4104 etiam
1770 4038 1932 4103 interdum
1955 4037 2117 4121 cogitatio,
2138 4048 2262 4115 miv,

261 4123 380 4188 Postea
402 4124 557 4203 sequitur,
1282 4134 1361 4213 post
1372 4122 1552 4275 gurim)
1574 4126 1677 4190 cordia
1696 4125 1751 4190 sui
1771 4124 1899 4190 molum.

205 4226 208 4231 ’
1403 4219 1502 4284 ostea,

349 4294 399 4359 16.
423 4291 468 4356 Ει
489 4292 556 4373 erit,
586 4313 683 4373 quum
704 4289 905 4371 multiplicati
931 4294 1059 4373 fueritis
1080 4299 1107 4358 et
1126 4297 1237 4376 fracti·
1375 4295 1425 4359 18.
1457 4294 1499 4357 In
1519 4292 1629 4360 diebus
1656 4294 1725 4360 illis
1746 4295 1866 4360 venam
1892 4296 2004 4361 domus
2024 4289 2167 4358 laedat
2190 4310 2264 4358 cam

257 4379 430 4462 &comitis
460 4376 525 4461 (vel
549 4377 733 4461 creveritis)
765 4377 801 4440 in
822 4380 907 4441 terro
927 4376 1036 4442 diebus
1057 4378 1134 4462 illis,
1163 4381 1238 4446 dicit
1287 4379 1375 4444 domo
1398 4378 1518 4459 lsrael,
1546 4383 1666 4444 venient
1694 4380 1791 4445 simul
1811 4384 1932 4445 eterra
1959 4378 2117 4459 madonis
2136 4376 2181 4443 ad
2201 4382 2263 4441 ter-

261 4464 407 4546 Ielrooolr‚
439 4483 503 4527 moa
525 4463 625 4527 dicent
652 4462 806 4543 amplius,
835 4481 911 4525 orca
938 4460 1074 4542 foederis
1096 4464 1236 4549 Iehooce,
1286 4485 1357 4528 rom
1379 4485 1474 4546 quam
1495 4465 1567 4530 dedi
1588 4467 1624 4530 im
1645 4464 1865 4532 hoereditatem
1881 4462 2029 4546 patribus
2048 4463 2159 4529 orabis
2182 4460 2262 4549 (vel,

260 4556 289 4617 et
309 4571 370 4616 oon
393 4549 534 4613 ascendet
554 4549 588 4610 ia
611 4567 670 4627 cor,
702 4552 729 4610 et
750 4567 813 4610 non
835 4546 1077 4612 recordabuntur
1097 4550 1180 4632 eius,
1210 4557 1238 4616 et
1288 4569 1387 4630 quam
1418 4548 1493 4612 dedi
1522 4549 1748 4631 possidendam
1772 4552 1843 4615 iure
1866 4549 2083 4615 haereditario
2110 4548 2261 4632 patribus

259 4655 321 4702 com
343 4634 522 4715 visitabunt,
545 4639 573 4697 et
595 4653 655 4696 noa
675 4632 727 4711 fiet
747 4632 895 4711 amplius.
1289 4632 1431 4717 vestris).

347 4806 492 4869 Versum
515 4803 604 4866 huno
633 4810 788 4884 torquent
815 4801 1011 4882 interpretes
1041 4803 1118 4883 quia
1141 4825 1236 4870 nemo
1373 4803 1470 4869 Nunc
1493 4805 1613 4870 clarius
1647 4818 1796 4870 tenemus
1829 4804 2001 4887 quodiam
2025 4805 2108 4869 dixi:
2140 4822 2260 4884 nempe

259 4892 446 4976 assequitur
477 4889 655 4971 prophetae
680 4885 862 4950 consilium.
909 4884 1022 4948 Iudaei
1052 4909 1173 4970 magna
1195 4910 1236 4953 ex
1287 4889 1481 4972 prophetam
1506 4890 1558 4955 hio
1578 4891 1768 4971 promittere
1791 4891 1939 4956 futurum
1960 4907 2151 4956 consensum
2170 4889 2259 4952 inter

260 4990 354 5063 parte
385 4987 608 5042 commentum
637 4972 794 5054 frigidum
817 4979 850 5032 et
871 4970 968 5052 louge
992 4973 1130 5052 petitum
1158 4975 1235 5039 affe·
1288 4975 1397 5039 decem
1421 4974 1527 5038 tribus
1549 4988 1581 5039 ει
1604 4996 1743 5058 regnum
1765 4976 1924 5059 Iehudah,
1946 4978 2002 5042 ubi
2024 4973 2122 5041 simul
2143 4992 2259 5037 omnes

258 5075 354 5143 runt,
389 5061 474 5144 quod
498 5083 566 5124 non
595 5058 757 5124 deducent
790 5056 931 5136 amplius
962 5076 1070 5120 aream
1097 5059 1235 5124 foederis
1288 5060 1411 5124 reducti
1445 5060 1567 5124 luerint
1602 5063 1641 5126 ab
1673 5060 1805 5125 exsilio:
1841 5064 1932 5144 quasi
1966 5062 2102 5136 dicaret,
2135 5068 2257 5122 statum

259 5149 300 5214 ad
324 5170 383 5214 sua
407 5147 540 5232 proelia,
571 5145 726 5227 quoniam
750 5159 851 5236 nemo·
869 5140 993 5204 scilicet
1018 5142 1119 5207 hostis
1149 5145 1235 5225 ipsos
1288 5146 1390 5227 magis
1413 5146 1587 5226 optabilem
1611 5147 1688 5224 fore,
1718 5167 1815 5227 quam
1838 5158 1913 5211 ante
1936 5149 2050 5224 iuerat,
2072 5145 2149 5227 quia
2171 5142 2258 5210 soili-

258 5235 401 5299 invadet.
437 5233 562 5296 Putant
585 5231 687 5314 igitur
704 5228 853 5311 promitti
876 5226 1090 5305 tranquillum
1113 5235 1234 5294 statum
1286 5245 1336 5296 cet
1359 5241 1430 5293 erat
1452 5231 1629 5296 laceratum
1651 5252 1762 5296 semen
1781 5233 1944 5309 Abrahae,
1968 5254 2009 5296 ex
2027 5251 2091 5313 quo
2109 5230 2258 5314 populus,
