4784 5970
189 369 252 435 tat
1071 364 1121 431 IN
1142 363 1309 432 ISAIAM
2130 362 2194 429 428

189 555 340 640 occupari
361 554 430 638 pios
452 575 519 618 non
542 551 642 631 decet,
665 555 746 619 satis
762 562 811 620 est
825 563 925 639 gustu
940 553 1049 636 aliquo
1063 551 1163 618 fidem
1217 572 1278 618 nec
1300 562 1410 617 tamen
1433 561 1604 636 propterea
1626 552 1720 636 argui
1751 570 1844 633 posse
1870 551 2111 618 inconstantiae
2140 563 2194 617 aut

190 661 304 708 eorum
327 640 439 706 lovari.
473 638 571 719 Quod
595 639 622 704 ai
645 638 810 704 interdum
832 650 1025 722 premantur
1042 639 1163 722 inopia,
1217 638 1379 704 levitatis:
1404 639 1496 720 quasi
1518 637 1688 704 consilium
1710 638 1858 703 mutarit.
1903 635 2089 704 Ocnailium
2108 639 2192 703 anim

189 738 301 793 tamen
321 725 448 791 modico
470 727 563 790 victu
580 725 726 791 contenti
745 724 856 789 Deum
879 734 1004 807 patrem
1027 725 1163 806 eiusque
1217 744 1314 788 suum
1337 727 1371 788 et
1392 724 1480 789 iusta
1505 723 1627 789 iudicia
1654 726 1853 805 exsequetur
1880 723 1915 786 in
1945 742 2001 789 sos
2031 724 2089 805 qni
2115 722 2193 789 falso

189 812 436 878 beneficentiam
458 810 670 875 nihilominus
693 821 892 892 agnoscunt:
926 818 1025 891 atque
1046 809 1082 873 in
1105 828 1164 874 aua
1217 810 1360 872 nominis
1381 809 1453 874 eins
1474 818 1648 893 praetextu
1671 808 1811 892 gloriam
1832 809 1902 872 eius
1923 808 2118 888 obscurant,
2146 818 2193 874 to·

189 898 349 963 tenuitate
371 916 485 979 regum
509 905 541 959 et
559 906 751 978 magnatum
768 916 845 978 opes
863 903 1031 979 superant.
1065 894 1163 976 Impii
1217 903 1349 977 tamque
1373 895 1527 977 pietatem
1550 900 1776 977 corrumpunt.

190 1004 286 1061 raro,
320 984 451 1046 tametsi
481 979 650 1046 abundent
683 981 776 1045 bonis
789 1019 792 1024 .
807 981 975 1063 omnibus,
1008 979 1164 1063 quoniam
1304 979 1355 1045 16.
1379 977 1458 1065 (Qui
1478 977 1692 1078 beoaliaarit.)
1726 978 1792 1043 Hic
1814 979 1990 1061 opponitur
2012 978 2103 1046 orbis
2125 980 2193 1044 uni·

190 1068 255 1134 illis
277 1067 362 1132 bona
383 1067 584 1133 conscientia
607 1066 668 1129 frui
692 1074 878 1148 nequeunt,
909 1075 987 1131 sunt
1015 1066 1162 1131 omnium
1217 1085 1333 1131 versus
1356 1063 1477 1148 angulo
1498 1063 1650 1142 Iudaeae,
1672 1085 1710 1128 ιιι
1731 1084 1795 1147 quo
1817 1064 1927 1131 cultus
1949 1064 2014 1129 Dei
2037 1064 2193 1146 quodam·

190 1154 359 1219 hominum
382 1152 566 1216 miserrimi.
600 1152 748 1232 Respicit
769 1172 846 1234 ergo
865 1170 923 1233 pro
947 1150 1025 1215 heta
1041 1169 1163 1233 purum
1216 1149 1314 1215 modo
1348 1148 1521 1216 conclusus
1551 1159 1630 1215 erat.
1675 1150 1855 1232 Postquam
1888 1151 1977 1214 enim
2011 1150 2193 1232 patefactus

190 1260 286 1304 usum
310 1238 468 1301 donorum
492 1237 564 1300 Dei.
609 1236 694 1300 Nam
723 1237 778 1319 qui
806 1258 888 1319 pure
945 1257 1018 1301 oum
1042 1234 1162 1313 colunt,
1216 1242 1268 1300 est
1289 1235 1410 1318 ubique
1432 1234 1540 1313 Deus,
1571 1256 1637 1300 non
1660 1235 1726 1299 iam
1748 1235 1785 1299 in
1807 1242 1897 1301 certa
1918 1234 2030 1318 aliqua
2115 1237 2193 1314 'ne,

189 1329 347 1404 tanquam
370 1322 430 1386 filii
453 1344 494 1386 ex
516 1342 615 1385 manu
639 1322 742 1403 patris
763 1323 873 1387 omnia
902 1322 991 1386 vitae
1019 1319 1164 1386 subsidia
1217 1319 1274 1385 sed
1295 1321 1447 1386 omnibus
1466 1321 1500 1385 in
1518 1321 1597 1386 loeis
1616 1321 1687 1385 sine
1707 1319 1894 1387 discrimine
1910 1256 2194 1402 coliturfffiem·

189 1409 365 1490 accipiunt:
400 1408 455 1472 alii
479 1427 557 1471 vero
580 1428 619 1471 ea
648 1416 806 1488 tanquam
836 1409 925 1472 iures
954 1415 987 1470 et
1013 1405 1165 1488 sacrilegi
1217 1404 1395 1471 admodum
1444 1404 1542 1470 etiarn
1590 1405 1682 1471 docet
1728 1405 1904 1472 Christus:
1957 1404 2063 1471 Venit
2118 1406 2194 1471 hora

190 1493 398 1577 praedantur.
448 1493 625 1574 Nunquam
654 1492 765 1575 impiis
789 1492 949 1557 satisfacit
978 1491 1165 1575 quatumvis
1216 1490 1346 1573 quando
1370 1510 1476 1573 neque
1498 1491 1533 1555 in
1555 1490 1762 1565 montebon,
1792 1491 2109 1574 neqneinlarosol
2167 1493 2193 1557 is

189 1600 311 1662 magna
333 1599 442 1644 rerum
465 1579 572 1659 copia:
606 1598 734 1659 semper
756 1577 910 1642 diffidunt
931 1597 968 1643 ac
990 1577 1166 1660 trepidant,
1216 1575 1394 1643 adorabitis
1418 1585 1551 1658 patrem.
1585 1577 1631 1640 Et
1652 1576 1778 1641 Paulus
1801 1576 1845 1662 (1.
1869 1577 1955 1643 Tim.
1979 1577 2011 1655 2,
2032 1575 2078 1662 8):
2136 1578 2195 1658 olo,

189 1684 250 1729 nec
274 1663 449 1746 tranquilla
471 1682 542 1728 esse
565 1672 672 1743 potest
694 1684 806 1728 eornm
830 1662 1038 1728 conscientia.
1072 1661 1164 1727 Nihil
1216 1662 1341 1744 inquit,
1371 1661 1461 1728 viros
1482 1663 1519 1726 in
1541 1662 1630 1727 omni
1653 1661 1724 1728 loco
1746 1662 1917 1728 sustollere
1943 1681 2045 1746 puras
2067 1682 2193 1739 manns,

189 1751 293 1832 igitur
314 1749 368 1814 hic
392 1748 555 1830 promittit
577 1749 663 1830 quod
686 1769 751 1813 non
775 1749 903 1831 reipsa
925 1755 1081 1830 praestet:
1107 1769 1164 1812 ne·
1216 1748 1338 1831 absque
1360 1748 1409 1812 ira
1431 1761 1464 1812 et
1486 1746 1729 1831 disceptatione.
1754 1800 1758 1811 .
1784 1748 1901 1814 Terrae
1929 1747 2033 1832 igitur
2062 1767 2193 1826 nomen,

190 1855 255 1917 que
283 1834 323 1898 ab
352 1843 488 1899 externo
518 1854 627 1897 rerum
661 1842 751 1898 statu
783 1832 863 1898 baec
896 1834 1034 1899 felicitas
1067 1833 1164 1898 aesti-
1216 1856 1280 1917 quo
1302 1831 1357 1898 bic
1378 1833 1567 1897 universum
1590 1834 1702 1898 orbem
1730 1833 1895 1917 designat,
1926 1833 2025 1899 tacite
2053 1832 2194 1899 Iudaeae

189 1919 310 1985 manda
342 1927 400 1983 est.
458 1917 553 1998 Quod
588 1921 689 1983 etiam
722 1941 764 1984 ex
801 1918 1013 2000 sequentibus
1046 1918 1164 1984 melius
1215 1918 1357 2004 opponit.
1402 1916 1623 1984 Benedictione
1642 1923 1672 1983 ct
1692 1917 1899 1983 iureiurando
1916 1919 2113 1984 universnm
2133 1918 2195 1984 Dei

188 2012 288 2087 patet,
311 2004 366 2068 ubi
390 2004 534 2068 laetitiae
556 2012 589 2067 et
611 2006 790 2086 gratiarum
815 2004 955 2070 actionis
972 2006 1012 2069 fit
1030 2006 1162 2069 mentio.
1216 2005 1342 2072 cultum
1365 2012 1468 2069 notat.
1511 2001 1747 2070 Iusiurandum
1769 2013 1818 2070 est
1839 2005 1965 2086 species
1986 2003 2100 2070 cultus
2124 2005 2193 2081 Dei,

188 2089 257 2156 Nec
279 2090 367 2154 enim
391 2088 524 2153 dubium
549 2096 599 2154 est
621 2090 700 2172 quin
724 2090 869 2156 breviter
891 2088 1066 2155 admoneat
1088 2111 1163 2173 pro·
1215 2099 1253 2155 nt
1275 2098 1374 2155 antea
1396 2087 1555 2155 vidimus:
1588 2108 1627 2153 eo
1649 2089 1737 2154 enim
1765 2086 1921 2154 iudicium
1952 2110 2051 2155 omne
2080 2089 2194 2156 deleri·

189 2176 298 2258 pheta,
321 2174 503 2240 satietatem
528 2175 667 2257 positam
690 2176 725 2239 in
747 2196 857 2240 rerum
879 2176 971 2258 copia
994 2196 1059 2240 non
1081 2196 1163 2256 esse,
1216 2197 1290 2241 mus
1312 2174 1400 2240 Deo:
1434 2194 1576 2256 eumque
1599 2183 1717 2240 testem
1739 2186 1772 2238 et
1793 2175 1960 2240 conscium
1989 2194 2106 2240 rerum
2128 2197 2193 2241 om·

188 2260 300 2324 sedin
332 2260 511 2341 tranquilla
540 2280 619 2343 pace
648 2261 749 2324 animi
777 2269 812 2325 et
841 2260 1005 2343 spirituali
1034 2258 1163 2343 gaudio,
1217 2261 1310 2326 nium
1332 2280 1416 2343 quae
1436 2271 1580 2344 aguntur
1603 2260 1817 2345 agnoscimus.
1856 2259 2091 2326 Benedicimns
2109 2281 2193 2341 vero,

189 2347 265 2430 quia
286 2345 464 2411 incredulis
486 2344 628 2426 insipida
650 2354 726 2409 sunt
749 2347 875 2410 omnia:
908 2345 1022 2411 fideles
1052 2353 1164 2411 autem
1217 2366 1317 2429 quum
1340 2347 1450 2411 omnia
1471 2366 1627 2429 prospera
1649 2345 1690 2410 ab
1711 2344 1783 2428 ipse
1812 2356 1986 2429 optamus,
2014 2346 2115 2428 eique
2136 2346 2193 2411 soli

189 2451 305 2496 sensns
343 2430 474 2512 paterni
508 2431 570 2494 Dei
611 2430 732 2495 amoris
772 2431 907 2496 suavius
948 2431 1164 2496 condimentis
1217 2432 1352 2497 ferimus
1381 2440 1520 2513 accepta.
1571 2430 1722 2513 Denique
1757 2450 1825 2495 non
1862 2431 1958 2496 aliter
1986 2429 2084 2497 nobis
2113 2432 2192 2498 bene

189 2517 342 2582 omnibus
364 2514 513 2581 oblectat.
558 2516 689 2580 Interea
711 2524 862 2581 notemus
883 2516 1071 2582 felicitatem
1094 2536 1164 2580 om·
1217 2538 1288 2582 esse
1311 2516 1458 2595 latemur,
1481 2536 1578 2598 quam
1600 2538 1641 2582 ex
1665 2536 1756 2581 mera
1779 2517 1848 2581 eius
1878 2516 2085 2582 liberalitate.
2130 2517 2193 2582 Par

190 2623 264 2667 nem
287 2622 307 2666 a
328 2601 396 2666 solo
418 2601 490 2665 Deo
512 2598 762 2682 exspectandam
785 2622 870 2680 esse,
885 2661 887 2664 .
901 2602 957 2684 qui
985 2601 1053 2667 auis
1082 2600 1164 2665 nihil
1218 2603 1327 2667 Deum
1350 2621 1477 2681 verum,
1500 2601 1631 2666 fidelem
1653 2603 1689 2666 in
1712 2600 1780 2666 suis
1802 2602 1972 2685 promissis
1993 2606 2031 2667 et
2045 2602 2192 2668 stabilem

189 2687 322 2753 omnino
355 2706 468 2751 eorum
501 2704 583 2768 quae
617 2686 657 2750 ad
692 2687 822 2752 beatam
856 2687 959 2753 vitam
997 2688 1166 2770 pertinent
1217 2688 1253 2752 in
1286 2708 1345 2754 suo
1375 2687 1509 2752 consilio
1538 2686 1705 2770 intellige:
1740 2707 1928 2769 quanquam
1962 2688 2049 2753 torte
2084 2686 2193 2753 subest

190 2772 301 2838 deesse
323 2771 419 2836 sinet.
1069 2832 1072 2837 ,
1217 2773 1350 2856 obliqua
1372 2771 1544 2838 antithesis
1571 2774 1657 2837 inter
1683 2792 1836 2839 veracem
1858 2772 1970 2838 Deum
1998 2780 2034 2838 et
2061 2772 2194 2839 fallaces

276 2856 326 2921 15.
346 2855 403 2941 (Et
419 2856 625 2942 relinquetis.)
659 2857 874 2939 Prosequitur
889 2857 1029 2923 eandem
1047 2857 1165 2924 doctri-
1217 2860 1366 2945 gentium
1390 2856 1477 2923 deos.

190 2961 284 3008 nam:
308 2964 345 3008 ac
369 2942 470 3020 docet,
494 2943 602 3006 Deum
626 2941 757 3006 tandem
786 2942 974 3028 hypocritas
997 2953 1162 3026 separatu·
1302 2942 1403 3030 (Quia
1425 2942 1593 3029 attonat.)
1636 2943 1729 3009 Haec
1749 2942 1923 3027 promissio
1946 2942 1986 3008 ad
2009 2944 2097 3011 solos
2119 2945 2194 3010 fide

190 3050 263 3093 rum
282 3048 302 3090 a
319 3027 406 3091 veris
424 3029 535 3092 servis.
570 3028 639 3092 Nec
657 3036 744 3092 certe
763 3028 884 3092 mirum
903 3039 952 3093 est
971 3030 1164 3112 prophetam
1217 3031 1265 3096 les
1287 3032 1439 3113 pertinet.
1484 3028 1658 3112 Significat
1680 3030 1771 3095 Deus
1793 3049 1828 3095 se
1850 3030 1950 3094 finem
1973 3031 2143 3097 aerumnis
2163 3040 2194 3096 ot

190 3123 360 3194 tantopere
382 3111 466 3178 hanc
488 3121 615 3193 partem
639 3131 772 3195 urgere:
795 3114 872 3195 quia
893 3112 975 3177 nihil
1000 3113 1164 3180 difficilius
1218 3115 1313 3180 malis
1335 3116 1582 3198 impositurum,
1611 3134 1653 3184 ne
1675 3115 1720 3179 sit
1746 3122 1904 3198 perpetua
1930 3115 2087 3181 ecclesiae
2109 3116 2193 3182 cala·

190 3197 405 3283 persuadetur
427 3197 617 3281 hypocritis,
641 3199 697 3279 qui
720 3196 874 3280 superbia
895 3199 999 3263 inflati
1022 3221 1056 3265 se
1078 3200 1165 3282 ipsos
1217 3202 1333 3277 mitae,
1364 3200 1451 3282 quod
1474 3202 1544 3266 fieri
1571 3208 1724 3281 coeptum
1756 3207 1821 3279 est,
1853 3219 1954 3282 quum
1982 3200 2194 3287 eBabylene

190 3285 310 3349 fallunt
338 3291 435 3365 atque
465 3290 648 3348 excaecant.
699 3282 912 3349 Exsecrabile
942 3305 1021 3349 vero
1051 3306 1164 3350 eorum
1217 3286 1355 3351 eductus
1385 3290 1435 3350 est
1462 3285 1612 3369 populus.
1665 3286 1808 3351 Tametsi
1837 3284 1925 3350 enim
1955 3287 2057 3351 variis
2087 3286 2194 3354 adhuc

191 3390 310 3434 nomen
333 3369 403 3433 iore
425 3369 557 3448 asserit,
587 3369 664 3450 quia
685 3389 796 3434 semen
824 3379 974 3435 sanctum
997 3390 1032 3434 se
1055 3370 1165 3437 existi·
1218 3371 1323 3436 modis
1345 3378 1378 3434 et
1398 3371 1433 3435 in
1456 3372 1573 3436 itinere
1595 3380 1629 3435 et
1651 3370 1739 3434 domi
1762 3369 1904 3436 afflictus
1931 3372 1992 3451 sit,
2021 3372 2124 3437 simul
2146 3383 2193 3437 ta·

190 3456 338 3532 mebant,
372 3475 433 3518 nee
461 3453 566 3519 ullum
595 3452 682 3518 aliud
712 3454 772 3519 sub
802 3453 892 3520 coelo
922 3475 993 3521 osse
1028 3454 1164 3539 dignum
1217 3478 1294 3521 men
1317 3455 1472 3521 adiuncta
1493 3457 1558 3521 fuit
1579 3455 1736 3541 gravibus
1758 3455 1874 3539 poenis
1894 3453 2095 3522 moderatio:
2118 3460 2193 3541 quia

190 3540 359 3606 memoria.
411 3541 460 3604 Ao
489 3538 602 3604 eodem
632 3548 758 3622 spectat
785 3538 924 3605 verbum
947 3541 1165 3625 relinquendi,
1217 3541 1341 3607 reditus
1374 3542 1408 3605 in
1443 3543 1601 3625 patriam,
1638 3541 1754 3624 templi
1785 3542 1997 3623 instauratio,
2030 3544 2194 3609 restitutio

191 3627 282 3707 quasi
305 3624 427 3689 diceret
450 3625 609 3690 violenter
631 3645 805 3691 excussum
827 3626 869 3691 iri
900 3626 1015 3692 falsam
1043 3629 1166 3694 iactan·
1217 3628 1365 3710 politiae,
1395 3626 1537 3692 leniebat
1561 3627 1688 3693 dolores
1710 3627 1904 3708 animosque
1927 3627 2013 3693 bona
2041 3648 2102 3712 spe
2131 3628 2193 3693 ful·

190 3712 288 3786 tiam,
319 3711 372 3774 cui
395 3719 565 3792 tantopere
592 3711 682 3775 affixi
711 3716 815 3776 erant.
860 3711 1003 3777 Proinde
1032 3733 1073 3777 ne
1103 3713 1165 3779 sibi
1216 3714 1321 3780 ciebat
1342 3734 1445 3795 usque
1468 3712 1509 3777 ad
1532 3712 1657 3779 Christi
1680 3711 1870 3778 adventum.

191 3795 224 3858 in
248 3794 352 3877 gloria
374 3796 544 3876 temporali
566 3804 598 3858 et
621 3816 698 3860 mox
728 3798 873 3879 peritura
901 3797 1066 3880 placeant,
1095 3797 1164 3863 Do·
1304 3799 1354 3864 17.
1388 3797 1489 3884 (Quia
1509 3796 1597 3883 eece.)
1641 3797 1703 3864 His
1727 3796 1927 3880 metaphoris
1957 3797 2124 3881 promittit
2145 3800 2193 3863 in·

191 3880 301 3945 minus
321 3881 543 3963 arrogantiam
565 3881 654 3943 illam
678 3882 843 3947 retundit:
877 3903 915 3947 ae
938 3903 972 3948 se
994 3882 1074 3947 aliea
1096 3903 1165 3949 ser·
1216 3885 1344 3968 signem
1366 3905 1478 3948 rerum
1500 3885 1726 3960 mutationem,
1749 3902 1787 3947 ac
1808 3882 1837 3948 si
1860 3881 1984 3948 diceret
2004 3883 2106 3961 Deua,
2132 3884 2194 3949 sibi

191 3985 252 4028 vos
285 3964 474 4030 habiturum
508 3965 667 4046 declarat,
707 3966 823 4049 quibus
861 3967 915 4032 isti
947 3968 1165 4033 exsecrationi
1216 3970 1252 4034 in
1275 3970 1385 4034 animo
1412 3989 1500 4048 esse,
1531 3977 1629 4051 atque
1658 3969 1756 4032 etiam
1785 3968 1820 4032 in
1851 3987 1970 4047 manu,
1999 3988 2069 4033 non
2100 3968 2194 4034 mede

192 4058 299 4114 erunt.
360 4049 407 4114 Ut
445 4050 544 4114 etiam
585 4052 620 4113 in
660 4052 788 4116 solenni
834 4053 1059 4119 exsecratione
1104 4054 1165 4121 hoc
1217 4057 1388 4120 restituere
1411 4054 1581 4120 ecelesiam
1602 4073 1707 4132 suam,
1730 4053 1787 4120 sed
1806 4054 1853 4118 ita
1870 4053 2054 4133 restituere,
2077 4062 2117 4120 ut
2139 4075 2194 4120 no·

191 4133 377 4216 exemplum
400 4144 559 4213 sumatur,
582 4136 675 4200 Deus
699 4136 757 4201 tibi
779 4146 816 4201 ut
833 4137 965 4203 Iudaeis
982 4138 1163 4205 maledicat.
1216 4159 1294 4206 vam
1318 4140 1419 4204 vitam
1442 4139 1599 4216 obtinere,
1623 4149 1719 4221 atque
1741 4139 1776 4203 in
1799 4158 1886 4203 novo
1908 4138 2032 4205 mundo
2046 4137 2195 4205 habitare

277 4218 423 4305 (Vacabat
453 4223 577 4286 nomine
609 4220 698 4306 olio.)
759 4221 894 4288 Relellit
932 4223 1164 4289 confidentiam
1217 4224 1380 4290 videatur.
1424 4224 1670 4307 Hyperbolicae
1692 4231 1770 4289 sunt
1791 4222 1854 4289 hae
1878 4223 2106 4306 loquutiones:
2138 4222 2196 4291 sed

191 4306 261 4370 eius
284 4307 405 4388 gentis,
435 4326 517 4387 quae
541 4307 666 4371 nullum
696 4307 767 4372 Deo
797 4308 952 4391 populum
982 4308 1049 4373 lore
1078 4310 1165 4375 arbi·
1218 4329 1285 4374 non
1308 4311 1415 4394 potuit
1436 4309 1532 4374 aliter
1553 4310 1692 4393 exprimi
1715 4309 1799 4373 tanti
1822 4307 1971 4376 beneficii
1987 4309 2194 4395 magnitudo,

192 4391 354 4467 trabatur,
394 4390 421 4453 si
455 4392 592 4472 posteris
626 4393 780 4458 Abrahae
821 4402 956 4458 careret.
1010 4395 1166 4459 Testatur
1239 4394 1302 4460 uod
1323 4394 1467 4460 adventu
1489 4394 1617 4461 Christi
1638 4393 1861 4459 exhibendum
1890 4406 1972 4460 erat.
2015 4395 2088 4463 Neo
2117 4415 2195 4461 vero

191 4476 279 4540 enim
308 4496 343 4540 ae
372 4484 599 4558 cooptaturnm
629 4499 750 4543 novum
779 4477 952 4561 populum:
986 4500 1091 4561 neque
1119 4480 1166 4543 ita
1217 4416 1258 4545 ie
1280 4480 1386 4562 primo
1408 4485 1536 4545 tantum
1557 4480 1701 4546 adventu
1719 4479 1884 4563 intelligit,
1907 4478 1966 4545 sed
1980 4478 2022 4545 de
2039 4480 2195 4548 universo

190 4582 225 4626 se
247 4561 378 4626 ludaeis
401 4561 592 4627 adstrictum
616 4584 687 4628 esse
703 4563 782 4645 quin
798 4563 881 4629 alios
895 4562 991 4628 facile
1008 4565 1164 4644 inveniat,
1217 4586 1253 4630 re
1277 4585 1330 4643 no,
1353 4564 1437 4647 qnod
1461 4564 1502 4629 ad
1523 4575 1710 4631 extremum
1733 4585 1837 4647 usque
1851 4562 2031 4632 adrentum
2042 4565 2196 4649 protendi

191 4668 272 4729 quos
302 4646 411 4728 populi
441 4647 493 4710 sui
524 4648 656 4713 nomine
686 4662 830 4714 exornet.
880 4647 979 4729 Quod
1013 4649 1165 4714 nonnulli
1217 4587 1330 4716 dehet:
1372 4650 1470 4716 sicuti
1498 4652 1564 4716 iam
1595 4650 1668 4716 aliis
1697 4651 1776 4716 loeis
1805 4648 1928 4716 dictum
1965 4659 2026 4717 eat.
2078 4650 2194 4734 Itaque

191 4753 250 4814 per
283 4732 369 4796 aliud
403 4752 523 4796 nomen
563 4734 754 4817 intelligunt
793 4735 1027 4817 christianum,
1067 4735 1165 4799 nimis
1218 4756 1276 4817 per
1319 4735 1490 4801 Ohriatum
1533 4735 1676 4802 mundns
1720 4733 1957 4817 quodammodo
2002 4745 2194 4802 renovatur.

191 4827 339 4883 coactum
362 4828 420 4881 eat.
465 4818 511 4881 Et
534 4819 724 4900 prophetam
748 4820 812 4885 alio
838 4828 1000 4903 spectasse
1031 4841 1071 4884 ex
1101 4822 1164 4886 eir·
1216 4819 1313 4887 Unde
1346 4823 1444 4885 etiam
1474 4822 1638 4902 apostolus
1669 4820 1710 4886 ad
1738 4819 1841 4886 Hebr.
1871 4820 2040 4887 saeculum
2069 4842 2193 4887 norum

191 4903 388 4967 cnmstantia
410 4903 482 4984 ipsa
504 4915 648 4985 apparat.
682 4905 766 4968 Nam
789 4907 867 4987 qnia
889 4902 1001 4969 Iudaei
1025 4906 1165 4987 antiqni-
1216 4906 1377 4989 appellat:
1406 4927 1466 4972 nec
1488 4906 1623 4972 dubium
1647 4907 1728 4988 quin
1750 4905 1837 4972 banc
1858 4907 2040 4991 prophetae
2060 4915 2191 4973 senten·

192 4996 292 5051 tatem
315 4988 366 5052 sui
398 4989 540 5052 nominis
570 4989 709 5071 superbe
738 4989 916 5066 iactabant,
951 4998 1048 5072 atque
1077 4992 1164 5056 inso-
1217 4993 1293 5055 tiam
1318 4992 1484 5075 spectarit.
1529 4993 1630 5075 Atqui
1652 4991 1797 5074 loquitur
1819 4993 1978 5075 propheta
2000 4991 2042 5058 de
2063 4992 2194 5059 restitu-

191 5070 363 5150 lescebant,
393 5073 479 5155 quod
502 5074 692 5139 iamdudum
717 5086 827 5138 essent
849 5075 942 5140 electi
974 5097 994 5138 a
1014 5075 1095 5151 Deo,
1127 5095 1164 5141 ac
1217 5077 1305 5140 bone
1344 5077 1498 5142 eeclesiae
1536 5087 1610 5160 post
1648 5077 1790 5142 reditum
1831 5098 1849 5143 e
1881 5077 2065 5162 Babylone.
2121 5077 2193 5143 Hoc

192 5157 220 5220 si
250 5155 341 5222 Deus
374 5160 452 5242 ipsis
485 5179 595 5224 carere
628 5180 695 5224 non
728 5169 852 5242 posset:
887 5158 1029 5225 ostendit
1063 5161 1163 5225 alium
1216 5161 1349 5243 quidem
1383 5183 1498 5227 verum
1528 5172 1594 5227 est:
1628 5160 1685 5226 sed
1713 5163 1876 5228 restitutio
1905 5163 1961 5227 illa
1990 5183 2109 5230 manca
2133 5178 2191 5240 eat,

192 5241 349 5324 populum
368 5244 496 5327 abipso
515 5244 700 5328 eligendum
720 5254 818 5328 atque
837 5245 1060 5329 adoptandum
1079 5266 1162 5311 esse:
1216 5247 1280 5312 nisi
1313 5248 1354 5313 ad
1388 5248 1558 5314 Christum
1592 5268 1694 5331 usqne
1726 5247 1935 5314 extendatur.
1989 5248 2101 5333 Atque
2132 5268 2190 5314 nos
