4784 5970
189 346 229 410 91
1069 338 1117 404 IN
1139 338 1304 406 ISAIAM
2144 336 2187 401 92

189 535 311 615 tinere,
344 550 404 595 nec
425 527 536 612 populi
559 526 680 592 vindex
702 548 800 605 csse,
825 548 884 592 nec
906 527 1066 593 creaturis
1098 547 1158 610 pro
1212 534 1281 592 tur:
1315 533 1413 609 atque
1443 528 1489 594 sic
1519 527 1554 593 in
1583 538 1728 613 tempore
1758 534 1911 593 testatam
1943 527 2048 593 lacere
2080 524 2185 590 voluit

189 617 323 683 arbitrio
350 615 398 679 uti
419 623 543 699 posset:
579 621 613 678 at
643 633 741 696 quum
777 623 928 679 aeternus
958 613 1016 690 eit,
1049 613 1160 678 omnia
1211 612 1314 678 electo
1335 612 1454 695 populo
1476 634 1570 679 suam
1593 616 1740 698 gratiam,
1763 635 1804 679 ne
1823 614 1882 678 sub
1904 610 2019 678 multis
2037 609 2186 677 tristissi-

189 703 291 788 ipsius
325 703 460 783 imperio
492 698 621 765 subdita
654 720 724 764 esse
757 719 887 765 necesse
920 706 980 764 est.
1033 698 1160 764 Eodem
1212 699 1275 763 mis
1296 698 1441 762 cladibus
1471 699 1633 766 deficeret.
1677 700 1769 766 Haec
1792 699 1894 782 igitur
1923 699 2099 779 promissio
2132 698 2184 761 in·

188 788 330 873 pertinet
351 785 437 869 quod
461 782 554 862 dicit,
584 805 650 848 non
681 806 774 866 posse
796 784 953 867 quidquid
975 784 1082 850 facere
1104 783 1159 848 de·
1212 784 1340 868 signem
1363 782 1513 850 fidelibus
1535 784 1787 850 consolationem
1811 785 1928 848 afferre
1951 783 2076 862 debuit,
2099 781 2184 865 quod

189 875 292 940 crevit
313 872 381 938 cllo
404 870 569 936 obstaculo
591 872 709 935 averti:
732 893 774 935 ne
792 869 933 936 Iudaeos
954 878 1100 935 terreant
1122 891 1160 936 ac
1213 870 1288 935 licet
1310 871 1527 953 contemptui,
1560 871 1642 950 odio,
1675 881 1772 952 atque
1801 870 1900 935 etiam
1923 869 2052 934 horrori
2075 878 2185 933 essent

189 959 361 1026 debilitent
383 957 525 1022 hostium
547 956 659 1038 copiae
682 977 719 1021 ac
741 956 836 1020 vires.
1211 955 1371 1035 omnibus,
1393 964 1503 1021 temen
1519 957 1590 1021 Deo
1611 957 1678 1022 cari
1700 965 1827 1022 essent:
1850 956 1927 1039 quia
1949 955 2084 1020 taudem
2105 953 2184 1036 ipsis

278 1045 328 1109 14.
358 1041 426 1128 (Sic
447 1042 522 1106 dicit
543 1041 681 1127 Ιιιιιι.)
725 1042 828 1106 Docet
854 1039 1013 1124 propheta
1034 1040 1160 1125 Cyrum
1212 1041 1374 1106 affuturus
1403 1051 1491 1121 erat,
1523 1051 1621 1124 atque
1654 1063 1766 1107 eorum
1795 1061 1894 1108 eausa
1924 1039 2184 1125 Babyloniorum

189 1131 261 1196 fere
282 1131 375 1213 quasi
398 1128 631 1193 mercenarium
657 1127 805 1204 militem,
835 1128 890 1210 qui
912 1147 1043 1209 operam
1066 1147 1160 1192 suam
1211 1147 1349 1210 regnum
1381 1125 1558 1192 deleturus.
1609 1128 1783 1212 Fugitivos
1816 1134 1924 1191 autem
1959 1126 2027 1191 lore
2060 1124 2184 1202 dicens,

190 1217 332 1283 Domino
353 1213 522 1296 impendat
543 1211 584 1276 ad
606 1213 761 1296 populum
784 1212 997 1278 liberandum.
1036 1211 1159 1295 Cyrum
1211 1211 1311 1276 talem
1333 1231 1520 1278 successum
1542 1234 1578 1278 se
1600 1213 1753 1278 daturum
1772 1211 1861 1296 Cyro
1882 1210 2034 1288 ostendit,
2059 1219 2098 1276 ut
2114 1213 2184 1275 eius

191 1301 319 1386 quidem
354 1321 421 1363 non
455 1300 621 1363 nominat:
661 1299 717 1363 sed
750 1298 896 1380 loquitur
932 1297 971 1362 de
1004 1297 1160 1377 exercitu,

190 1409 286 1471 quem
319 1387 353 1450 in
387 1405 486 1448 manu
519 1383 618 1448 habet
651 1384 690 1448 ad
721 1384 920 1467 Babylonios
953 1382 1160 1466 subigendos.

189 1475 262 1541 Hoc
284 1481 394 1536 autem
416 1490 435 1533 a
458 1470 484 1535 C
511 1490 546 1534 ro
568 1478 600 1533 et
621 1469 726 1534 Dario
758 1470 909 1534 effectum
937 1490 1007 1535 esse
1029 1470 1159 1546 scimus,

188 1559 287 1640 idque
309 1556 460 1639 auspiciis
507 1556 546 1633 ei,
569 1576 589 1618 a
610 1576 674 1636 quc
696 1557 760 1619 iam
783 1555 881 1640 longo
903 1555 994 1635 prius
1016 1563 1160 1637 tempore

190 1643 224 1708 id
247 1641 447 1725 praedictum
475 1647 555 1705 erat.
599 1640 668 1706 Nec
696 1651 821 1705 tantum
852 1640 1027 1723 alloquitur
1048 1662 1104 1705 ecs
1126 1642 1160 1704 in

190 1749 328 1812 quorum
361 1736 535 1808 conspectu
572 1725 653 1790 haec
685 1727 819 1808 impleta
855 1739 948 1804 sunt,
986 1725 1042 1790 ιιι
1080 1725 1160 1790 alios

191 1834 304 1879 omnes
325 1833 406 1894 quos
428 1813 588 1876 sustinere
611 1812 713 1875 voluit
735 1811 898 1876 Dominus
920 1811 982 1876 hac
1004 1833 1061 1896 spe
1083 1812 1160 1876 libe·

192 1900 335 1977 rationis,
369 1917 465 1981 quam
495 1895 586 1961 nulla
614 1898 738 1961 ratione
768 1899 876 1961 animo
907 1899 1077 1979 concipere
1103 1917 1160 1979 po·

192 1985 339 2049 tuissent.
383 1982 540 2065 Captivos
570 1982 656 2046 enim
690 1983 877 2067 compellat,
912 1984 967 2066 qui
994 1983 1075 2047 dura
1104 1983 1161 2045 illa

193 2069 430 2136 Chaldaeorum
454 2068 627 2151 tyrannide
649 2071 794 2151 oppressi
818 2069 908 2132 nulla
930 2071 1057 2133 ratione
1080 2069 1161 2150 cripi

191 2177 285 2240 posse
318 2154 530 2219 videbantur:
572 2154 688 2236 quibus
720 2153 800 2218 haec
832 2155 993 2236 promissa
1025 2153 1162 2218 ridicula

192 2240 296 2307 videri
326 2249 490 2322 poterant,
526 2239 611 2321 quod
635 2239 724 2302 nulla
747 2260 820 2321 spes
844 2238 1077 2320 redemptionis
1100 2239 1160 2302 hn-

193 2347 290 2391 mano
319 2326 436 2389 iudicio
464 2333 644 2406 appareret.
689 2323 754 2388 Ηιι
776 2334 886 2389 ιιιιιι
908 2324 1012 2390 honos
1035 2336 1085 2389 est
1107 2324 1161 2388 de·

192 2411 346 2477 ferendus
369 2408 475 2484 verbo,
498 2419 535 2472 ut
557 2408 725 2472 credamus
748 2431 786 2473 ea
809 2429 891 2491 quae
913 2410 1032 2492 alioqui
1055 2411 1161 2474 incre·

194 2497 306 2562 dibilia
334 2503 427 2560 sunt:
463 2502 498 2557 ut
528 2495 561 2557 in
591 2514 681 2574 spem
716 2505 830 2559 contra
862 2515 952 2578 spem
987 2496 1161 2579 erigamur.

193 2583 283 2648 dalis
312 2580 399 2646 enim
428 2589 478 2644 est
504 2579 554 2644 vis
585 2579 658 2643 fidei
689 2590 725 2644 ut
751 2580 786 2644 in
808 2589 1018 2646 externarum
1052 2602 1160 2645 rerum

192 2676 367 2750 conspectu
401 2666 534 2730 haerere
569 2686 634 2729 non
669 2665 800 2750 debeat,
834 2665 892 2731 sed
924 2687 1023 2750 supra
1055 2667 1162 2732 coelos

193 2754 303 2833 evehi,
335 2750 429 2818 etad
452 2751 560 2815 Deum
591 2770 693 2834 usque
720 2753 827 2834 ipsum
858 2762 1037 2835 penetrare.
1083 2754 1162 2816 Em·

194 2840 322 2921 phatiee
345 2850 455 2901 antem
478 2838 592 2902 asserit
614 2859 648 2901 se
671 2850 803 2921 propter
826 2858 880 2902 eos
903 2838 1031 2903 misisse
1053 2838 1163 2922 Baby-

195 2925 313 2999 lonem,
332 2925 408 3005 quia
426 2943 527 3003 quum
547 2923 680 2986 ambitio
699 2934 733 2986 et
749 2923 954 3005 inexplebilis
972 2923 1162 2988 dominandi

194 3007 358 3091 cupiditas
381 3007 505 3090 Cyrum
528 3006 722 3088 impelleret,
750 3028 786 3073 ac
809 3007 933 3071 multae
955 3016 1064 3072 ιιιιιι
1086 3009 1161 3073 belli

195 3115 320 3169 causae,
344 3090 425 3156 nihil
444 3092 553 3154 minus
572 3091 669 3175 vulgo
692 3092 851 3156 creditum
873 3094 936 3155 fuit
954 3114 1052 3173 quam
1071 3093 1162 3159 illius

195 3177 402 3244 monarchiae
436 3179 530 3240 ruina
559 3197 751 3242 concussum
780 3178 881 3243 fuisse
910 3178 1035 3254 orbem,
1069 3180 1161 3242 utin

193 3265 335 3349 patriam
358 3262 503 3326 redirent
524 3260 640 3325 Iudaei
661 3261 717 3344 qui
739 3271 817 3328 tunc
839 3261 1045 3327 abiectissimi
1071 3271 1163 3327 erant

193 3354 229 3417 in
253 3349 422 3414 hominum
445 3347 556 3412 oeulis.
600 3348 701 3429 Atqui
723 3355 861 3411 testatur
883 3345 975 3412 Deus
998 3370 1032 3412 se
1053 3348 1163 3414 faciles

194 3437 349 3501 daturum
382 3432 535 3498 victorias
566 3432 694 3511 Persis,
728 3443 767 3496 ut
795 3431 966 3498 Orientem
998 3433 1163 3517 subigant,

193 3524 270 3605 quia
290 3520 449 3603 propitius
472 3518 532 3582 erit
552 3538 630 3582 suae
647 3516 811 3584 ecclesiae.
840 3518 913 3584 Hac
930 3519 1056 3583 ratione
1074 3540 1164 3602 prae-

194 3609 282 3672 latur
304 3627 338 3670 se
360 3626 431 3670 esse
454 3603 692 3685 redemptorem
714 3605 835 3686 populi,
859 3614 893 3668 ct
914 3614 1073 3682 sanctum,
1101 3625 1164 3687 quo

194 3693 313 3757 melius
335 3689 529 3774 persuadeat
551 3710 642 3754 caros
664 3688 726 3754 sihi
748 3698 781 3754 et
803 3690 963 3773 pretiosos
991 3711 1062 3755 esse
1083 3711 1165 3771 quos

195 3776 293 3861 elegit
315 3777 348 3839 in
372 3774 526 3858 populum
553 3775 760 3855 peculiarem.
805 3775 896 3840 Haec
919 3784 1029 3839 tamen
1052 3775 1164 3839 viden·

195 3872 249 3927 tur
270 3882 417 3946 pugnare
447 3881 519 3925 cum
550 3860 589 3923 iis
615 3880 696 3943 quae
725 3861 816 3944 prins
839 3860 980 3925 vidimus
1010 3880 1079 3942 cap.
1106 3861 1164 3925 33:

196 3948 267 4013 Vae
289 3948 343 4031 qui
367 3944 543 4029 praedaris,
565 3946 719 4026 quoniam
743 3945 881 4027 praedae
904 3946 969 4011 eris
987 3946 1163 4028 expositus.

196 4032 408 4116 significabat
438 4032 524 4096 enim
552 4031 713 4095 Dominus
742 4052 777 4094 se
806 4031 1030 4097 crudelitatem
1054 4030 1164 4114 Baby·

1211 1296 1354 1362 adventu
1376 1309 1596 1380 expavescant
1618 1298 1785 1377 Chaldaei,
1816 1308 1914 1379 atque
1936 1296 2062 1380 trepide
2084 1294 2184 1362 ιιιιιι

1211 1383 1345 1447 abiectis
1383 1385 1495 1468 fugam
1534 1384 1704 1467 arripiant.
1759 1384 1867 1466 Saepe
1899 1385 1987 1448 enim
2022 1382 2185 1464 contingit

1212 1467 1332 1549 bellum
1353 1470 1474 1551 suscipi
1492 1469 1533 1533 ab
1552 1470 1660 1552 aliquo
1678 1471 1825 1552 principe
1843 1469 2071 1551 potentissimo
2089 1479 2184 1550 atqua

1211 1555 1480 1633 instructissimo,
1509 1556 1683 1622 infeliciter
1715 1567 1822 1620 ιιιιιι
1852 1555 1932 1637 geri.
1976 1554 2091 1635 Quare
2121 1573 2184 1616 non

1211 1641 1291 1704 satis
1320 1650 1392 1703 erat
1413 1640 1539 1723 Cyrum
1569 1663 1643 1707 cunr
1667 1641 1776 1706 valido
1805 1640 1952 1706 exercitu
1982 1640 2088 1718 mitti,
2121 1638 2184 1704 nisi

1212 1745 1347 1809 prosper
1375 1746 1504 1807 quoque
1532 1746 1702 1792 successus
1724 1729 1755 1792 ei
1777 1726 1921 1791 daretur.
1966 1726 2009 1790 Et
2031 1745 2098 1807 quo
2118 1744 2186 1788 me·

1213 1811 1275 1875 lius
1297 1812 1461 1893 exprimat
1483 1811 1594 1893 lugam
1616 1812 1837 1895 praecipitem,
1860 1810 1951 1876 addit
1972 1812 2041 1876 fore
2063 1810 2183 1876 clamo-

1212 1916 1280 1960 rem
1314 1895 1367 1958 vel
1400 1894 1578 1961 tumultum
1617 1900 1649 1961 in
1684 1898 1839 1963 navibus:
1881 1918 1940 1962 nec
1972 1897 2060 1961 enim
2100 1906 2186 1961 terra

1212 1983 1326 2064 fugere
1355 1991 1516 2062 poterant.
1568 1983 1875 2049 Commodissimum
1905 1994 2014 2047 autem
2045 1983 2185 2046 fluvium

1213 2067 1393 2133 habebant:
1434 2089 1550 2149 nempe
1582 2070 1787 2151 Euphratem
1827 2069 2039 2135 coniunctam
2073 2067 2186 2151 Tygri,

1213 2173 1276 2234 quo
1317 2152 1442 2217 facilius
1481 2162 1633 2236 poterant
1671 2156 1821 2220 evadere.
1883 2152 2087 2235 Quanquam
2125 2153 2186 2217 hac

1213 2239 1311 2302 etiam
1333 2239 1368 2301 in
1390 2249 1484 2320 parte
1506 2260 1560 2305 eos
1583 2242 1740 2305 frustrata
1761 2248 1812 2305 est
1833 2261 1892 2305 sua
1914 2241 2025 2322 opinio
2052 2248 2187 2322 propter

1213 2324 1368 2389 siccatum
1392 2324 1530 2389 alveum.

1300 2408 1351 2473 15.
1383 2409 1465 2495 (Epo
1488 2408 1603 2475 chcvc
1631 2410 1785 2498 sancus)
1830 2412 1894 2476 Hic
1917 2431 2032 2475 versus
2060 2408 2186 2473 nullam

1214 2496 1410 2559 sententiam
1429 2498 1589 2561 continet:
1613 2506 1741 2561 tantum
1764 2497 1907 2562 ostendit
1929 2496 2001 2578 quis
2023 2494 2185 2577 loquatur,

1215 2590 1338 2662 quanta
1364 2582 1407 2644 sit
1429 2581 1498 2646 eius
1521 2583 1570 2646 vis
1593 2594 1625 2646 et
1646 2584 1806 2659 maiestas,
1839 2581 1955 2647 deinde
1984 2601 2086 2664 quam
2114 2600 2186 2662 pro-

1214 2686 1335 2747 pensus
1357 2687 1436 2750 erga
1463 2668 1619 2749 populum
1649 2668 1787 2732 electum
1818 2689 1918 2750 amor,
1947 2667 2082 2748 utplus
2104 2685 2186 2749 pon·

1214 2750 1301 2816 deris
1331 2752 1451 2816 haheat
1487 2754 1636 2835 superior
1668 2755 1847 2836 promissio.
1902 2754 1943 2817 In
1976 2772 2107 2818 summa
2137 2764 2188 2816 est

1215 2837 1318 2902 veluti
1357 2838 1500 2921 sigillum
1541 2840 1707 2920 proximae
1746 2840 1943 2915 sententiae,
1983 2858 2049 2920 quc
2084 2839 2187 2920 magis

1214 2931 1321 2987 ratum
1345 2924 1387 2989 sit
1408 2923 1492 3006 quod
1515 2933 1612 2988 antea
1634 2925 1756 2988 dictum
1777 2932 1836 3002 est,
1860 2926 1951 2990 Deus
1972 2924 2097 3007 estqui
2116 2942 2187 3005 prc-

1215 3009 1344 3071 mittere
1366 3029 1400 3072 se
1423 3008 1574 3072 affirmat.
1609 3012 1656 3073 At
1677 3013 1751 3090 quis
1766 3011 1879 3076 Deus?
1903 3009 2045 3076 Sanctus
2066 3018 2186 3087 vester,

1214 3102 1342 3157 creator
1361 3092 1505 3170 Israelis,
1528 3114 1586 3157 rex
1605 3105 1724 3159 vester.
1762 3095 1905 3176 Suades,
1928 3095 2007 3178 quia
2030 3093 2186 3177 populum

1216 3177 1336 3259 delegit
1368 3188 1464 3258 atque
1500 3181 1702 3262 segregavit,
1744 3202 1839 3264 quem
1876 3182 1938 3246 sibi
1970 3188 2186 3246 consecraret

1215 3261 1299 3325 Nam
1330 3260 1391 3328 hcc
1414 3261 1508 3328 titulo
1533 3264 1566 3327 in
1591 3266 1779 3331 memoriam
1810 3277 1940 3333 revocat
1967 3265 2186 3349 adoptionem,

1216 3368 1281 3429 qua
1302 3345 1364 3410 sibi
1392 3348 1599 3428 peculiariter
1628 3351 1714 3433 ipsos
1747 3353 1934 3418 coniunxit:
1967 3361 2006 3417 ut
2027 3373 2105 3416 enm
2127 3350 2187 3416 sibi

1215 3443 1343 3515 patrem
1361 3454 1399 3499 ac
1413 3443 1614 3500 servatorem
1634 3438 1703 3501 fore
1720 3437 1918 3522 intelligant.
1945 3437 2056 3521 Atque
2073 3436 2186 3501 eadem

1217 3519 1340 3582 ratione
1358 3538 1417 3584 nos
1435 3519 1531 3585 hodie
1545 3521 1653 3586 Deum
1672 3533 1820 3588 sanctum
1842 3532 1988 3588 nostrum
2011 3543 2188 3606 agnoscere

1217 3603 1385 3685 debemus,
1414 3606 1491 3687 quia
1513 3627 1574 3670 nos
1596 3609 1784 3692 segregavit
1805 3619 1842 3674 ut
1864 3610 2012 3674 membra
2032 3608 2188 3674 ccclesiae

1217 3709 1376 3754 essemus:
1400 3693 1491 3756 cuius
1514 3693 1562 3756 rei
1583 3695 1737 3759 certiores
1759 3694 1926 3759 reddimur
1946 3716 1989 3759 ex
2009 3695 2187 3760 vocatione

1219 3774 1375 3840 Creatoric
1397 3797 1516 3842 nomen
1535 3798 1600 3842 non
1619 3792 1667 3845 est
1686 3780 1891 3845 referendum
1910 3779 1951 3844 ad
1968 3780 2187 3845 universalem

1217 3860 1422 3937 creationem,
1455 3884 1519 3945 qua
1541 3864 1688 3929 infideles
1711 3866 1809 3930 etiam
1833 3867 2033 3930 formantur:
2067 3863 2188 3929 esdad

1217 3947 1495 4023 reformationem,
1526 3947 1567 4011 ob
1589 3971 1687 4032 quam
1716 3952 1815 4015 ctiam
1839 3971 1991 4016 vocamur
2020 3950 2125 4032 ipsius
2153 3951 2190 4013 τι

1217 4029 1353 4114 ποιημαι
1376 4033 1471 4097 ιιιιιι
1491 4034 1557 4097 iam
1576 4034 1647 4098 aliis
1665 4035 1742 4101 locis
1760 4035 1882 4100 dictum
1902 4044 1961 4101 est
1996 4035 2067 4100 Rea
2083 4039 2191 4101 vate.-

195 4118 358 4184 lcniorum
388 4117 515 4201 ulcisci,
545 4126 643 4198 atque
667 4116 754 4181 vices
777 4117 856 4198 ipsis
878 4115 1055 4201 repondere
1083 4136 1165 4198 quas
1217 4116 1290 4179 Hoc
1313 4115 1444 4196 quidem
1469 4116 1644 4183 absurdum
1668 4122 1856 4186 videbatur:
1890 4143 1950 4186 nec
1979 4122 2067 4187 enim
2095 4121 2191 4205 regni

194 4205 365 4287 promeriti
394 4215 496 4267 crant.
540 4202 637 4266 Nunc
662 4222 741 4265 vero
771 4203 961 4283 pronuntiat
990 4224 1025 4267 se
1048 4203 1165 4268 Persas
1217 4200 1340 4282 species
1374 4202 1566 4283 apparebat,
1608 4225 1668 4270 nec
1699 4206 1875 4289 quidquam
1912 4208 2124 4290 spectabatur
2155 4207 2190 4270 iu

195 4291 339 4366 mittere,
373 4299 412 4352 ut
439 4289 556 4353 liberet
590 4288 745 4370 populum
778 4308 883 4351 suum.
927 4288 1053 4352 Verum
1086 4287 1165 4352 haec
1217 4284 1347 4351 Iudaeis
1367 4287 1430 4350 nisi
1449 4289 1637 4369 probrosum
1657 4300 1690 4354 et
1707 4293 1906 4375 ignominiae
1925 4293 2069 4374 plenum,
2088 4312 2191 4374 quum

194 4377 288 4441 facile
320 4374 483 4440 conciliari
517 4386 670 4456 possunt:
704 4373 854 4455 quamvis
887 4373 974 4435 enim
1004 4372 1165 4438 Dominus
1218 4372 1307 4435 omni
1330 4391 1390 4453 cpe
1412 4383 1445 4436 et
1467 4375 1587 4440 auxilio
1610 4376 1726 4441 nudati
1748 4388 1864 4442 essent.
1909 4376 2049 4443 Dandus
2079 4387 2191 4442 tamen

195 4459 470 4526 animadverteret
498 4460 531 4522 in
555 4457 755 4541 Chaldaeos,
784 4458 882 4522 simul
914 4470 1022 4520 tamen
1052 4456 1165 4538 pepuli
1218 4457 1280 4520 luit
1301 4457 1392 4521 locus
1415 4458 1500 4536 fidei,
1530 4471 1566 4527 ut
1588 4462 1681 4543 regni
1711 4461 1822 4541 huius,
1853 4465 2002 4545 quamvis
2024 4465 2058 4526 ic
2083 4464 2191 4546 specie

196 4548 248 4611 sui
281 4547 440 4611 rationem
472 4544 622 4608 habebat.
677 4544 763 4608 Nam
797 4555 834 4606 ut
863 4540 1070 4624 providentia
1101 4542 1165 4605 Dei
1219 4542 1318 4605 deleti
1340 4552 1438 4623 atque
1462 4564 1591 4624 prorsus
1617 4548 1786 4625 exstincti,
1816 4550 2090 4613 instaurationem
2118 4570 2191 4633 spe·

196 4632 384 4697 extenditur
413 4652 471 4712 per
498 4629 689 4693 universum
722 4629 849 4702 orbem,
882 4629 931 4691 ita
957 4626 1164 4708 praecipuam
1218 4636 1339 4703 rarent,
1362 4627 1532 4711 Deumque
1554 4652 1665 4715 regem
1687 4654 1782 4697 suum
1805 4644 2030 4717 agnoscerent.

196 4719 354 4783 rationem
383 4717 481 4781 habet
509 4715 662 4781 ecclesiae
684 4734 772 4778 suae.
817 4716 926 4794 Atque
951 4724 985 4775 ut
1007 4711 1165 4794 singulari
1306 4713 1356 4776 16.
1390 4710 1458 4796 (Sic
1478 4715 1552 4781 dicit
1575 4717 1713 4802 Ieltcco.)
1756 4718 1882 4783 Iterum
1904 4721 2024 4802 repetit
2053 4730 2092 4785 tc
2114 4741 2190 4787 con·

198 4825 306 4869 amore
334 4802 541 4884 prosequitur
562 4801 690 4875 electos,
721 4801 768 4864 ita
791 4801 900 4861 omnia
922 4798 957 4861 in
981 4817 1090 4861 eorum
1114 4819 1164 4861 sa·
1218 4799 1328 4861 firmat
1358 4798 1441 4879 quod
1471 4798 1589 4883 alioqui
1617 4803 1804 4868 incredibile
1834 4806 1904 4870 suit.
1950 4806 1995 4869 Et
2024 4825 2089 4887 quc
2117 4805 2192 4889 plus

197 4890 299 4954 lutem
322 4887 472 4970 disponit.
518 4885 592 4950 Non
616 4886 736 4949 frustra
761 4884 862 4967 igitur
884 4882 961 4948 dicit
983 4903 1017 4946 se
1039 4883 1165 4946 misisse
1219 4883 1402 4947 autoritatis
1425 4883 1541 4948 habeat
1559 4887 1638 4951 haec
1656 4889 1869 4973 confirmatio,
1892 4891 1998 4955 induit
2016 4912 2191 4973 porsonam

196 4975 340 5057 gratuito
362 4976 473 5038 favore
496 4971 685 5053 impulsum,
713 4971 789 5052 quia
812 4969 910 5033 vellet
941 4987 1075 5031 sucrum
1098 4987 1166 5031 esse
1219 4967 1292 5032 Dei.
1327 4968 1473 5032 Revocat
1495 4982 1602 5035 autem
1627 4973 1734 5053 priora
1757 4973 1912 5040 beneficia
1933 4977 1968 5039 in
1987 4979 2192 5056 memoriam,

197 5073 355 5124 servator.
400 5059 523 5125 Eodem
547 5078 644 5121 sensu
667 5055 816 5137 adiungit
838 5074 897 5119 suc
919 5053 1010 5117 iussu
1034 5051 1165 5117 descen·
1219 5061 1256 5116 ut
1278 5073 1380 5134 quum
1402 5065 1567 5136 potentem
1591 5058 1698 5138 ipsum
1727 5069 1822 5141 atque
1851 5061 2030 5127 beneficum
2061 5067 2192 5146 experti

197 5165 307 5209 suros:
342 5147 416 5227 quia
447 5146 507 5209 etsi
529 5143 649 5207 Persae
677 5163 714 5207 ac
737 5139 827 5204 Medi
856 5138 944 5203 aliud
974 5136 1167 5219 spectabunt
1218 5137 1352 5216 fuerint,
1375 5159 1450 5202 eum
1472 5162 1537 5203 non
1559 5143 1666 5206 minus
1689 5143 1904 5226 inposterum
1927 5147 1989 5212 sibi
2011 5149 2191 5231 propitium

197 5251 309 5296 eornm
331 5239 440 5296 tamen
459 5229 622 5313 expeditio
644 5226 775 5292 coelesti
798 5226 953 5302 instinctu
975 5222 1166 5307 gubernabi-
1218 5222 1288 5287 lore
1311 5232 1465 5303 statuant,
1489 5245 1548 5289 nec
1570 5227 1678 5291 minus
1699 5240 1863 5310 potentem
1883 5231 1923 5296 ιι
1941 5233 2030 5316 ipsos
2053 5234 2193 5300 liberan-
