4784 5970
510 1521 1152 1632 PRAELECTIONES
1199 1524 1287 1632 IN
1334 1524 1752 1634 IEREMIAM.

1028 1742 1232 1751 --—-—.

214 1879 394 1958 Postquam
417 1873 575 1956 expositis
598 1872 766 1939 duodecim
787 1873 953 1956 prophetis
972 1875 1101 1939 minori·
1126 1880 1130 1945 1
1158 1874 1333 1940 admodum
1357 1880 1498 1940 testatur
1520 1893 1612 1940 sacra
1635 1874 1779 1940 historia.
1825 1873 1900 1938 Non
1924 1875 2043 1939 mirum
2069 1875 2131 1960 igi·

129 1967 207 2042 bus,
240 1961 450 2043 pervenimus
481 1958 612 2024 tandem
642 1959 683 2023 ad
713 1961 813 2024 finem
835 1958 1000 2038 Danielis,
1034 1959 1101 2024 iam
1126 1958 1130 2051 l
1159 1970 1213 2024 tur
1236 1969 1284 2024 est
1307 1961 1335 2025 si
1356 1981 1398 2025 ex
1421 1959 1543 2042 templo
1565 1960 1635 2041 ipso
1657 1959 1805 2041 rapuerit
1832 1979 2044 2042 quaeeunque
2073 1982 2130 2043 pa·

129 2049 258 2131 suscepi
280 2047 400 2111 librum
423 2044 582 2110 Ieremias
605 2043 844 2127 explicandum,
873 2043 967 2110 modo
991 2054 1101 2109 tamen
1157 2045 1224 2110 lam
1255 2045 1427 2111 exstabant
1455 2044 1537 2129 legis
1566 2044 1780 2126 exemplaria,
1814 2055 1852 2109 ut
1873 2065 2004 2111 omnem
2032 2066 2131 2111 verae

130 2135 200 2200 vita
227 2139 395 2215 suppetat,
429 2138 461 2193 et
490 2128 585 2194 detur
612 2130 725 2194 ouum.
770 2128 866 2209 Quod
900 2131 927 2196 ei
958 2150 1016 2212 per
1039 2129 1101 2195 Dei
1158 2129 1325 2197 doctrinae
1348 2131 1541 2196 memoriam
1564 2130 1797 2212 exstingueret.
1832 2131 1957 2195 Tamen
1979 2141 2130 2215 repertus

127 2219 269 2303 gratiam
293 2216 394 2281 otium
423 2214 564 2295 dabitur,
593 2214 731 2280 restabit
760 2235 845 2278 unus
868 2236 910 2280 ex
932 2215 1102 2298 prophetis
1157 2216 1218 2281 luit
1240 2215 1321 2281 libor
1342 2216 1399 2297 qui
1422 2216 1563 2281 latuerat
1584 2236 1603 2279 a
1625 2214 1792 2280 sacerdote
1814 2214 1947 2297 Helkia,
1971 2225 2008 2280 nt
2029 2216 2130 2280 etiam

129 2302 293 2382 Ezechiel,
316 2301 366 2367 cui
385 2300 509 2366 utinam
532 2300 703 2383 contingat
725 2301 829 2383 magis
847 2299 986 2366 idoneus
1005 2302 1102 2366 inter·
1156 2301 1224 2366 illio
1252 2302 1400 2366 retertur.
1444 2301 1519 2366 Hoc
1548 2300 1654 2383 primo
1686 2299 1867 2365 notandum
1896 2301 1961 2365 fuit
1982 2300 2023 2365 de
2045 2309 2130 2365 tem·

131 2411 221 2473 pres,
255 2397 292 2453 ut
320 2405 426 2469 spero.
478 2384 648 2465 Quantum
677 2383 717 2449 ad
748 2384 920 2451 leremiam
949 2385 1101 2469 pertinet,
1157 2387 1244 2468 poris
1275 2386 1419 2451 exordio.
1465 2386 1575 2467 Quum
1605 2388 1692 2450 enim
1722 2387 1838 2469 religio
1867 2387 1914 2451 sio
1943 2398 2027 2450 esset
2057 2404 2129 2450 eor·

132 2476 193 2541 hoc
223 2473 328 2557 primo
359 2471 534 2536 observatu
564 2469 699 2554 dignum
730 2479 797 2546 est,
830 2471 977 2553 coepisse
1007 2471 1102 2553 lungi
1128 2496 1131 2507 ¹
1157 2480 1264 2555 rupta,
1287 2482 1320 2537 et
1337 2472 1455 2552 cuique
1473 2492 1532 2554 pro
1551 2471 1686 2536 arbitrio
1709 2471 1821 2537 liceret
1843 2471 2003 2536 fabricare
2023 2472 2130 2536 varios

131 2558 307 2643 prophetae
336 2556 449 2629 nltieio,
480 2566 638 2637 regnanto
668 2554 764 2635 Iosia,
793 2562 827 2619 et
855 2555 986 2638 quidem
1016 2576 1103 2620 anno
1157 2577 1299 2635 errores,
1328 2555 1461 2621 difficile
1489 2570 1522 2621 et
1544 2555 1682 2621 arduum
1713 2577 1833 2621 munus
1862 2557 2019 2622 sustinuit
2040 2556 2129 2620 Iere-

130 2644 354 2710 deeimotertio
377 2640 471 2722 regni
493 2641 572 2704 eius.
605 2639 691 2703 Nam
713 2640 775 2704 etsi
797 2661 856 2704 rex
878 2641 934 2705 ille
954 2642 1102 2706 sincerus
1129 2692 1131 2697 .
1157 2643 1246 2706 miae.
1291 2641 1420 2706 Deinde
1442 2640 1519 2706 finis
1542 2642 1641 2705 etiam
1664 2640 1858 2723 spectandus
1881 2650 1938 2705 est.
1981 2639 2071 2706 Dicit
2093 2659 2129 2704 se

130 2739 203 2794 erat
232 2728 295 2791 Dei
330 2726 451 2807 cultor,
486 2733 594 2788 tamen
625 2745 678 2788 ras
713 2733 792 2789 tune
822 2724 917 2791 valde
950 2727 1103 2790 confusae
1157 2737 1338 2809 atempore
1355 2725 1413 2790 ille
1431 2737 1666 2808 prosequutum
1684 2746 1756 2791 esse
1774 2746 1893 2790 munus
1911 2723 2129 2808 prophetandi

132 2824 235 2879 erant.
276 2813 425 2877 Perierat
446 2811 534 2874 enim
557 2809 640 2874 liber
660 2808 751 2891 legis.
792 2809 845 2874 Ita
866 2818 994 2892 poterat
1017 2813 1103 2894 quis·
1157 2832 1259 2895 usque
1289 2811 1330 2877 ad
1360 2812 1693 2896 transmigrationem.
1738 2811 1828 2894 Ergo
1858 2811 2004 2894 perrexit
2033 2809 2128 2876 annis

130 2921 194 2982 que
218 2918 275 2981 pro
297 2917 357 2961 sua
379 2893 512 2959 libidine
538 2896 661 2978 fingere
684 2894 803 2960 multos
826 2896 942 2978 impios
964 2917 1103 2962 errores.
1157 2896 1375 2980 quadraginta
1396 2896 1431 2959 in
1454 2917 1515 2961 suo
1538 2916 1645 2962 eursu.
1690 2894 1762 2960 Iam
1784 2916 1881 2978 quam
1912 2894 1995 2960 dura
2021 2903 2128 2960 certa·

131 2986 173 3049 In
197 2992 289 3048 tanta
315 2981 445 3047 lieentia
473 2980 609 3044 minime
638 2978 774 3044 dubium
804 2991 867 3056 est,
897 2981 977 3064 quin
1007 2981 1102 3045 multi
1157 2983 1247 3046 mina
1267 2979 1419 3047 obeunda
1445 2981 1494 3046 illi
1517 2981 1640 3046 luerint
1667 2979 1855 3045 videbimus
1884 2982 1918 3046 in
1941 2998 2127 3063 progressu.

133 3070 282 3134 homines
313 3065 494 3131 turbulenti
524 3065 633 3130 eonati
662 3065 785 3130 luerint
818 3076 1007 3148 pervertere
1038 3066 1102 3130 Dei
1157 3067 1224 3133 Sed
1253 3067 1352 3132 etiam
1383 3066 1410 3132 si
1440 3067 1581 3149 populus
1614 3067 1718 3147 magis
1751 3066 1865 3131 fuisset
1898 3065 2027 3142 docilis,
2061 3086 2128 3131 non

131 3155 267 3232 cultum,
290 3162 323 3216 et
345 3172 461 3234 puram
485 3150 683 3215 doctrinam:
706 3154 741 3214 et
762 3151 898 3239 quisque
920 3152 980 3218 sibi
1004 3151 1102 3216 labri·
1157 3153 1264 3235 potuit
1297 3157 1409 3217 tamen
1441 3152 1576 3235 exsequi
1604 3151 1690 3233 quod
1711 3151 1803 3216 Deus
1833 3152 2024 3216 iniunxerat
2057 3153 2129 3218 sine

132 3249 225 3307 catus
248 3239 292 3302 sit
314 3236 433 3301 multas
456 3255 570 3319 nugas.
615 3235 700 3300 Nam
723 3236 752 3299 si
774 3235 898 3301 vellent
919 3235 1102 3302 sacerdotes
1157 3239 1298 3303 maximo
1321 3236 1431 3302 dolore
1460 3241 1494 3303 et
1515 3236 1615 3302 simili
1644 3236 1742 3301 etiam
1771 3235 1887 3302 taedio.
1932 3235 2128 3304 Videbimus

133 3333 219 3390 reete
242 3322 365 3400 docere,
388 3330 457 3386 teta
478 3341 591 3385 eorum
614 3320 750 3386 seientia
772 3320 934 3403 pendebat
956 3342 996 3386 ex
1020 3321 1102 3404 lege.
1156 3324 1243 3388 enim
1277 3322 1375 3406 paulo
1410 3331 1481 3404 post
1513 3322 1617 3404 qualis
1651 3320 1752 3384 luerit
1788 3321 1956 3387 doctrinae
1988 3342 2126 3396 summa,

132 3409 206 3474 Etsi
230 3413 340 3472 autam
364 3405 529 3488 probabile
552 3414 609 3484 est,
638 3427 702 3470 non
726 3425 859 3487 prorsus
880 3407 979 3472 luisse
1002 3407 1102 3472 aboli·
1157 3429 1255 3490 quam
1277 3408 1421 3490 perterre
1441 3408 1549 3471 iussus
1567 3414 1626 3471 est.
1649 3406 1739 3487 Ergo
1759 3426 1858 3487 quum
1880 3424 1940 3488 per
1957 3408 2128 3474 continuos

133 3506 200 3560 tam
237 3495 306 3557 eius
342 3492 550 3568 memoriam,
591 3502 699 3555 tamen
737 3489 907 3554 restabant
943 3491 1103 3556 duntaxat
1157 3492 1376 3576 quadraginta
1409 3511 1512 3556 annos
1545 3488 1694 3555 assiduus
1727 3491 1824 3554 luerit
1854 3491 1888 3553 in
1915 3490 1977 3556 hoe
2006 3491 2128 3571 labore,

133 3578 291 3662 quaedam
314 3577 509 3660 fragmenta,
532 3584 569 3640 ut
590 3586 677 3640 certo
699 3575 852 3659 colligere
875 3595 941 3640 non
960 3586 1101 3657 possent,
1157 3580 1234 3643 hino
1257 3576 1470 3660 perspicimus
1492 3595 1589 3658 quam
1612 3574 1741 3639 heroico
1763 3574 1881 3656 spiritu
1904 3575 2004 3640 luerit
2031 3597 2126 3658 prae·

131 3664 239 3747 qualis
262 3663 344 3727 ratio
366 3663 519 3727 eeclesiae
541 3660 775 3745 gubernandae
804 3659 963 3725 divinitus
990 3662 1104 3726 fuisset
1158 3662 1254 3727 ditus.
1299 3663 1477 3727 (laetarum
1505 3661 1534 3725 si
1562 3658 1777 3741 expendimus
1812 3670 1952 3742 quantae
1985 3671 2125 3743 tempas·

133 3748 264 3813 tradita.
316 3746 401 3812 Nam
431 3746 573 3810 refertur
606 3747 639 3808 in
669 3763 762 3810 saera
795 3744 948 3820 historia,
983 3746 1102 3810 librum
1158 3756 1240 3812 tatas
1260 3748 1422 3811 excitatae
1440 3746 1572 3823 luerint,
1593 3764 1675 3826 quae
1693 3764 1766 3808 eum
1785 3743 1963 3810 delicerent
1978 3767 1996 3811 e
2011 3747 2126 3829 gradu,

133 3835 233 3900 luisse
256 3841 421 3914 repertum
444 3850 531 3894 anno
554 3829 677 3895 decimo
699 3838 814 3895 octavo
835 3829 952 3894 Iosiae.
987 3831 1103 3914 Itaque
1129 3802 1132 3906 l
1156 3835 1222 3896 imo
1245 3832 1472 3897 abstraherent
1501 3850 1634 3912 prorsus
1656 3849 1675 3893 a
1698 3838 1787 3894 recta
1810 3831 1878 3906 vio,
1909 3828 1986 3895 hinc
2008 3832 2129 3898 clarius

132 3941 153 3985 a
182 3926 249 3984 toto
279 3915 493 3998 quadriennio
522 3915 588 3979 iam
618 3912 734 3980 docere
764 3924 915 3997 coeperat
936 3914 1103 3999 Ieremias,
1129 3914 1133 4034 l
1158 3916 1297 4000 fulgebit
1314 3917 1437 3981 invicta
1454 3915 1641 3981 constantia
1659 3916 1759 3979 enimi
1777 3926 1810 3979 et
1827 3915 1888 3980 nali
1906 3916 2017 3999 ipsius,
2041 3916 2129 3999 quod

131 4006 198 4069 imo
221 4001 452 4086 quinquennio.
497 4000 570 4065 Hoc
592 4007 701 4064 autem
727 4000 916 4082 exemplum
944 4001 1024 4066 satis
1048 3999 1103 4066 de·
1158 4011 1270 4066 tamen
1293 4022 1358 4066 non
1382 4001 1505 4066 destitit
1531 4000 1681 4082 prosequi
1706 4000 1851 4073 ,olfieium
1881 4000 1963 4066 illud
1991 4002 2054 4067 sibi
2076 4004 2128 4067 in·

132 4094 294 4155 monstrat
322 4090 446 4170 quanta
475 4086 518 4149 sit
545 4084 715 4150 hominum
744 4085 871 4151 incuria
893 4094 926 4150 et
948 4087 1104 4170 segnities
1129 4038 1133 4179 l
1158 4090 1318 4153 iunctum.
1363 4085 1470 4153 Simul
1503 4087 1601 4150 etiam
1635 4084 1814 4149 notandum
1848 4096 1914 4163 est,
1955 4097 2127 4170 postquam

133 4176 168 4239 in
196 4173 304 4239 studio
334 4172 472 4253 pietatis.
518 4169 665 4235 Iusserat
686 4169 780 4236 Deus
809 4191 866 4252 per
888 4171 1005 4236 Mosen
1037 4191 1103 4237 uon
1129 4202 1132 4277 4
1158 4174 1269 4239 excisa
1291 4172 1353 4236 fuit
1376 4171 1464 4251 urbs,
1487 4181 1520 4236 et
1541 4171 1666 4235 incolae
1688 4169 1868 4235 Ierusalem
1892 4170 2032 4236 traducti
2056 4173 2127 4238 fue·

134 4270 260 4325 tantum
284 4268 394 4323 sancte
418 4268 450 4321 et
472 4255 646 4338 diligenter
668 4256 794 4320 servari
817 4256 849 4319 in
873 4257 995 4338 templo
1020 4256 1103 4339 legis
1159 4267 1239 4323 runt
1271 4258 1304 4321 in
1339 4257 1492 4323 exsilium
1525 4255 1772 4338 babylonicum,
1806 4277 1872 4321 non
1905 4269 2014 4321 mmen
2048 4268 2127 4323 tune

131 4343 311 4425 exemplar,
341 4343 399 4408 sad
421 4342 521 4406 etiam
542 4340 628 4424 apud
652 4341 739 4423 ipsos
767 4361 876 4424 reges:
908 4341 1024 4406 deinde
1047 4341 1103 4406 ad·
1157 4363 1301 4409 cessasse
1319 4343 1501 4407 Ieremiam.
1535 4343 1671 4406 Tractus
1694 4341 1783 4404 anim
1804 4342 1866 4406 luit
1883 4342 1918 4406 in
1931 4343 2127 4425 Aegyptum,

133 4431 239 4495 ditum
273 4429 379 4493 luerat
413 4435 621 4509 praeceptum
650 4436 687 4490 ut
716 4426 807 4490 lestis
835 4427 1024 4492 solennibus
1053 4448 1104 4491 re·
1158 4437 1195 4492 ut
1216 4427 1370 4510 colligere
1392 4434 1578 4509 promptum
1601 4435 1650 4491 est
1672 4446 1712 4489 ex
1737 4428 1802 4490 fine
1825 4427 1910 4502 libri,
1934 4428 2127 4509 praesertim

133 4516 289 4580 citaretur
323 4521 392 4577 tota
423 4513 476 4577 lex
510 4511 638 4594 populo.
695 4508 762 4575 Sed
799 4521 970 4594 postquam
1010 4532 1104 4595 reges
1158 4535 1198 4577 ex
1221 4533 1290 4593 cap.
1313 4512 1366 4588 44,
1395 4513 1460 4577 ime
1488 4513 1559 4593 ipse
1589 4531 1646 4592 per
1668 4511 1735 4576 vim
1764 4512 1842 4576 illue
1872 4513 2026 4593 abreptus
2055 4513 2126 4588 fuit,

133 4606 310 4681 coeperunt
332 4596 508 4662 desciscere
530 4615 645 4663 avero
661 4595 725 4659 Dei
748 4596 847 4674 cultu,
869 4597 996 4662 nullum
1018 4596 1103 4679 apud
1158 4618 1257 4680 quum
1294 4606 1401 4662 temen
1440 4595 1663 4661 maledixisset
1698 4598 1848 4663 omnibus
1880 4597 2029 4678 Iudaeis,
2069 4599 2127 4680 qui

132 4706 188 4750 eos
210 4682 336 4748 exstitit
358 4682 441 4765 legis
463 4682 642 4764 exemplar.
669 4679 818 4746 'landem
841 4683 940 4746 etiam
963 4683 1016 4748 lex
1034 4683 1104 4764 ipsa
1158 4683 1300 4747 latebras
1322 4682 1383 4747 eibi
1405 4681 1437 4745 in
1457 4684 1610 4765 Aegypto
1632 4683 1840 4763 quaerebant.
1881 4681 1971 4746 Dum
1994 4693 2127 4749 coactus

135 4789 267 4852 prorsus
297 4766 471 4831 intercidit.
516 4766 583 4833 Nec
606 4765 742 4831 dubium
764 4774 822 4844 est,
853 4766 934 4849 quin
963 4767 1024 4833 hoo
1051 4787 1102 4832 ae·
1158 4776 1208 4832 est
1229 4768 1298 4849 ipse
1321 4786 1448 4848 quoque
1470 4766 1548 4832 illuc
1571 4767 1738 4849 proficisci,
1761 4771 1889 4849 pot-erat
1909 4766 1970 4832 hoo
1988 4769 2126 4833 multum

133 4853 249 4919 uiderit
277 4873 334 4935 per
363 4851 572 4936 tyrannidem
602 4853 689 4935 regis
713 4851 881 4927 Manasse,
910 4854 964 4935 qui
989 4851 1103 4917 crude·
1158 4851 1340 4918 diminuere
1358 4872 1400 4916 ex
1418 4852 1488 4916 eius
1506 4852 1689 4928 autoritate,
1711 4851 1982 4935 quemadmodum
2006 4854 2128 4918 scimus

135 4940 209 5005 liter
238 4938 354 5003 saeviit
385 4944 453 5001 tam
483 4938 516 5001 in
547 4936 732 5003 sacerdotes
766 4957 865 5018 quam
898 4938 931 5003 in
962 4937 1103 5020 reliquos
1157 4938 1274 5020 impios
1311 4935 1526 5019 undecunque
1559 4938 1706 5020 arripere
1742 4956 1856 5002 ansam
1893 4936 2126 5003 maledicendi:

134 5024 198 5090 Dei
221 5043 342 5089 serves.
387 5022 581 5104 Ubicunque
612 5023 699 5088 enim
729 5022 870 5088 micabat
893 5029 1021 5091 tantum
1044 5022 1102 5087 ali·
1158 5034 1230 5088 erat
1251 5023 1369 5104 aliquis
1391 5022 1556 5103 speciosus
1578 5023 1681 5088 color:
1714 5022 1778 5087 Hic
1807 5021 1929 5086 scilieet
1955 5023 2127 5088 maledixit

134 5129 200 5191 qua
221 5109 363 5176 scintilla
392 5108 537 5191 pietatis,
571 5116 641 5173 erat
670 5109 815 5172 intentus
837 5106 879 5171 ad
900 5106 1024 5184 caedas,
1058 5109 1104 5171 ita
1158 5106 1307 5173 omnibus
1337 5108 1452 5189 quiin
1474 5108 1663 5191 Aegyptum
1697 5106 2001 5190 proficiscebantur:
2036 5109 2127 5191 atqui

134 5203 171 5260 ut
192 5195 311 5262 flueret
340 5194 476 5278 sanguis
504 5215 562 5277 per
589 5202 689 5259 totam
712 5192 963 5277 Ieroselymam,
993 5212 1105 5274 quem·
1159 5194 1322 5258 nuncubi
1345 5192 1495 5258 habitat?
1515 5194 1550 5258 in
1570 5195 1723 5277 Aegypto
1746 5212 1819 5258 eum
1841 5192 1915 5258 aliis
1938 5193 2127 5278 transfugis.

1870 5293 1920 5348 30.
