4784 5970
123 362 187 427 529
858 358 907 425 IN
930 358 1180 424 neaeman.
1225 356 1324 422 OAP.
1348 354 1396 419 11.
2058 359 2128 428 530

121 551 282 634 detegunt
302 569 395 614 snam
422 546 669 630 impudentiam,
698 566 801 630 quum
830 566 945 612 eorum
973 545 1095 629 imprc-
1147 543 1209 610 boc
1232 554 1282 608 est
1310 542 1482 625 servitute,
1516 563 1582 609 nou
1617 551 1726 608 autem
1759 544 1859 610 cultu.
1905 545 2030 611 Putant
2063 546 2125 614 boc

121 636 205 701 bites
222 636 266 699 sit
282 635 317 699 in
336 633 483 698 omnium
500 640 685 715 conspectu,
708 632 770 698 boc
787 639 849 715 est,
866 632 910 696 sit
927 632 973 696 ita
990 630 1096 695 mani·
1147 627 1245 694 modo
1267 648 1302 693 se
1324 647 1395 694 ease
1415 626 1552 710 elapsos.
1598 627 1666 694 Sed
1688 629 1815 694 interea
1835 636 1875 695 nt
1895 628 2012 697 demus
2029 632 2124 715 quid·

121 721 213 800 festa,
243 728 280 784 ut
303 718 402 784 nullis
422 717 583 784 coloribus
606 719 733 800 possint
760 738 833 782 eam
864 723 983 800 tegere.
1028 715 1096 782 Nec
1147 712 1225 797 quid
1248 714 1405 796 afferunt,
1439 723 1548 780 tamen
1571 732 1637 779 nou
1659 719 1817 797 pcterunt
1844 735 1964 799 negare
1991 737 2026 783 se
2050 739 2123 784 ver·

121 815 250 869 tautum
269 802 310 869 de
327 803 428 886 vulgo
445 802 518 886 ipsc
535 803 687 885 loquitur,
705 802 760 868 aad
776 822 876 885 repes,
900 807 929 867 ιι
942 821 1095 885 precam,
1148 811 1216 865 tere
1248 818 1379 881 preces,
1410 806 1443 863 ιι
1477 806 1552 864 vota
1584 797 1727 883 dirigere
1753 799 1794 863 ad
1827 808 1964 865 statuas.
2009 801 2122 882 Quum

120 890 351 967 cruenta,
382 886 601 970 etpropbdua
629 896 776 954 accusat:
805 887 898 970 quasi
926 885 1096 953 dioercta
1147 904 1225 968 ergo
1246 884 1384 949 salutem
1414 883 1583 966 postulant
1612 885 1652 951 ab
1683 885 1762 967 ipsis
1797 886 1929 964 statuis,
1965 886 2122 970 quidquid

121 975 257 1039 minimo
286 994 390 1057 usque
419 973 460 1037 ad
497 974 676 1037 maximnm
705 993 820 1038 omnes
848 973 894 1037 ita
926 993 996 1038 esse
1025 991 1094 1036 cor·
1147 978 1258 1052 postea
1286 969 1499 1049 cavillentur,
1531 970 1663 1052 penitus
1693 971 1903 1053 nugatorium
1931 983 1989 1036 est.
2034 972 2121 1038 Nam

121 1071 243 1143 ruptos,
273 1066 311 1124 ut
341 1059 465 1124 abiecto
494 1057 581 1122 omni
614 1056 747 1140 pudore,
779 1078 859 1140 prae
892 1078 927 1123 se
959 1056 1096 1122 tulerint
1145 1053 1325 1137 prophetae
1347 1074 1411 1118 non
1435 1053 1594 1119 damnant
1615 1066 1788 1120 externum
1811 1064 1955 1139 gestum,
1988 1056 2042 1122 vel
2064 1079 2121 1140 ge-

120 1145 328 1210 maniiestum
350 1154 384 1209 et
406 1163 552 1209 crassum
574 1143 637 1207 Dei
659 1152 892 1226 contemptum,
923 1141 978 1206 ubi
1007 1141 1093 1208 soili-
1147 1140 1377 1216 nnflexiunem,
1406 1139 1457 1205 vel
1480 1140 1562 1205 alios
1584 1141 1666 1205 ritus
1684 1140 1944 1221 caeremoniales,
1966 1142 2123 1224 quemad·

119 1241 171 1296 cet
192 1230 322 1312 sequuti
339 1239 418 1296 sunt
436 1249 495 1293 sua
514 1228 681 1310 figmenta,
703 1233 737 1292 et
756 1227 1013 1310 superstitiones.
1050 1226 1095 1291 lllt
1146 1223 1280 1290 modum
1302 1224 1497 1307 loquuntur,
1526 1226 1581 1291 nbi
1604 1224 1793 1291 idololatras
1823 1234 1986 1292 accusant.
2032 1226 2122 1309 Quid

121 1326 231 1380 tamen
253 1313 388 1379 dubium
419 1333 484 1378 non
514 1323 572 1390 est,
601 1313 678 1395 quin
709 1312 823 1379 multis
849 1310 1094 1393 exceptionibus
1145 1309 1271 1392 igitur?
1293 1330 1411 1392 nempe
1427 1311 1509 1393 qaod
1525 1311 1635 1377 ceant
1651 1312 1775 1389 etataia,
1801 1311 1851 1375 Tu
1868 1331 1900 1376 ea
1912 1317 2006 1394 puter
2022 1333 2122 1391 mane,

119 1401 228 1466 eonati
256 1400 378 1465 suerint
405 1397 521 1463 Iudaei
550 1419 586 1463 se
616 1397 806 1464 defendere:
834 1399 891 1463 sed
920 1397 1012 1463 Deus
1041 1395 1095 1462 bic
1146 1396 1206 1461 hoc
1239 1405 1303 1472 est,
1342 1395 1427 1477 quod
1461 1397 1600 1480 affigunt
1630 1397 1787 1463 virtutem
1818 1395 1883 1462 Dei
1917 1399 2034 1464 statuis
2067 1398 2120 1463 vel

121 1486 254 1551 discutit
275 1504 389 1548 omnes
415 1483 488 1548 illas
517 1483 671 1563 fallacias,
699 1484 817 1567 quibus
848 1482 1006 1565 putabant
1034 1500 1094 1547 ιιι
1145 1480 1275 1564 ligneis,
1310 1479 1362 1545 vel
1386 1480 1530 1563 lapideis.
1575 1480 1713 1547 Certum
1735 1479 1865 1563 quidem
1888 1491 1952 1563 est,
1978 1483 2121 1551 Iudaeos

120 1571 245 1655 flagitia
266 1589 359 1652 posse
381 1570 464 1652 tegi:
494 1573 528 1634 et
555 1568 633 1634 dicit
662 1567 875 1633 nihilominus
904 1588 975 1634 esse
1006 1568 1094 1632 iures
1145 1586 1311 1649 uunquam
1335 1567 1501 1630 demersos
1522 1566 1624 1631 fuisse
1646 1568 1680 1630 in
1704 1567 1795 1631 tanto
1817 1578 1968 1650 stupcre,
2002 1579 2041 1633 ut
2070 1567 2120 1633 di·

119 1656 316 1720 manifestos.
362 1652 539 1721 (laetarum
562 1654 646 1736 quod
670 1653 829 1736 propheta
855 1662 931 1718 ante
955 1653 1092 1730 dixerat,
1144 1651 1241 1716 sertis
1263 1651 1372 1715 verbis
1394 1652 1626 1733 profiterentur
1648 1650 1724 1717 deos
1747 1651 1901 1733 lapideos,
1923 1653 1976 1718 vel
1994 1653 2122 1738 ligneos

118 1739 256 1805 Iudaeos
279 1739 375 1804 aliter
396 1740 545 1821 loquutus
562 1759 644 1816 esse,
667 1749 700 1803 ιι
720 1760 809 1805 ιιιι
824 1738 966 1804 traducit
981 1758 1092 1802 eorum
1144 1755 1215 1801 esse
1237 1734 1300 1801 sibi
1323 1755 1427 1819 pares,
1449 1756 1554 1820 neque
1578 1738 1624 1801 ita
1645 1737 1770 1819 loquuti
1794 1745 1881 1803 sunt.
1917 1738 1988 1804 Neu
2009 1748 2120 1804 tamen

118 1825 373 1908 impudentiam:
405 1824 484 1888 haec
506 1825 593 1888 intur
614 1845 649 1888 se
672 1845 737 1889 nou
761 1824 954 1905 discrepant,
984 1822 1091 1905 quoad
1144 1820 1361 1885 calumniatur
1390 1841 1444 1886 ecs
1477 1821 1650 1904 propbeta,
1685 1842 1786 1904 quum
1817 1821 1907 1888 hunc
1934 1842 2119 1889 sermonem

119 1931 264 1975 sensum.
319 1908 492 1993 Negabant
524 1906 639 1973 Iudaei
672 1930 706 1973 se
737 1929 807 1974 esse
837 1918 1009 1990 apostatas,
1041 1908 1092 1974 vel
1143 1905 1208 1969 illis
1231 1904 1402 1971 adscribit:
1429 1906 1484 1971 sed
1508 1907 1781 1987 quemadmodum
1805 1927 1846 1971 ex
1868 1908 1941 1971 aliis
1964 1908 2044 1974 locis
2066 1929 2119 1973 sa-

119 1995 268 2076 perfidos,
291 1995 343 2059 vel
367 1994 548 2060 deseruisse
575 1994 699 2060 uultum
722 1992 801 2058 Dei:
831 1994 997 2075 negabant
1018 2015 1092 2058 ver·
1144 1990 1186 2055 tis
1204 1991 1290 2056 clare
1308 2001 1406 2073 patet,
1429 1991 1608 2074 prophetae
1626 1993 1732 2073 potius
1750 1992 1942 2074 expendunt
1964 1994 2120 2060 affectum

119 2081 179 2163 bis,
213 2079 270 2145 sed
300 2080 354 2144 ubi
391 2100 478 2145 nuno
511 2078 670 2161 propheta
702 2077 850 2161 producit
882 2079 916 2141 in
949 2077 1092 2143 medinm
1143 2096 1240 2157 quam
1264 2076 1375 2140 verba.
1419 2076 1504 2140 Nam
1528 2076 1658 2154 Iudaei,
1687 2096 1788 2158 quum
1810 2097 1846 2141 se
1875 2087 2120 2160 prosternerent

118 2167 264 2246 ipsorum
287 2164 534 2247 impudentiam,
563 2185 629 2228 non
652 2163 721 2247 agit
742 2163 882 2245 amplius
912 2161 952 2228 de
974 2163 1091 2228 vorbis.
1144 2181 1253 2225 coram
1281 2162 1415 2239 statuis,
1449 2160 1533 2225 idem
1563 2164 1704 2244 agebant
1733 2161 1819 2244 quod
1851 2162 1946 2227 bodie
1968 2163 2118 2246 papistas

118 2249 294 2316 Habebunt
312 2251 398 2313 enim
418 2248 548 2313 fallaces
568 2269 643 2315 suos
662 2257 861 2332 praetextus,
883 2247 1093 2330 quemadmo·
1143 2266 1242 2329 agere
1271 2246 1428 2311 videmus.
1474 2247 1637 2311 Dicebant
1665 2268 1701 2312 ac
1729 2247 1836 2312 colere
1865 2269 1968 2312 vinum
1998 2249 2119 2327 Deum,

118 2334 198 2399 dum
229 2346 304 2400 ιιιι
339 2335 461 2401 dictum
493 2334 571 2398 fuit:
605 2333 661 2399 sed
693 2354 763 2398 rem
795 2334 900 2416 ipsam
934 2333 1092 2416 propheta
1144 2341 1178 2394 et
1199 2330 1240 2396 ab
1268 2331 1340 2414 ipso
1369 2332 1512 2396 salutem
1545 2341 1673 2414 petere:
1708 2330 1766 2397 sed
1798 2334 1924 2398 interea
1958 2335 2121 2415 putabant

117 2441 205 2486 nunc
227 2421 337 2498 sumit,
370 2429 404 2485 et
437 2418 515 2484 dicit
549 2440 603 2485 eos
636 2419 781 2502 improbe
813 2427 848 2484 et
882 2419 1093 2501 pervicaciter
1145 2417 1299 2481 virtutem
1330 2415 1393 2480 Dei
1422 2417 1581 2481 inclusam
1611 2437 1682 2482 esse
1711 2419 1746 2481 in
1775 2417 1840 2483 illis
1869 2420 1995 2483 statuis.
2040 2419 2120 2485 Ideo

117 2504 190 2571 Deo
212 2507 373 2581 resistere,
396 2507 444 2569 ita
465 2512 503 2569 ut
524 2524 637 2569 eornm
656 2504 827 2587 desperata
848 2505 891 2569 sit
912 2504 1038 2568 malitia
1059 2511 1092 2568 et
1145 2501 1305 2578 dicebant,
1331 2502 1381 2565 Ta
1398 2507 1536 2583 capoten
1552 2521 1648 2582 mene,
1669 2507 1704 2566 tn
1720 2523 1768 2566 me
1783 2505 1934 2586 penulati:
1955 2504 2003 2569 ita
2020 2506 2120 2569 etiam

116 2591 303 2656 obstinatio.
349 2591 446 2656 Nunc
468 2591 627 2671 sequitur,
1145 2587 1240 2650 bodie
1263 2588 1417 2669 pupistae.
1464 2587 1500 2652 si
1523 2588 1654 2668 quisse
1677 2598 1863 2670 prosternat
1879 2608 1987 2652 coram
2010 2598 2121 2654 statua

1145 2671 1330 2750 (laterinae,
1353 2672 1406 2735 vel
1429 2671 1667 2754 christophori,
1698 2672 1783 2737 dicet
1805 2673 1905 2738 Pater
1931 2681 2057 2739 noster:
2090 2676 2119 2740 si

203 2793 256 2862 27·
279 2793 426 2858 Diem
447 2794 540 2875 hym,
571 2791 667 2857 Pater
687 2813 773 2858 meus
803 2798 836 2857 tu
865 2791 942 2876 (hoo
964 2800 1024 2872 est,
1055 2800 1092 2856 tu
1144 2757 1233 2856 volet
1262 2756 1323 2821 boc
1350 2777 1525 2855 excusare,
1560 2757 1644 2856 dicet
1664 2758 1742 2856 'fieri
1772 2759 1807 2821 in
1836 2755 1993 2823 bonorem
2023 2761 2120 2824 unius

116 2901 152 2942 0⁸
174 2888 268 2976 utu
286 2884 403 2957 mauu·
427 2878 581 2959 crapas,
607 2878 805 2978 catana
822 2899 870 2943 ιθ
887 2877 929 2979 (a
945 2878 1092 2961 “gamm
1143 2840 1732 2992 litaitlrltttltltttlll
1756 2842 1801 2992 li
1830 2852 1974 2992 itit?
1987 2864 2119 2994 allii!

117 2983 176 3061 ¹³⁰?
190 2979 218 3062 .’²
238 2984 264 3026 ⁵¹
284 2974 392 3062 amm
413 2985 470 3046 ΡΜ
487 2976 513 3028 ³³
538 2972 573 3027 ω
590 2973 731 3062 gimmm
748 2963 830 3049 n⁰⁸)’
847 2967 1093 3062 qumvemm
1144 3032 1255 3077 mures
1277 3012 1378 3076 Pater
1399 3021 1520 3078 noster.
1564 3012 1611 3076 llt
1632 3012 1767 3077 minime
1793 3010 1929 3078 dubium
1959 3024 2010 3078 est
2060 3017 2119 3079 nin

116 3048 195 3112 creabi
226 3068 371 3114 vervecem
401 3048 545 3133 (dorsum
570 3048 624 3111 alrv
648 3059 790 3126 vertunt,
815 3051 867 3113 vel
891 3047 1092 3133 posteriora),
2038 3035 2058 3098 q

115 3139 144 3198 et
173 3154 235 3198 mm
266 3133 399 3214 faeiem,
433 3133 475 3199 1„
503 3139 637 3213 tempore
669 3138 772 3198 amm
800 3135 990 3200 calamitum
1016 3153 1094 3199 me
1145 3098 1240 3196 hodie
1263 3099 1307 3163 sit
1327 3098 1466 3162 crassior
1487 3098 1674 3180 superstitio
1696 3099 1732 3162 in
1755 3108 1889 3198 papatu,
1917 3119 2016 3182 quam
2039 3110 2119 3166 tnnc

1144 3185 1246 3247 fuerit
1267 3181 1353 3264 apud
1375 3181 1523 3248 Iudaeus.
1567 3182 1677 3265 Atque
1700 3191 1737 3246 nt
1759 3182 1822 3249 boc
1842 3183 1977 3248 sileatur
1999 3184 2039 3250 de
2061 3207 2119 3269 pa·

115 3220 218 3284 dm
239 3218 314 3305 (¹¹⁰⁰
337 3232 395 3302 ⁰⁸⁸²
420 3217 557 3302 ‘fimi’
581 3216 690 3300 SW’
713 3223 852 3285 mma
873 3239 938 3284 '¹⁰⁸'
1167 3269 1238 3334 istis
1292 3267 1358 3332 uod
1381 3268 1504 3334 scilicet
1526 3267 1778 3332 demurmurunt
1799 3290 1894 3332 suum
1917 3269 1999 3334 illud
2018 3270 2120 3336 Pater

201 3330 253 3395 28·
278 3329 323 3394 Ei
343 3330 397 3394 nbi
418 3334 492 3395 timi
512 3329 560 3392 dii
581 3329 638 3408 iub
669 3348 745 3409 dmi
764 3329 868 3410 fssissii
888 3330 972 3394 ilbi-²
1015 3330 1092 3395 sur·
1144 3289 1386 3418 goselinum
1409 3355 1527 3418 statuis
1549 3352 1762 3436 quibuslibet:
1796 3362 1907 3417 tamen
1938 3354 2017 3418 dnm
2039 3374 2119 3419 oon·

114 3420 192 3513 9(ῑηῖ
213 3436 257 3479 ‘m
277 3420 398 3512 Sisimi
417 3420 445 3480 ιθ
462 3415 696 3514 ,mimmii
717 3415 765 3479 iul
786 3414 862 3498 (¹¹⁰⁰
878 3425 929 3478 ⁰⁸⁸
947 3416 1093 3480 ⁰sffi0t50·
1145 3449 1279 3504 vertunt
1299 3447 1375 3503 vota
1397 3459 1457 3503 sua
1479 3438 1519 3502 ad
1542 3447 1676 3513 statuas,
1701 3457 1767 3501 non
1791 3437 1925 3506 dubium
1949 3448 2007 3516 est,
2037 3440 2118 3520 quin

117 3523 168 3601 ¹13⁸
193 3510 278 3581 ‘¹12⁰’
301 3508 396 3564 ⁸¹⁰¹¹i¹
419 3497 639 3598 liminium
660 3499 828 3565 Simmiam
855 3519 1019 3565 ”umerum
1040 3520 1092 3564 W·
1144 3524 1283 3606 affigant
1303 3523 1369 3587 illic
1390 3522 1455 3587 Dei
1478 3523 1642 3587 virtutem.
1676 3523 1749 3586 Hoc
1770 3522 1874 3604 igitur
1897 3544 1985 3588 nunc
2003 3533 2119 3588 tenen·

115 3585 201 3650 bium
222 3591 349 3651 5¹⁴an
369 3584 498 3666 [aarum
519 3585 567 3650 ἅθ’
588 3589 637 3649 im
659 3582 811 3650 siluisti·
1144 3608 1221 3672 dum
1245 3617 1310 3683 est,
1344 3628 1409 3671 non
1437 3616 1565 3672 tantum
1595 3607 1745 3672 damnari
1775 3605 1927 3685 Iudaeos,
1961 3609 2119 3690 quoniam

100 3691 119 3729 ⁸
1144 3693 1292 3758 suffitum
1316 3692 1453 3757 fecerint
1473 3691 1579 3768 idolis,
1603 3691 1654 3756 vel
1672 3691 1831 3757 sacrificia
1849 3691 2037 3771 obtulerint,
2059 3694 2118 3761 sed

202 3778 268 3841 Hic
290 3778 355 3841 iam
378 3781 551 3844 confirmat
572 3778 734 3861 propbeta
752 3777 838 3860 quod
854 3780 948 3861 prius
964 3778 1093 3843 dixerat
1144 3779 1220 3860 quia
1253 3776 1479 3842 transtulerint
1512 3777 1649 3862 gloriam
1685 3777 1748 3840 Dei
1785 3777 1827 3841 ad
1866 3788 1993 3843 statuas
2031 3800 2118 3858 suas,

117 3863 158 3927 de
180 3863 344 3927 obstinata
366 3863 477 3944 populi
501 3863 635 3928 malitia.
671 3862 827 3928 Ostendit
848 3865 949 3946 igitur
971 3885 1006 3928 se
1024 3883 1091 3928 non
1144 3884 1245 3944 quum
1274 3863 1397 3927 scilicet
1426 3872 1576 3944 peterent
1602 3861 1694 3927 illine
1722 3861 1873 3929 salutem.
1917 3861 2119 3947 Quanquam

117 3951 242 4013 frustra
267 3947 389 4011 dixisse
418 3947 516 4012 nimis
546 3968 654 4013 crassa
683 3969 756 4013 esse
784 3949 932 4030 ipsorum
961 3948 1091 4027 seelera,
1144 3958 1252 4013 cutem
1275 3946 1337 4013 hcc
1360 3968 1423 4011 nou
1446 3947 1544 4012 fiebat
1573 3948 1696 4030 apertis
1725 3948 1849 4026 verbis,
1878 3948 2039 4031 propbeta
2065 3950 2120 4019 bic

118 4055 177 4099 nee
201 4052 294 4116 posse
316 4031 393 4097 ullis
414 4031 542 4098 cavillis
564 4034 724 4098 excusari.
768 4033 889 4100 Dnnnt
916 4036 1012 4113 enim,
1043 4035 1091 4097 in·
1143 4033 1296 4118 producit
1316 4035 1350 4097 in
1374 4032 1516 4097 medium
1537 4054 1707 4115 perversos
1726 4052 1839 4097 eorum
1859 4033 2007 4117 affectus,
2031 4033 2119 4118 quod

116 4120 195 4202 quit,
218 4118 311 4266 igno,
337 4118 387 4183 Tu
408 4138 441 4182 es
457 4122 551 4198 peter
572 4138 668 4198 macc,
691 4124 720 4184 et
740 4119 853 4199 lapidi,
886 4119 936 4183 Ta
956 4119 1092 4201 pennati
1143 4121 1266 4185 scilicet
1288 4139 1352 4183 non
1375 4119 1541 4182 erexerint
1562 4127 1687 4184 mentes
1706 4127 1739 4182 et
1760 4138 1875 4185 sensus
1893 4140 1968 4185 suos
1987 4141 2120 4187 sursum

117 4225 173 4269 mc.
254 4204 282 4268 is
304 4203 414 4268 verbis
436 4203 592 4286 intelligit
614 4204 772 4286 propbeta
800 4203 1019 4269 idololatriam
1046 4205 1092 4270 ita
1144 4204 1185 4269 ad
1208 4204 1327 4277 Deum,
1350 4202 1407 4269 sed
1431 4204 1477 4267 ita
1498 4205 1645 4269 conversi
1669 4203 1791 4269 suerint
1812 4203 1853 4269 ad
1876 4213 2010 4272 statum.
2055 4207 2120 4272 Pc-

119 4290 220 4353 iuisse
242 4298 422 4372 grassatam
445 4290 478 4352 in
503 4289 621 4370 populo
643 4288 716 4368 illo,
744 4294 782 4354 ut
804 4290 912 4372 palam
935 4289 1091 4354 transfer·
1143 4299 1215 4356 ιιιι
1236 4290 1393 4372 sequitur,
1423 4288 1585 4354 Venerunt
1606 4289 1687 4353 mibi
1708 4290 1857 4354 aaronem
1873 4295 1901 4357 ιι
1916 4310 1981 4356 non
1995 4293 2119 4372 facicm,

119 4385 194 4438 rent
217 4375 284 4438 veri
300 4373 362 4438 Dei
378 4372 535 4438 bonorem
552 4374 593 4438 ad
612 4383 737 4439 statuas
759 4395 844 4453 suas,
868 4376 937 4440 sive
954 4375 1090 4457 ligneas,
1142 4375 1260 4459 inquit.
1315 4373 1407 4440 Deus
1440 4375 1493 4439 his
1527 4374 1635 4441 verbis
1668 4375 1788 4438 iterum
1826 4376 2000 4440 confirmat
2031 4377 2119 4459 quod

118 4458 188 4523 sive
211 4457 363 4540 lapideas.
397 4458 571 4524 (laetarum
591 4458 645 4524 bic
659 4457 819 4541 propbeta
835 4459 986 4543 designat
1004 4461 1090 4542 quod
1142 4461 1235 4545 prius
1254 4460 1345 4539 dixit,
1364 4481 1482 4543 nempe
1500 4461 1697 4542 apostasium
1715 4459 1814 4538 illam,
1834 4460 1886 4526 vel
1905 4460 2118 4527 delectionem

118 4544 263 4609 maxime
274 4542 466 4609 detestabile
478 4554 527 4609 est
538 4545 572 4608 in
585 4543 779 4625 idololatria,
791 4565 907 4628 nempe
921 4544 975 4609 ubi
987 4555 1092 4611 trans·
1143 4548 1244 4612 luisse
1266 4547 1370 4629 magis
1392 4553 1554 4628 apertam,
1586 4565 1683 4627 quam
1707 4555 1743 4610 ut
1771 4555 1881 4628 posset
1910 4547 2011 4612 lucari
2042 4546 2120 4614 ullis

118 4632 221 4694 scitur
250 4628 355 4692 honor
377 4628 440 4693 Dei
473 4629 513 4694 ad
547 4640 689 4707 statuas,
723 4649 788 4695 non
823 4639 952 4696 tantum
986 4631 1092 4710 quoad
1143 4630 1314 4698 coloribus.
1359 4630 1477 4696 Postea
1499 4630 1604 4708 addit,
1642 4630 1760 4696 Tanna
1781 4629 1873 4716 (nam
1895 4631 2012 4713 copula
2032 4645 2042 4698 t
2064 4630 2120 4700 bic

118 4723 290 4779 externam
313 4715 560 4793 caeremoniam,
585 4716 639 4781 ubi
655 4715 1093 4798 scilicctgonuafleotuntur
1145 4715 1240 4781 debet
1262 4714 1382 4780 resolvi
1409 4716 1443 4779 in
1474 4714 1731 4796 adversativam,
1763 4714 1889 4801 ιιιιιι)
1920 4717 1957 4780 in
1987 4721 2121 4800 tempore

117 4820 228 4865 coram
252 4798 378 4876 statuis,
400 4798 456 4863 scd
480 4800 535 4864 ubi
557 4801 646 4865 salus
667 4801 833 4883 expetitur
855 4800 896 4866 ab
918 4801 1009 4883 ipsis.
1046 4801 1093 4865 Et
1143 4799 1326 4883 afflictionis
1350 4820 1427 4866 auce
1454 4801 1569 4877 dicent,
1604 4800 1705 4884 Serpa
1732 4807 1761 4868 et
1787 4822 1878 4867 aaron
1906 4820 1973 4867 noe.
2023 4803 2120 4867 Deua

119 4884 179 4950 boc
202 4882 379 4967 diligenter
407 4884 584 4949 notandum
615 4895 678 4952 est:
713 4906 788 4951 nam
819 4888 965 4969 papistae
996 4884 1092 4951 hodie
1143 4885 1197 4952 hic
1218 4885 1442 4967 conqueritur,
1469 4884 1609 4952 Iudaeos
1631 4887 1730 4952 nimis
1751 4906 1923 4969 perperam
1946 4885 2038 4952 abuti
2060 4907 2120 4953 sua

118 4971 215 5034 etiam
239 4971 266 5034 si
290 4990 324 5035 se
347 4977 557 5050 prosternant
577 4991 688 5036 coram
710 4971 779 5037 suis
801 4971 938 5054 picturis
965 4977 1000 5036 et
1027 4979 1091 5036 sta·
1143 4971 1309 5050 facilitate,
1331 4968 1417 5053 quod
1439 4968 1563 5036 scilicet
1584 4970 1624 5036 ad
1647 4972 1755 5053 ipsum
1778 4981 1962 5048 accurrant,
1985 4972 2041 5038 ubi
2063 4993 2119 5039 co·

119 5055 201 5120 tuis:
236 5063 346 5118 tamen
369 5052 424 5119 ubi
454 5064 664 5135 premuntur,
697 5077 765 5122 ιιι
793 5064 975 5141 agnoscunt
1004 5055 1093 5123 bunc
1143 5059 1192 5143 git
1214 5077 1268 5122 eos
1291 5057 1424 5141 gravior
1446 5054 1555 5138 aliqua
1577 5056 1769 5123 necessitas:
1794 5056 1882 5135 Quid
1906 5057 1987 5122 mibi
2010 5056 2119 5124 vobis·

118 5141 242 5204 [οιιιιι
265 5137 475 5204 idololatriae.
521 5138 646 5206 Dicunt
667 5163 702 5207 se
723 5143 830 5208 colere
855 5149 995 5219 statuas,
1025 5163 1090 5210 non
1143 5165 1226 5224 cum,
1249 5140 1378 5225 inquit?
1402 5162 1459 5206 vos
1481 5139 1602 5207 addicti
1620 5142 1700 5206 estis
1719 5142 1838 5206 vestris
1857 5141 1970 5209 idolis:
1994 5145 2120 5212 vocatis

118 5223 223 5305 latria,
247 5222 521 5308 quemadmodum
544 5225 731 5308 loquuntur,
758 5227 815 5294 sed
837 5235 967 5292 tantum
991 5226 1090 5308 dulia,
1141 5230 1199 5295 illa
1221 5238 1331 5312 patres
1353 5235 1489 5306 vestros,
1513 5236 1547 5292 et
1569 5226 1752 5292 adscribitis
1769 5225 1836 5292 illis
1854 5226 1971 5295 salutis
1989 5237 2119 5297 vestrae

224 5327 335 5385 Caluini
350 5343 445 5397 opera.
475 5327 533 5382 Vol.
551 5327 712 5383 XXXVIL
789 5320 792 5324 ⁴
1879 5329 1916 5384 34
