4784 5970
203 374 265 441 297
1066 376 1217 445 CAPUT
1239 375 1331 444 LVI.
2132 381 2196 448 298

204 586 268 629 nus
291 565 324 630 in
347 566 482 632 ecelesia
511 567 578 631 sint
606 565 758 631 habituri.
804 566 945 632 Videtur
973 577 1082 631 autem
1113 567 1173 632 hoc
1226 587 1263 630 ao
1285 566 1421 631 florebit.
1466 567 1564 650 lmpii
1588 590 1708 633 nomen
1734 571 1884 633 suumin
1909 568 2113 636 hocmundo
2141 594 2221 638 ces

205 650 299 716 modo
320 659 473 718 externas
496 662 600 729 notas,
632 651 748 735 quibus
770 653 846 718 solis
868 652 1094 736 gloriabantur
1116 651 1173 716 Iu·
1225 650 1345 717 lebrari
1368 653 1491 728 volunt,
1515 663 1548 718 et
1562 655 1668 719 famae
1683 673 1761 720 suaa
1777 655 1961 733 consulunt,
1984 666 2022 720 ut
2039 660 2195 724 memoria

205 735 287 817 daei,
309 737 343 800 iu
367 737 505 803 nihilum
529 737 694 821 redigere:
715 741 791 821 quia
813 759 917 803 novae
934 739 1088 804 ecclesiae
1106 759 1173 804 non
1226 739 1368 802 nominis
1391 759 1503 803 sorum
1526 752 1681 823 perpetua
1703 759 1773 803 esse
1796 742 1912 821 possit:
1942 742 1998 806 sed
2021 743 2141 808 caduca
2162 756 2195 808 et

205 831 350 907 externa,
373 824 429 889 sed
451 823 634 907 spiritualis
655 834 705 889 est
724 823 883 909 dignitas,
917 834 950 889 et
979 824 1091 889 fideles
1120 834 1173 889 ut·
1226 836 1456 889 momentanea
1478 834 1537 890 est.
1583 831 1627 890 At
1650 826 1746 909 longe
1776 825 1942 891 diversum
1972 837 2021 892 est
2049 827 2111 895 hoc
2137 850 2194 894 no·

205 929 332 991 cunque
366 911 465 976 nullis
499 909 644 993 polleant
682 911 867 994 insignibus
899 930 1008 975 coram
1043 910 1174 991 mundo,
1226 929 1318 973 men:
1354 930 1412 975 nos
1434 912 1521 975 onim
1544 911 1643 977 eflicit
1666 910 1822 975 haeredes
1845 914 1938 995 regni
1968 914 2128 994 coelestis,
2156 922 2195 979 ut

204 994 269 1059 imo
292 997 469 1080 contempti
492 999 559 1061 sint
588 1007 684 1077 atque
712 997 937 1080 ignominiosi,
972 1015 1079 1061 coram
1103 997 1173 1060 Deo
1225 1015 1334 1060 coram
1356 995 1482 1079 angelis
1504 996 1564 1061 filii
1583 998 1646 1062 Dei
1665 1016 1864 1063 censeamur.
1900 998 2075 1064 Possemus
2097 1000 2193 1065 etiam

203 1085 314 1145 tamen
348 1082 519 1148 excellent.
567 1080 639 1146 Iam
673 1082 730 1147 uhi
762 1104 836 1148 oum
871 1081 995 1147 sabbati
1028 1080 1173 1146 custodia
1224 1081 1436 1164 interpretari
1460 1094 1555 1149 nunu
1583 1093 1681 1167 prout
1714 1103 1832 1147 nomen
1865 1083 1949 1165 quod
1984 1084 2121 1149 habetur
2153 1105 2195 1150 ex

204 1164 420 1232 obedientiam
444 1165 590 1251 penitet
619 1167 878 1233 observationem
907 1167 1065 1247 foederis,
1097 1166 1173 1232 hino
1224 1166 1311 1232 filiis.
1357 1167 1518 1232 Homines
1541 1171 1629 1232 enim
1651 1169 1793 1233 filiorum
1816 1171 2051 1252 propagatione
2074 1190 2193 1236 nomen

203 1250 354 1335 colligere
376 1264 562 1336 promptum
586 1260 643 1330 est,
671 1273 771 1335 quum
795 1254 956 1320 hactenns
978 1252 1017 1317 de
1040 1253 1173 1317 sabbato
1225 1272 1319 1317 sunm
1343 1253 1580 1334 quodammodo
1602 1265 1806 1339 perpetuant.
1852 1253 1926 1319 Hoc
1948 1275 2066 1320 nomeu
2096 1258 2194 1341 longe

202 1334 356 1419 loquutus
378 1346 443 1416 ast,
474 1360 539 1403 non
567 1339 719 1423 frigidam
741 1341 978 1406 caeremoniam
1001 1349 1172 1422 spectasse,
1225 1338 1436 1404 excellentius
1460 1339 1527 1403 lore
1550 1341 1721 1422 promittit.
1765 1338 1831 1419 Sed
1854 1341 1995 1422 priorem
2019 1343 2192 1423 expositio·

203 1422 259 1488 sed
294 1424 468 1505 perlectam
502 1426 716 1490 sanctitatem.
772 1425 835 1491 Ubi
870 1427 989 1489 iterum
1027 1424 1172 1491 iniicitur
1224 1444 1299 1487 nem
1322 1426 1412 1507 sequi
1435 1424 1531 1489 malo.

202 1509 352 1574 fraenum
374 1510 452 1575 filiis
474 1509 555 1594 Dei,
589 1531 630 1574 na
660 1510 783 1595 alegis
805 1515 1006 1594 praescripto
1029 1511 1079 1576 vel
1102 1523 1172 1575 tan·
1310 1510 1339 1575 6.
1363 1509 1481 1595 (Filios
1503 1509 1719 1593 alienigenae.)
1752 1507 1845 1574 Idem
1864 1511 1981 1593 repetit
1998 1513 2083 1594 quod
2102 1513 2193 1597 prins

203 1594 310 1659 tillum
334 1594 512 1662 declinent:
546 1597 709 1679 quianon
732 1598 935 1679 permittitur
965 1596 1028 1661 illis
1050 1597 1170 1681 eligere
1224 1594 1361 1673 dixerat,
1385 1597 1493 1660 Deum
1509 1609 1699 1680 aperturum
1716 1596 1899 1676 promiscue
1914 1597 2064 1662 omnibus
2079 1600 2193 1682 templi

202 1680 287 1762 quod
310 1682 416 1746 visum
440 1682 556 1760 fuerit,
590 1681 647 1746 sed
671 1683 755 1763 quod
780 1683 870 1747 Deus
892 1683 954 1748 sibi
984 1682 1110 1764 placere
1133 1704 1171 1748 ao
1224 1683 1319 1761 iores,
1342 1692 1379 1745 ut
1394 1681 1486 1747 nulla
1503 1683 1546 1747 sit
1564 1680 1703 1763 amplius
1714 1680 1827 1746 Iudaei
1840 1690 1872 1745 et
1884 1681 2002 1747 Graeci
2019 1683 2192 1751 distinctio.

201 1765 330 1850 probari
354 1766 534 1833 denuntiat.
580 1765 692 1848 Quare
714 1776 779 1831 tam
803 1768 965 1833 simulatio
994 1788 1093 1850 quam
1120 1771 1170 1832 in·
1224 1767 1369 1851 Adiungi
1404 1778 1512 1832 autem
1546 1767 1699 1850 intelligit
1730 1767 1801 1831 Deo
1835 1787 1916 1849 quos
1949 1768 2010 1833 sibi
2043 1770 2195 1836 conciliat

154 1888 158 1901 .
201 1852 425 1918 consideratus
448 1854 536 1919 aelus
559 1851 612 1918 hic
635 1853 820 1932 damnatur,
853 1852 907 1918 nbi
930 1852 1023 1917 Deus
1045 1865 1079 1917 et
1101 1854 1169 1936 pla·
1224 1853 1450 1935 perverbum,
1481 1852 1566 1936 quod
1589 1854 1756 1917 vinculum
1781 1861 1829 1917 ast
1851 1865 1981 1918 nostrae
2003 1856 2192 1938 adoptionis.

201 1938 266 2004 uita
299 1959 359 2003 sua
391 1939 583 2003 commentis
616 1938 787 2003 hominum
822 1940 973 2024 opponit,
1015 1948 1048 2003 et
1080 1939 1172 2004 iubet
1224 1940 1334 2020 Atque
1356 1938 1437 2003 haec
1458 1937 1663 2020 desponsatio
1685 1951 1736 2003 ast
1758 1939 1791 2001 in
1816 1939 2035 2004 misericordia
2057 1953 2090 2002 et
2112 1942 2193 2006 lida:

200 2022 315 2088 foedus
337 2044 434 2089 suum
457 2026 541 2089 serio
565 2025 774 2105 apprehendi.
1224 2025 1315 2088 cuius
1345 2025 1495 2088 meminit
1522 2024 1650 2089 Hoseas
1683 2024 1789 2106 eapite
1820 2025 1959 2089 secundo
1989 2023 2033 2108 (v.
2059 2027 2099 2091 19
2121 2029 2193 2115 sq).

286 2109 317 2175 b.
340 2108 398 2194 (Ei
418 2111 499 2175 dabo
520 2110 627 2192 ipsis.)
670 2110 734 2175 Hic
757 2109 908 2177 videmus
928 2110 1078 2195 patefieri
1101 2131 1170 2174 om·
1224 2109 1327 2174 Porro
1349 2130 1414 2173 nou
1438 2109 1532 2173 modo
1553 2111 1673 2175 atrium
1697 2108 1762 2173 illis
1784 2110 1947 2188 concedit,
1977 2112 2096 2194 inquo
2119 2114 2193 2177 ado·

202 2195 314 2273 uibus,
348 2197 479 2261 tametsi
511 2195 673 2279 indignis,
707 2196 832 2261 aditum
863 2197 897 2261 in
925 2217 1065 2280 regnum
1096 2195 1169 2260 Dei.
1223 2205 1298 2259 rent
1330 2205 1366 2257 ut
1399 2195 1476 2260 olim
1510 2195 1601 2277 plebs
1635 2194 1774 2272 solebat,
1816 2195 1872 2259 sed
1906 2195 2053 2260 ordinem
2088 2200 2192 2282 magis

202 2280 329 2346 Alludit
350 2293 459 2346 autem
483 2281 523 2345 ad
547 2281 790 2365 lerosolymam,
813 2291 847 2347 et
869 2283 1027 2363 templum
1050 2283 1085 2345 in
1107 2303 1170 2364 qno
1223 2281 1438 2346 honorificum
1459 2280 1524 2345 illis
1548 2281 1711 2358 attribuit,
1745 2289 1782 2344 ut
1811 2301 1870 2364 pro
1897 2281 2118 2348 sacerdotibus
2140 2284 2192 2348 val

200 2367 366 2431 Dominus
387 2376 546 2433 statuerat
574 2367 764 2432 memoriam
795 2369 845 2433 sui
875 2368 1024 2432 nominis.
1068 2367 1109 2431 Iu
1133 2387 1170 2431 eo
1223 2366 1351 2431 Levitis
1378 2367 1469 2431 Deus
1492 2376 1647 2450 agnoscat
1669 2365 1725 2450 qui
1747 2377 1822 2430 ante
1845 2369 1970 2448 profani
1989 2379 2090 2432 arant.
2126 2367 2193 2436 Sed

203 2464 312 2517 autem
336 2452 426 2518 locus
448 2454 570 2517 nemini
593 2452 740 2531 dabatur,
764 2464 991 2535 praeterquam
1014 2454 1092 2519 solis
1114 2453 1170 2516 Iu·
1224 2452 1386 2517 notandus
1419 2464 1469 2516 est
1500 2454 1575 2516 finis
1609 2452 1789 2517 vocationis
1822 2453 1876 2535 qui
1917 2474 1992 2517 mox
2029 2456 2191 2538 sequitur:

204 2538 309 2604 daeis:
343 2545 440 2622 atque
470 2539 627 2621 pollutum
658 2539 901 2604 existimassent
934 2539 1108 2622 templum,
1142 2539 1169 2603 si
1223 2540 1375 2619 quoniam
1400 2537 1461 2601 hac
1483 2538 1554 2622 lega
1578 2536 1641 2602 Dei
1664 2539 1831 2603 ministros
1853 2538 1923 2602 fora
1946 2538 2025 2604 dicit
2054 2552 2089 2604 ut
2119 2540 2191 2605 dili·

203 2625 277 2707 quis
299 2646 316 2690 e
338 2626 492 2709 gentihus
513 2626 549 2688 in
572 2623 604 2686 id
626 2624 795 2707 ingressus
817 2633 912 2688 esset.
953 2624 1048 2689 Unde
1071 2625 1170 2688 etiam
1194 2618 1198 2684 l
1223 2634 1304 2705 gant
1322 2625 1391 2687 eius
1408 2642 1538 2688 nomen.
1570 2623 1636 2688 Hic
1654 2645 1731 2707 ergo
1749 2623 1970 2687 excluduntur
1988 2624 2191 2708 hypocritae:

204 2712 315 2793 gravis
349 2711 508 2774 tumultus
548 2709 706 2774 adversus
740 2710 880 2774 Paulum
920 2711 1080 2774 excitatus
1121 2719 1171 2772 est
1223 2710 1375 2790 quonlam
1398 2709 1459 2773 hoc
1481 2710 1688 2774 coniunctum
1713 2708 1811 2772 habet
1833 2710 1960 2773 vocatio
1991 2722 2028 2773 ut
2050 2711 2192 2776 Domino

203 2795 291 2877 quod
324 2796 566 2861 incircumcisos
596 2816 633 2859 eo
667 2794 823 2859 duxisset.
878 2796 974 2860 Nunc
1007 2795 1170 2860 Dominus
1223 2796 1423 2873 serviamus,
1445 2795 1541 2877 idque
1565 2805 1713 2876 prompto
1736 2793 1838 2856 animi
1860 2795 1978 2858 affectu
1999 2805 2033 2858 et
2054 2795 2190 2862 liberali.

202 2882 385 2965 promiscue
418 2880 561 2945 admittit
590 2901 670 2962 quos
702 2881 795 2963 prins
827 2880 966 2946 arcebat.
1015 2882 1059 2944 Et
1091 2900 1170 2945 sane
1223 2879 1343 2944 Nullus
1365 2880 1450 2943 enim
1474 2879 1537 2944 Dei
1560 2880 1669 2943 cultus
1691 2898 1761 2943 esse
1783 2889 1891 2960 potest
1917 2881 1979 2943 nisi
2002 2878 2191 2963 obsequium

202 2967 333 3032 sustulit
356 2966 418 3032 hoc
445 2967 634 3049 discrimen,
670 2966 746 3030 dum
776 2986 853 3045 nos,
887 2968 942 3049 qui
967 2967 1170 3050 alienigenae
1225 2965 1445 3029 voluntarium
1470 2984 1507 3030 ao
1529 2975 1715 3047 promptum
1738 2964 1791 3028 sit.
1824 2964 1869 3028 Et
1890 2964 1974 3046 quod
1997 2965 2037 3030 de
2055 2965 2191 3032 eleemo-

202 3074 347 3132 eramus,
380 3053 413 3116 in
437 3051 610 3134 templum,
642 3051 705 3116 hoo
726 3060 788 3129 est,
822 3053 857 3116 in
886 3053 1054 3118 ecclesiam
1077 3072 1169 3117 suam
1223 3052 1313 3136 synis
1342 3050 1478 3128 dicitur,
1512 3050 1650 3114 hilarem
1681 3050 1825 3113 datorem
1856 3050 1947 3134 diligi
1978 3072 1997 3115 a
2028 3051 2116 3133 Deo,
2150 3054 2189 3118 ad

201 3138 393 3203 introduxit.
433 3139 482 3202 lla
504 3149 610 3201 autem
634 3158 700 3200 non
723 3138 999 3204 circumscribitur
1022 3138 1170 3222 angustis
1222 3157 1335 3201 omnes
1358 3137 1444 3201 vitae
1466 3150 1573 3218 partes
1596 3135 1830 3201 accommodari
1859 3135 1970 3200 dehet:
2003 3149 2041 3201 ut
2068 3139 2191 3204 cultum

201 3225 266 3289 illis
289 3224 431 3288 Iudaeae
453 3222 588 3298 finibus,
618 3232 653 3285 ut
675 3222 768 3286 olim:
803 3224 859 3288 sed
882 3237 1019 3289 extensa
1041 3234 1091 3288 est
1113 3245 1170 3306 per
1223 3223 1294 3287 Deo
1315 3222 1537 3286 voluntarium
1561 3222 1782 3286 exhibeamus.

201 3311 390 3375 universum
414 3309 582 3373 mnndum.
626 3322 658 3374 't'
680 3309 837 3391 accipitur
860 3308 912 3375 hic
934 3331 992 3392 pro
1019 3309 1102 3388 looo,
1133 3317 1170 3373 ut
1307 3307 1476 3392 (Quisquis
1497 3308 1651 3393 anhelii.)
1694 3308 1820 3372 Iterum
1842 3306 1968 3372 sabbati
1991 3309 2191 3374 mentionem

154 3475 156 3479 Α
201 3417 296 3477 saepe
318 3396 407 3460 alias.
452 3395 570 3459 Posset
591 3392 691 3457 etiam
714 3396 815 3478 accipi
839 3415 896 3476 pro
924 3397 1095 3459 autoritate
1118 3395 1170 3460 vel
1221 3394 1307 3473 facit,
1329 3395 1422 3459 cuins
1444 3394 1576 3457 nomine
1599 3392 1742 3457 diximus
1764 3392 1956 3457 universum
1979 3393 2042 3458 Dei
2068 3396 2189 3459 cultum

128 3546 132 3552 ,
201 3482 360 3564 potentia:
385 3481 460 3563 quia
482 3479 664 3543 evehantur
685 3481 721 3544 in
743 3480 880 3544 eandam
904 3480 1108 3564 dignitatem,
1133 3492 1171 3545 ut
1222 3478 1464 3562 comprehendi.
1518 3478 1559 3542 In
1596 3480 1666 3543 eius
1700 3488 1807 3541 autem
1848 3477 2073 3543 observatione
2105 3481 2192 3562 qnod

201 3567 258 3631 filii
280 3566 344 3630 Dei
368 3566 558 3630 habeantur.
1221 3585 1385 3629 summum
1407 3576 1477 3629 erat
1495 3584 1514 3626 a
1532 3564 1649 3646 populo
1668 3562 1902 3646 negligebatur.
1938 3564 2085 3628 Externa
2102 3565 2189 3629 enim

286 3650 421 3736 (Nomen
449 3649 584 3735 melina)
628 3649 751 3731 Quaeri
782 3660 903 3733 potest,
934 3671 975 3715 au
1005 3651 1170 3716 Dominus
1222 3649 1426 3715 caeremonia
1454 3649 1600 3714 contenti
1627 3650 1797 3713 veritatem
1826 3649 2035 3729 omittebant,
2069 3649 2102 3713 id
2129 3659 2189 3731 est,

200 3748 367 3820 comparet
389 3736 527 3801 Iudaeos
556 3737 611 3818 qui
642 3749 720 3802 tuno
748 3737 781 3800 in
812 3736 947 3801 ecclesia
973 3747 1067 3801 erant
1096 3756 1169 3800 cum
1222 3733 1480 3799 emendationem
1515 3735 1614 3798 vitae.
1670 3733 1726 3798 Sic
1757 3740 1865 3797 autam
1898 3735 1986 3815 ipsos
2026 3736 2190 3817 quiescere

200 3822 352 3887 fidelibus
374 3843 454 3905 quos
476 3827 587 3903 postea
607 3823 641 3885 in
664 3843 777 3886 eorum
800 3821 906 3887 locum
931 3831 1089 3888 accersat:
1118 3823 1169 3886 val
1221 3819 1351 3886 volebat
1374 3819 1545 3898 Dominus,
1569 3829 1605 3882 ut
1628 3820 1668 3885 ab
1690 3820 1777 3883 omni
1796 3819 1918 3884 scelere
1937 3828 1970 3884 et
1990 3822 2135 3904 nequitia
2157 3832 2190 3887 et

200 3907 345 3972 futurum
368 3907 477 3990 populi
500 3917 640 3986 statum,
673 3928 745 3973 cum
772 3914 859 3971 statu
890 3907 977 3972 illius
1004 3908 1168 3990 temporis.
1221 3926 1336 3970 manus
1366 3918 1398 3969 et
1425 3917 1552 3970 mentes
1582 3905 1793 3970 abstinerent.
1839 3903 1883 3968 Et
1908 3906 2079 3988 amplexas.
2123 3909 2189 3974 Hic

201 3993 286 4059 Nam
309 4004 434 4057 certum
455 4001 505 4056 est
527 3993 643 4057 melius
666 3992 763 4057 hodie
786 4014 905 4058 nomen
929 4014 999 4058 esse
1022 3993 1168 4077 gentium
1221 3992 1370 4056 ardorem
1392 3998 1424 4056 st
1446 3991 1661 4056 constantiam
1685 3993 1841 4076 exprimit
1862 4011 1973 4055 eorum
1992 3993 2047 4074 qui
2065 4015 2100 4057 se
2118 3994 2189 4059 Deo

200 4099 297 4162 quam
332 4078 542 4159 Iudaeorum,
576 4079 630 4158 qui
659 4089 790 4161 propter
818 4078 1046 4143 infidelitatem
1074 4099 1168 4143 suam
1220 4078 1413 4152 subiiciunt,
1446 4086 1478 4141 et
1512 4077 1692 4142 adhaerent
1721 4077 1830 4142 verbo.
1883 4077 1972 4160 Ergo
2001 4078 2029 4142 si
2060 4079 2188 4145 loedere

200 4166 314 4231 resecti
337 4173 430 4229 sunt:
455 4184 513 4228 nos
536 4183 615 4226 varo
637 4164 670 4226 in
694 4184 805 4228 eorum
825 4165 930 4228 locum
946 4166 1168 4242 successimus,
1220 4163 1382 4229 coniuncti
1404 4182 1517 4228 sumus
1540 4163 1619 4239 Deo,
1646 4183 1706 4227 nos
1728 4165 1796 4228 eius
1818 4170 1947 4227 tenaces
1969 4184 2040 4229 esse
2061 4172 2094 4229 et
2115 4166 2189 4249 piae

201 4259 356 4333 tanquam
378 4249 509 4315 oleastri
532 4249 621 4312 insiti
645 4250 679 4312 in
702 4250 819 4314 bonam
844 4250 981 4316 olivam:
1016 4250 1167 4333 quemad·
1220 4247 1385 4313 doctrinae
1417 4249 1554 4313 firmiter
1582 4248 1717 4314 haerere
1746 4255 1890 4331 oportet,
1925 4269 1966 4312 ne
1994 4249 2062 4314 ullo
2091 4251 2187 4317 modo

200 4337 332 4400 modum
366 4336 412 4399 ait
444 4334 571 4400 Paulus
603 4333 711 4419 (Rom.
736 4336 787 4415 11,
805 4334 869 4420 24).
919 4337 1033 4401 Posset
1066 4336 1168 4419 igitur
1220 4333 1316 4398 avelli
1339 4333 1380 4397 ab
1402 4334 1473 4415 ipso
1496 4344 1553 4398 aut
1575 4332 1734 4400 dimoveri
1757 4334 1928 4416 possimus.

200 4420 254 4485 hio
284 4442 354 4486 esse
388 4442 517 4501 sensns,
550 4421 717 4484 eunuchos
749 4433 783 4485 et
815 4422 1016 4505 alienigenas
1050 4421 1167 4485 melius
1306 4420 1335 4482 7.
1369 4418 1451 4504 (Hos
1472 4419 1651 4503 dducam.)
1696 4419 1787 4484 Idem
1812 4421 1966 4502 exprimit
1993 4420 2046 4485 his
2076 4420 2187 4503 loquu-

199 4527 317 4571 nomen
351 4505 534 4583 habituros,
568 4525 666 4588 quam
697 4506 782 4572 filios
809 4519 841 4571 ct
871 4507 1079 4584 domesticos,
1113 4507 1167 4588 qui
1220 4505 1363 4571 tionibus
1386 4504 1471 4588 quod
1494 4506 1584 4587 prius
1606 4504 1743 4588 dixerat,
1774 4505 1982 4588 alienigenas,
2011 4505 2065 4588 qui
2095 4507 2186 4589 prins

198 4592 292 4658 velut
314 4592 475 4674 peculium
500 4590 562 4657 Dei
590 4592 731 4657 luerunt.
776 4591 843 4657 Sed
873 4593 959 4658 malo
986 4593 1080 4657 aliter
1110 4613 1167 4656 ex·
1220 4590 1477 4656 excludebantur
1498 4592 1538 4657 ab
1561 4591 1695 4656 ecclesia
1717 4590 1797 4669 Dei,
1832 4590 1873 4655 ad
1895 4611 1967 4654 eam
1990 4591 2116 4656 vocari:
2148 4604 2187 4657 ut

198 4700 335 4761 ponere,
369 4698 483 4759 nempe
513 4678 668 4742 maiorem
699 4677 843 4743 fidelium
874 4679 1065 4763 dignitatem
1099 4678 1166 4742 iore
1220 4677 1392 4742 discrimen
1415 4677 1668 4742 circumcisionis
1690 4687 1722 4741 et
1744 4677 1903 4761 praeputii
1922 4677 2073 4759 deinceps
2091 4677 2185 4742 tolla·

198 4763 259 4830 sub
282 4763 413 4830 Christo
436 4783 531 4843 quam
554 4764 614 4828 sub
636 4762 708 4846 lage
728 4763 801 4829 fuit.
846 4764 1165 4829 Praestantissimum
1219 4772 1281 4827 tur.
1326 4762 1410 4827 Nam
1434 4762 1514 4828 haec
1535 4763 1574 4826 ad
1596 4763 1777 4846 proselytos
1800 4763 1914 4827 referri
1944 4784 2009 4826 non
2039 4774 2185 4847 possunt,

198 4870 318 4915 nomen
341 4848 524 4912 habuerunt
546 4851 767 4929 patriarchae,
802 4871 900 4932 quum
928 4858 1054 4935 patrem
1076 4851 1165 4915 invo·
1219 4849 1273 4931 qui
1305 4869 1363 4931 per
1395 4849 1671 4913 circumcisionum
1702 4848 1938 4931 coaptabuntur
1966 4849 1999 4911 in
2029 4849 2186 4931 populum

198 4937 303 5020 canqt
325 4936 448 5010 Deum,
481 4933 574 5015 eique
597 4934 725 4999 foedere
746 4937 910 5001 coniuncti
940 4938 1074 5001 fuerint:
1109 4936 1164 5000 sed
1219 4936 1298 5001 Dei:
1320 4953 1381 4998 nec
1402 4935 1489 4998 enim
1511 4932 1545 4998 id
1568 4955 1689 4999 novum
1713 4944 1771 4999 aut
1792 4934 1959 4999 insolitum
1982 4934 2105 5014 fuisset,
2128 4935 2185 5000 sed

198 5021 300 5086 multo
323 5019 451 5104 plenius
473 5019 575 5083 effusa
598 5028 648 5084 est
668 5020 703 5084 in
727 5043 784 5086 nos
806 5021 870 5086 Dei
894 5024 999 5106 gratia
1020 5020 1165 5087 adventu
1217 5029 1358 5086 testatur
1381 5019 1622 5102 propagandam
1646 5042 1717 5086 esse
1738 5021 1877 5104 gratiam
1901 5020 1964 5082 Dei
1994 5039 2051 5102 per
2079 5029 2184 5085 totum

198 5105 338 5173 Christi:
372 5127 472 5189 qnare
500 5104 603 5168 multo
630 5107 852 5190 praestantius
882 5110 916 5173 in
946 5110 1016 5191 ipso
1047 5129 1165 5172 nomen
1218 5107 1345 5173 orbam:
1369 5104 1454 5189 (pund
1476 5104 1548 5169 fieri
1571 5127 1637 5171 non
1652 5115 1765 5189 potest,
1788 5106 1851 5169 nisi
1872 5112 2091 5189 aggregentur
2108 5127 2184 5190 gen-

197 5194 285 5257 naoti
319 5212 442 5259 sumus.
486 5190 614 5256 Nomen
646 5191 707 5257 boo
733 5199 917 5275 perpetuam
948 5199 1057 5271 vocat,
1090 5196 1167 5277 quia
1217 5204 1266 5258 tes
1287 5192 1427 5270 Iudaeis,
1451 5197 1489 5256 ut
1510 5189 1596 5256 idem
1617 5213 1734 5276 eorpus
1753 5192 1947 5256 efficiantur.
1980 5190 2053 5257 Hoc
2075 5198 2184 5257 antem

196 5279 353 5362 scriptum
377 5286 428 5344 est
449 5279 483 5343 in
506 5279 612 5356 coelis,
636 5277 690 5343 ubi
713 5281 850 5346 saeculis
871 5280 1022 5346 omnibus
1044 5281 1167 5364 vigebit
1191 5312 1193 5346 ι
1218 5277 1333 5344 accidit
1352 5277 1478 5343 sublato
1494 5277 1679 5343 discrimine
1695 5277 1856 5361 praeputii
1875 5278 2184 5343 etcircnmcisionis.
