4784 5970
126 381 168 447 69
982 379 1131 445 uAPuu
1152 377 1266 444 XLII.
1373 379 1374 383 ’
2079 389 2121 455 ἹΟ
2190 396 2193 401 ’

122 571 190 637 ulla
212 571 325 635 auxilii
347 571 453 652 speeie
476 589 591 652 passus
614 568 730 633 fuerat.
765 567 971 632 Tantundem
994 567 1095 650 igitur
1146 587 1227 649 quae
1257 567 1350 633 nobis
1379 570 1545 653 inoognita
1573 579 1652 635 sunt
1679 572 1831 638 deelaret.
1885 573 1968 637 Nam
1998 573 2120 656 alioqui

123 658 211 722 valet
244 678 281 721 ao
310 655 438 739 prodire
468 656 502 718 in
533 653 675 718 medium
705 654 857 720 ferendae
887 654 957 736 opis
987 672 1095 731 eausa,
1146 653 1242 736 louge
1271 668 1319 718 est
1350 655 1414 718 alia
1436 657 1518 719 ratio
1541 655 1670 721 amandi
1694 655 1784 722 Deo:
1814 656 1928 742 idest,
1959 660 2119 743 integrior

123 744 207 826 quod
238 742 324 807 idem
353 739 565 823 sequentibus
595 740 777 805 confirmat.
822 739 906 803 Nam
930 738 1014 822 quod
1037 759 1095 802 ex·
1147 749 1177 802 et
1200 739 1372 820 perfeetior
1394 761 1491 823 quam
1514 741 1712 808 homiuibus.
1750 745 1793 807 lar
1816 745 1964 826 quamvis
1986 753 2120 827 superet

123 827 349 894 oandeseentia
382 827 454 891 Deo
487 826 657 902 tribuitur,
696 837 735 889 ut
768 840 923 908 tanquam
958 824 1095 889 bellator
1146 824 1309 889 humanos
1331 846 1443 890 omnes
1466 827 1612 908 effeetus,
1644 828 1725 892 nihil
1749 842 1860 894 tamen
1882 829 1982 895 habet
2004 830 2118 895 turbu·

123 924 234 978 eontra
262 914 372 978 hostes
401 914 519 976 irruat:
553 911 783 976 similitudines
812 925 889 976 sunt
917 911 1095 992 anthropo·
1147 910 1280 975 lentum.
1310 909 1484 976 Caeterum
1500 913 1597 976 simul
1613 930 1727 979 notare
1743 915 1846 980 voluit
1863 916 2117 999 redemptionem

123 999 281 1083 pathioue,
307 998 427 1081 quibus
458 997 640 1062 deelaratur
670 996 760 1062 nobis
782 998 914 1061 firmum
938 996 1094 1060 auxilium
1146 995 1265 1077 populi,
1296 997 1437 1077 speeiem
1463 998 1626 1080 quandam
1657 1012 1768 1081 partus
1796 1003 1873 1077 fore,
1903 1022 1967 1083 quo
1996 1002 2118 1066 seirent

123 1085 196 1159 Dei,
220 1086 384 1149 cuiusvis
409 1084 528 1166 alioqui
553 1083 976 1147 nonsatisnosaffioeret.
1015 1080 1094 1146 Sese
1145 1081 1258 1145 Iudaei
1288 1082 1473 1163 sepulerum
1504 1084 1565 1147 sibi
1588 1083 1656 1149 fore
1679 1106 1736 1167 pro
1760 1096 1866 1151 utero:
1896 1096 1993 1169 atque
2016 1088 2062 1151 ita
2083 1087 2118 1151 iu

124 1172 225 1254 igitur
258 1170 298 1234 ad
327 1170 458 1252 eaptuni
491 1181 639 1234 nostrum
670 1167 905 1247 accommodat,
939 1167 1093 1250 quemad·
1145 1166 1251 1231 media
1291 1168 1463 1250 putredine
1501 1190 1592 1251 spem
1626 1170 1740 1236 salutis
1773 1173 1989 1254 eoneiperent.
2045 1173 2118 1236 Etsi

123 1257 256 1322 modum
285 1276 380 1338 saepe
410 1256 532 1319 dietum
561 1266 626 1319 est:
657 1267 693 1318 ut
722 1257 859 1319 seiamus
882 1265 1002 1335 quanto
1025 1275 1091 1317 ser·
1145 1263 1253 1317 autem
1288 1253 1409 1335 absque
1449 1255 1558 1319 dolore
1600 1268 1631 1319 et
1672 1256 1752 1321 nixu
1787 1269 1865 1321 tuno
1898 1257 1960 1321 sibi
1994 1259 2119 1340 peperit

124 1341 223 1407 randi
252 1343 354 1406 nostri
385 1341 491 1406 studio
520 1341 641 1415 ardeat,
671 1352 704 1404 et
734 1360 832 1422 quam
854 1340 988 1422 indigne
1011 1340 1094 1402 ferat
1146 1360 1263 1402 novam
1294 1340 1472 1422 ecelesiam,
1503 1362 1567 1423 quo
1589 1352 1698 1406 tamen
1721 1343 1859 1426 gratiam
1883 1344 2033 1407 suumin
2058 1344 2119 1409 hae

124 1429 192 1510 pios
226 1427 328 1510 affligi
361 1437 394 1490 et
425 1427 576 1509 opprimi:
613 1426 729 1489 deinde
761 1447 857 1507 quam
882 1423 1093 1490 formidabilis
1145 1427 1347 1490 renascentia
1367 1425 1481 1490 melius
1500 1427 1713 1503 commendet,
1738 1449 1801 1491 nou
1818 1428 1875 1492 abs
1893 1450 1926 1492 re
1942 1427 2117 1493 clamorem

124 1515 167 1578 sit
196 1515 265 1577 eius
294 1512 474 1590 iracundia,
504 1513 629 1593 quoties
657 1511 696 1575 ad
720 1532 863 1593 pugnam
887 1532 921 1574 se
944 1512 1092 1592 aooingit.
1146 1511 1284 1575 feminae
1326 1513 1538 1592 parturientis
1577 1513 1615 1575 ad
1658 1533 1693 1576 se
1733 1514 1894 1579 transfert.
1950 1512 2116 1593 Quoniam

124 1599 262 1680 Semper
291 1611 398 1663 autem
430 1597 574 1662 notanda
602 1610 651 1662 est
673 1597 827 1679 temporis
850 1597 1093 1662 oireumstantia
1146 1610 1253 1660 eutem
1283 1596 1461 1661 similitudo
1489 1597 1545 1661 illa
1577 1600 1788 1679 parturientis
1818 1598 1939 1681 aliquid
1970 1600 2117 1664 minuere

124 1705 221 1766 quam
251 1684 412 1766 speetavit
441 1683 609 1765 propheta,
640 1682 679 1747 ad
711 1703 806 1765 quam
837 1684 916 1747 haee
939 1682 1093 1747 vaticinia
1146 1691 1273 1762 poterat
1304 1683 1343 1747 de
1373 1684 1540 1747 maiestate
1567 1700 1599 1746 et
1630 1685 1774 1765 potentia
1796 1684 1869 1760 Dei,
1901 1685 2039 1748 alterum
2063 1685 2118 1749 hie

124 1770 356 1836 aeeommodari
384 1768 511 1834 debent.
557 1769 641 1833 Nam
671 1789 771 1850 quum
803 1771 965 1851 mugisse
988 1768 1093 1850 magis
1146 1768 1297 1831 affeetum
1329 1767 1507 1852 adiungere
1537 1768 1642 1833 voluit
1669 1771 1835 1852 propheta.
1881 1769 2051 1850 Quantum
2075 1769 2117 1834 ad

125 1855 297 1921 ferocirent
336 1854 459 1932 hostes,
503 1856 683 1935 miseroque
724 1852 841 1935 populo
880 1853 1092 1918 insultarent:
1146 1874 1286 1917 umorem
1311 1855 1420 1936 igitur,
1443 1853 1557 1919 similis
1581 1858 1677 1919 matri
1697 1877 1767 1920 esse
1790 1855 1927 1920 dieitur:
1956 1863 2117 1938 quantum

123 1942 213 2005 aliud
243 1943 375 2005 omnino
408 1943 459 2022 pio
481 1939 754 2006 considerandum
778 1949 856 2016 erat,
888 1960 984 2022 quam
1009 1937 1093 2020 quod
1145 1939 1184 2002 ad
1209 1942 1397 2022 potentiam,
1420 1939 1536 2003 similis
1559 1940 1645 2003 leoni
1669 1954 1726 2004 aut
1748 1942 1884 2025 giganti.

122 2027 223 2092 oeulis
251 2027 454 2091 intuebatur:
489 2037 587 2108 atque
609 2024 818 2090 statuendum
840 2027 922 2090 satis
944 2046 1014 2090 esee
1037 2046 1094 2107 po·
1232 2025 1281 2089 15.
1305 2023 1361 2109 (Iu
1382 2025 1601 2111 solitudinem.)
1637 2025 1809 2108 Signifioat
1826 2027 1985 2110 propheta
2003 2046 2116 2090 omnes

122 2113 244 2176 tentiae
280 2114 349 2177 Deo
388 2114 428 2175 ad
462 2112 660 2195 subigendos
694 2112 819 2189 hostes,
860 2120 898 2175 ut
930 2112 1018 2192 ipsos
1051 2131 1093 2174 ex
1146 2111 1342 2175 munitiones
1372 2120 1405 2174 et
1433 2111 1550 2192 eopias,
1581 2111 1700 2193 quibus
1723 2113 1904 2176 efferuntur
1925 2113 2026 2193 impii,
2054 2113 2117 2175 im·

124 2219 235 2262 eorum
258 2219 356 2261 mauu
380 2198 529 2281 eriperet.
574 2197 643 2262 Nee
665 2203 794 2262 tantum
819 2196 925 2261 exsilii
949 2210 1093 2279 tempore
1145 2195 1330 2277 pedimento
1359 2217 1422 2260 non
1454 2197 1520 2260 fore
1542 2196 1614 2260 Deo
1644 2198 1817 2279 quominus
1846 2198 1999 2280 populum
2021 2216 2117 2261 suum

122 2304 239 2366 operae
267 2285 407 2365 pretium
437 2284 499 2348 fuit
527 2283 588 2348 hae
619 2285 831 2364 promissione
861 2282 957 2346 leniri
980 2302 1092 2346 eorum
1145 2282 1178 2344 in
1203 2281 1387 2346 libertatem
1410 2281 1564 2346 vindicet.
1608 2287 1715 2365 Atque
1736 2283 1798 2347 hoo
1820 2285 1980 2366 prioribus
2003 2302 2118 2348 rursus

124 2370 300 2452 tristitiam,
322 2368 378 2433 sed
402 2369 467 2433 fere
487 2370 642 2449 usquead
660 2368 783 2434 Christi
802 2367 993 2432 adveutum:
1018 2369 1094 2449 quia
1146 2365 1220 2430 addi
1263 2387 1392 2433 neeesse
1433 2368 1502 2433 fuit.
1557 2367 1642 2432 Num
1682 2389 1782 2451 quum
1816 2369 1965 2433 videmus
2006 2368 2116 2433 hostes

123 2454 261 2519 subinde
304 2454 429 2519 duriter
461 2454 701 2537 confligendum
739 2455 799 2518 fuit
832 2460 908 2518 oum'
940 2455 1093 2538 gravibus
1145 2452 1266 2534 pollere
1283 2452 1415 2527 viribus,
1435 2474 1472 2518 ao
1490 2454 1839 2534 paeneinvietosesse,
1859 2457 2119 2537 expavescimus,

124 2541 292 2613 molestiis,
315 2541 411 2605 siouti
435 2562 476 2604 ex
501 2541 644 2605 historiis
667 2554 765 2620 patet.
1145 2560 1205 2602 neo
1239 2538 1514 2621 apprehendimus
1554 2541 1713 2603 auxilium
1747 2539 1827 2616 Dei,
1869 2561 1933 2623 quo
1967 2539 2008 2604 ad
2042 2539 2118 2604 fidei

210 2626 258 2690 14.
282 2624 398 2709 (Tauri
419 2649 439 2689 a
457 2627 551 2690 multo
572 2627 729 2711 tempore.)
762 2625 913 2691 Ooeurrit
936 2627 1094 2707 propheta
1145 2626 1359 2689 constantiam
1393 2645 1473 2706 opus
1500 2638 1593 2689 esset.
1647 2623 1866 2705 Quamobrem
1896 2626 2054 2707 propheta
2084 2628 2118 2689 in

123 2713 366 2787 tentationibus,
389 2732 473 2792 quae
492 2711 629 2774 multum
648 2712 814 2775 molestiae
830 2711 922 2775 nobis
938 2715 1094 2775 facessere
1146 2709 1206 2775 hoo
1236 2710 1369 2786 insistit,
1398 2724 1435 2773 ut
1465 2709 1615 2774 ostendat
1645 2711 1752 2776 nullas
1781 2712 1913 2775 omnino
1945 2712 2031 2774 viros
2061 2723 2119 2775 aut

123 2798 236 2874 solent,
265 2817 363 2879 quum
387 2798 477 2860 Deus
508 2796 664 2859 auxilium
693 2816 787 2859 suum
812 2795 929 2859 differt.
973 2798 1093 2859 Tenta-
1145 2797 1254 2876 eopias
1284 2794 1426 2859 Domino
1456 2796 1583 2859 obstare
1613 2816 1706 2877 posse
1735 2817 1835 2879 quum
1869 2817 1945 2860 suos
1978 2795 2118 2860 liberare

123 2903 197 2945 mur
214 2882 426 2963 impatientia,
451 2902 595 2962 vanaque
614 2882 772 2962 promissa
795 2902 864 2945 esse
882 2882 1093 2963 suspieamur.
1146 2881 1227 2945 vult.
1282 2881 1394 2961 Talem
1436 2881 1575 2962 denique
1615 2902 1735 2950 rerum.
1765 2884 2008 2946 eonversionem
2049 2883 2119 2946 fore

124 2966 232 3031 Deum
263 2968 350 3031 enim
382 2968 493 3045 silere,
520 2988 556 3030 ac
587 2966 690 3030 veluti
713 2967 870 3043 dormire,
901 2987 1001 3049 quum
1024 2988 1094 3031 sese
1147 2966 1299 3041 ostendit,
1322 2978 1358 3029 ut
1375 2967 1430 3048 qui
1448 2978 1545 3030 autea
1563 2968 1780 3048 potentissimi
1798 2977 1892 3032 erunt
1911 2967 2118 3050 frangantur,

124 3054 264 3117 efferunt
297 3052 407 3135 impii:
441 3053 560 3135 frigere
596 3051 673 3116 dum
708 3051 757 3116 illi
790 3051 927 3118 noeendi
961 3051 1094 3117 libidine
1147 3071 1208 3115 neo
1229 3050 1403 3134 quidquam
1426 3054 1536 3115 omnia
1558 3054 1714 3117 tentando
1736 3051 1894 3118 adversus
1918 3053 2026 3135 ipsum
2049 3053 2118 3116 effi·

123 3139 315 3204 inflammati
356 3148 448 3203 sunt:
489 3149 520 3203 et
559 3137 732 3203 seeleribus
765 3159 877 3202 eorum
912 3139 1095 3218 tonuivere,
1146 3139 1244 3204 siant.
1290 3140 1337 3202 Ao
1360 3137 1440 3201 mihi
1462 3139 1601 3220 simplex
1625 3137 1755 3202 videtur
1776 3138 1874 3203 huius
1899 3138 1960 3203 looi
1983 3158 2112 3203 sensus:

124 3223 200 3288 dum
222 3237 356 3288 strenue
378 3245 436 3306 per
458 3244 587 3288 omnem
610 3225 782 3288 saevitiam
805 3235 1004 3309 grassantur,
1038 3226 1094 3288 ab·
1147 3243 1208 3289 nee
1230 3222 1380 3288 subtilius
1404 3223 1625 3306 philosophari
1644 3245 1724 3306 opus
1742 3238 1801 3301 est,
1824 3234 1862 3288 ut
1879 3223 2038 3300 nonnulli,
2061 3223 2117 3306 qui

123 3310 257 3374 surdum
287 3330 358 3374 esse
387 3309 576 3375 iudieumus.
621 3310 771 3376 Afflietos
800 3311 901 3394 igitur
928 3330 965 3375 eo
993 3331 1095 3393 paene
1148 3309 1225 3373 dum
1255 3309 1335 3373 haeo
1362 3309 1534 3390 allegorice
1562 3311 1831 3392 interpretantur,
1862 3330 1919 3390 per
1948 3315 2063 3375 montes
2085 3317 2117 3373 et

124 3395 244 3460 fruetus
279 3397 405 3459 animos
438 3397 601 3460 sustinere
634 3396 739 3460 veluit
771 3396 945 3478 propheta,
986 3418 1028 3459 ne
1061 3416 1096 3460 se
1147 3395 1246 3470 codes,
1269 3396 1366 3459 urbes
1389 3394 1553 3478 designari
1576 3407 1708 3477 putant:
1733 3417 1790 3478 per
1811 3395 1946 3472 herbum,
1970 3395 2118 3459 homines

124 3479 296 3545 destitutos
324 3479 437 3545 aDeo
467 3502 536 3546 esse
565 3493 726 3563 putarent,
755 3482 903 3564 quamvis
927 3481 1096 3564 desperata
1148 3483 1204 3563 qui
1230 3501 1284 3545 eas
1312 3481 1472 3545 incolunt:
1502 3480 1558 3544 sed
1589 3481 1670 3543 nihil
1702 3501 1783 3563 opus
1811 3493 1862 3545 est
1883 3480 2042 3545 eiusmodi
2065 3501 2117 3543 ur·

124 3567 233 3630 omnia
255 3565 456 3631 viderentur.
496 3568 541 3631 Et
563 3567 710 3632 oonsulto
733 3577 864 3631 notatur
886 3568 1095 3646 diuturnitas,
1148 3566 1257 3647 gutiae
1285 3567 1410 3630 seetari.
1455 3566 1539 3630 Nam
1570 3565 1759 3647 simplieiter
1781 3566 1923 3630 deelarat
1944 3567 2022 3630 satis
2047 3584 2117 3629 esse

125 3671 166 3716 ue
200 3673 310 3716 morae
344 3653 450 3717 taedio
479 3651 716 3733 langusfierent
746 3653 861 3717 animi:
898 3673 973 3717 nam
996 3673 1094 3734 quum
1148 3653 1220 3716 Deo
1249 3653 1412 3734 potentiae
1442 3652 1481 3714 ad
1509 3651 1675 3732 implenda
1703 3652 1863 3733 promissa
1893 3663 1925 3716 et
1949 3651 2117 3717 eoelesiam

125 3757 145 3800 a
178 3749 281 3802 morte
314 3736 470 3820 Iosaphat
510 3739 671 3804 ooutinuis
711 3739 776 3803 fere
815 3739 961 3803 cladibus
993 3738 1096 3802 attriti
1147 3735 1357 3813 liberandam,
1388 3737 1463 3818 quia
1485 3757 1599 3801 omnes
1621 3737 1831 3802 diffioultates
1853 3757 1936 3819 quae
1958 3757 1993 3801 se
2016 3737 2118 3802 oeulis

125 3822 272 3903 fuissent,
302 3825 506 3905 septuaginta
536 3824 642 3887 exsilii
672 3843 773 3889 anuos
796 3825 978 3906 transigere
1002 3823 1095 3887 valde
1148 3824 1268 3887 nostris
1301 3825 1473 3904 ingerunt,
1513 3822 1607 3886 faeile
1640 3822 1814 3904 superabit.
1869 3823 1912 3886 Et
1945 3822 2118 3904 respondet

125 3928 275 3991 asperum
298 3919 331 3971 et
349 3910 441 3973 triste
459 3910 528 3972 fuit.
561 3909 675 3991 Neque
693 3919 915 3992 tuuoquoque
932 3910 1093 3974 malorum
1148 3910 1226 3973 haee
1259 3908 1421 3971 sententia
1456 3907 1528 3970 aliis
1561 3910 1721 3973 vaticiniis
1751 3929 1833 3991 quae
1862 3921 1937 3973 ante
1968 3907 2117 3985 vidimus,

124 3995 261 4077 eontigit
293 3993 378 4058 finis.
425 3994 568 4078 Ideoque
590 3995 701 4060 sedulo
723 3997 848 4060 moneri
872 4016 1001 4063 neeesse
1024 3996 1094 4073 fuit,
1147 3995 1202 4058 ubi
1233 3993 1367 4059 doeebat
1396 3992 1556 4075 propheta
1586 3995 1786 4059 naturalibus
1818 3993 1934 4058 mediis
1965 4014 2029 4057 non
2062 3993 2117 4059 ob·

124 4080 273 4161 quamvis
303 4101 367 4144 non
397 4079 509 4144 statim
540 4080 630 4147 Deus
658 4091 841 4158 sueeurrat,
873 4080 952 4144 nihil
984 4089 1093 4145 tamen
1146 4079 1292 4145 striatam
1323 4100 1392 4143 esse
1416 4079 1478 4142 Dei
1507 4080 1684 4162 potentiam
1714 4079 1811 4144 simul
1842 4098 1879 4143 ao
1907 4098 1983 4144 suos
2005 4080 2119 4144 iuvare

125 4164 234 4229 damni
258 4186 328 4231 esse
350 4166 383 4230 in
407 4165 575 4230 tarditate:
605 4166 700 4231 modo
723 4169 883 4249 patient-er
905 4178 1096 4248 exspeotent
1147 4165 1299 4247 deorevit,
1322 4164 1378 4228 sed
1401 4165 1567 4229 miraeulis
1591 4186 1799 4247 perrumpere
1817 4177 1934 4230 eunota
1952 4164 2119 4230 obstaoula

124 4249 246 4315 fideles.
290 4250 480 4317 Inoreduloe
509 4252 608 4317 etiam
636 4252 688 4317 his
718 4253 825 4317 verbis
855 4252 1010 4334 increpat,
1039 4255 1096 4335 qui
1147 4271 1228 4333 quae
1251 4251 1424 4314 transitum
1447 4250 1598 4314 alaudere
1618 4251 1782 4314 videntur.

125 4336 200 4400 freti
223 4337 292 4401 eius
316 4337 499 4417 tolerantia,
521 4335 650 4419 quidvis
668 4338 818 4403 lieentiae
835 4336 895 4402 sibi
913 4339 1093 4403 sumebant.
1233 4337 1282 4400 16.
1317 4335 1374 4421 (Et
1413 4337 1541 4401 meeum
1582 4335 1709 4420 cuseos.)
1765 4336 1942 4418 Postquam
1975 4333 2119 4400 ostendit
2151 4354 2156 4359 ·

124 4422 232 4505 Negat
270 4423 370 4505 igitur
402 4423 511 4505 Deus,
551 4426 699 4506 quamvis
738 4444 773 4488 se
811 4423 1025 4500 eontinuerit,
1063 4436 1095 4488 et
1146 4423 1291 4487 hostium
1325 4422 1424 4486 robur
1457 4422 1584 4486 obstare
1613 4421 1685 4485 Deo
1720 4443 1783 4485 non
1818 4441 1911 4503 posse
1945 4421 2118 4504 quominus

124 4509 254 4589 quietus
286 4509 385 4572 fuerit
418 4517 597 4590 speetator,
639 4530 674 4573 se
705 4508 776 4574 ideo
812 4510 911 4574 fuisse
944 4508 1094 4574 orbatum
1144 4508 1262 4573 liberet
1294 4507 1449 4592 populum
1484 4528 1595 4584 suum,
1628 4509 1735 4590 pergit
1764 4508 1798 4572 in
1829 4528 1868 4572 ea
1898 4506 2118 4573 consolatione

124 4592 255 4658 virtute.
1145 4615 1241 4676 quam
1280 4595 1372 4676 prius
1411 4594 1574 4674 attigerat.
1632 4591 1751 4659 anoos
1791 4604 1900 4658 autem
1935 4601 2031 4658 voeat
2063 4613 2117 4657 eos

209 4677 390 4762 (Tanquam
406 4680 615 4765 parturiens.)
647 4679 721 4744 Hae
742 4679 956 4745 similitudine
974 4681 1094 4744 mirum
1145 4680 1262 4762 quibus
1286 4700 1338 4744 res
1356 4678 1435 4743 adeo
1453 4678 1628 4760 perplexae
1647 4689 1725 4743 sunt
1743 4688 1776 4744 et
1793 4677 1951 4761 diffieiles,
1974 4678 2117 4759 adeoque

124 4763 306 4831 dileetionis
340 4763 504 4842 ardorem,
539 4775 572 4830 et
604 4766 816 4830 tenerrimum
850 4766 1003 4831 affeetum
1038 4787 1093 4829 ex·
1144 4765 1351 4829 turbulentus
1370 4784 1478 4829 rerum
1497 4774 1610 4838 status,
1630 4777 1667 4828 ut
1682 4765 1832 4849 ignorent
1847 4785 1911 4847 quo
1928 4786 1962 4828 se
1978 4773 2116 4846 vertere,

123 4850 246 4932 primit.
296 4849 398 4914 Matri
432 4852 519 4915 enim
552 4872 622 4917 sese
655 4861 821 4934 comparat
850 4871 933 4933 quae
962 4861 1093 4932 partum
1144 4872 1206 4932 quo
1222 4852 1396 4933 confugere
1412 4849 1566 4914 debeant:
1586 4849 1701 4932 quibus
1717 4851 1856 4933 denique
1872 4849 1981 4914 nullus
1997 4848 2115 4926 exitus,

124 4937 216 5000 unioe
255 4945 358 5014 amat,
391 4938 540 5018 quamvis
572 4958 701 5002 summo
735 4956 808 5000 eum
844 4935 953 5002 dolore
986 4939 1093 5021 ipsum
1144 4936 1199 5002 sed
1223 4936 1373 5019 profundi
1393 4937 1537 5018 gurgites
1558 4936 1701 5019 undique
1716 4945 1885 5019 apparent.
1921 4934 2004 4998 Nam
2020 4935 2116 4998 sieuti

123 5020 270 5087 ediderit.
303 5021 395 5086 Haeo
416 5021 547 5103 quidem
564 5022 740 5087 eonvenite
756 5020 826 5086 Deo
842 5043 907 5087 uon
923 5021 1091 5089 videntur:
1144 5022 1222 5087 dum
1252 5043 1304 5087 res
1331 5021 1426 5085 nobis
1450 5023 1529 5086 satis
1550 5021 1719 5087 eommode
1742 5023 1859 5097 fluunt,
1891 5021 1943 5085 via
1965 5020 2062 5102 plana
2083 5030 2116 5086 et

123 5106 178 5172 sed
212 5127 276 5171 nou
309 5116 416 5189 potest
453 5106 548 5172 aliter
582 5109 759 5173 vehemens
790 5108 892 5189 ipsius
924 5129 1002 5192 erga
1035 5130 1092 5174 nos
1143 5108 1318 5190 aequabilis
1347 5105 1448 5173 oeulis
1478 5109 1598 5173 nostris
1628 5109 1776 5191 exposite
1798 5119 1863 5170 est:
1894 5106 1939 5170 ita
1961 5106 1995 5171 in
2018 5105 2114 5172 rebus

123 5214 214 5258 amor
235 5195 374 5276 exprimi
398 5212 494 5275 quam
516 5193 589 5258 istis
611 5194 733 5277 figuris.
767 5193 906 5258 Neeesse
924 5203 974 5259 est
991 5195 1093 5278 igitur
1144 5192 1233 5259 duris
1261 5204 1294 5258 et
1323 5194 1454 5276 asperis,
1485 5196 1675 5275 praesertim
1702 5214 1783 5276 quae
1807 5193 1877 5256 sine
1901 5214 1957 5277 spe
1980 5192 2114 5257 remedii

122 5280 229 5364 ipsum
259 5278 488 5347 similitudines
516 5281 657 5346 mutuari
686 5302 706 5343 a
734 5281 829 5347 rebus
859 5281 958 5359 notis,
989 5292 1025 5345 ut
1054 5302 1093 5346 ea
1145 5281 1311 5345 minantur
1326 5280 1418 5345 uobis
1433 5281 1602 5346 interitum
1618 5281 1710 5364 quasi
1727 5279 1814 5344 tristi
1828 5279 1967 5360 ealigine
1982 5280 2115 5359 offusae,

1876 5380 1910 5435 5*
