4784 5970
194 370 256 435 169
1032 372 1182 439 CAPUT
1203 371 1350 438 XhVII.
2128 372 2190 439 170

195 569 280 627 1001.
326 560 491 627 Malitiom
519 570 626 625 autem
656 570 766 638 vocat,
796 580 893 643 quam
923 570 1035 644 postea
1062 563 1167 645 magis
1220 581 1337 644 nempe
1360 560 1470 625 omnia
1493 559 1636 639 consilia,
1658 566 1740 641 01100
1762 560 1826 625 iam
1849 558 1926 623 olim
1949 561 2068 626 inierat
2082 564 2190 648 Baby·

197 647 350 732 speciosis
380 645 569 712 nominibus
590 645 729 724 ornabit,
760 646 941 730 sapientiae
962 646 1112 712 videlicet
1135 656 1168 711 01
1219 649 1284 724 100,
1315 646 1376 729 1001
1400 646 1499 710 011110
1522 648 1599 710 1010.
1645 645 1773 710 Vanam
1804 646 1889 710 enim
1920 645 2071 713 fiduciam
2100 650 2189 715 intus

196 734 357 802 scientiae.
414 732 472 799 810
506 733 593 797 enim
627 752 703 798 suas
739 734 877 798 astutias
913 733 1024 799 100010
1061 733 1168 797 solent
1219 743 1407 813 conceptam
1431 732 1560 797 fovebat
1583 753 1624 795 ex
1646 731 1854 814 persuasione
1885 732 2049 814 potentiae
2079 744 2111 798 et
2138 756 2188 800 sa·

195 819 345 900 tyranni,
382 817 471 883 dum¹
493 817 677 901 posthabito
711 818 792 883 recti
824 828 857 883 et
890 819 984 901 aequi
1019 828 1167 902 respectu
1220 818 1362 902 pientiae
1383 838 1477 895 suae,
1509 837 1547 882 00
1574 820 1602 882 01
1633 817 1723 882 nulla
1753 839 1805 882 res
1834 818 1864 880 ei
1893 829 2088 883 nocumento
2118 841 2189 887 esse

196 904 311 974 callide
332 904 470 986 populos
492 905 768 969 circumveniunt:
797 903 853 970 sed
877 903 1168 987 deprehenduntur
1219 912 1337 987 posset.
1382 902 1451 968 Nec
1474 912 1603 968 tantum
1626 903 1761 969 consilia
1782 911 1891 980 vocat,
1920 903 1976 968 sed
2006 905 2190 971 multitudi-

196 1013 215 1056 0
236 990 379 1053 Domino
401 999 500 1072 atquc
523 990 730 1073 deteguntur,
753 997 790 1054 ut
813 988 919 1071 palam
943 990 986 1055 sit
1009 1011 1063 1054 eos
1085 991 1167 1055 1100·
1220 1010 1295 1055 11001
1311 989 1536 1054 consiliorum:
1554 1001 1590 1053 ut
1605 989 1765 1072 significet
1781 989 1901 1053 frustra
1916 989 2022 1054 inflari
2039 991 2124 1072 ipsos
2140 1006 2188 1058 at-

196 1090 247 1142 tra
269 1076 448 1157 nequitiam
477 1097 570 1140 suam
592 1076 744 1140 inanibus
767 1074 850 1139 velis
879 1076 1071 1141 contexisse.
1116 1075 1169 1140 Ita
1221 1096 1283 1160 que
1316 1074 1443 1152 efferri,
1485 1074 1696 1157 quantumvis
1728 1074 1889 1157 ingeniosi
1924 1095 1960 1138 ac
1994 1077 2090 1157 periti
2123 1081 2190 1144 sint

195 1164 253 1229 Iob
282 1161 421 1246 (5,13),
456 1170 624 1243 postquam
659 1162 822 1243 sapientes
856 1162 889 1225 in
921 1162 1080 1244 sapientia
1110 1183 1169 1227 sua
1220 1160 1353 1226 fallendi
1373 1160 1527 1225 artifices:
1552 1160 1703 1242 quoniam
1724 1172 1833 1224 astuta
1847 1182 1957 1225 eorum
1974 1162 2108 1226 consilia
2125 1183 2190 1246 quo

196 1245 395 1332 deprehendi
429 1248 527 1322 dixit,
562 1266 632 1311 eam
664 1247 847 1329 explicans,
881 1249 1034 1311 astutiam
1066 1258 1168 1313 10001.
1220 1248 1316 1330 01010
1338 1254 1371 1310 01
1393 1246 1586 1328 00001001010
1608 1247 1737 1324 1001101,
1766 1266 1803 1310 eo
1826 1246 1899 1327 plus
1922 1247 1999 1329 ipsis
2022 1248 2189 1316 molestiae

196 1334 290 1416 Quod
310 1353 388 1397 mox
407 1334 562 1415 sequitur,
585 1332 790 1415 Babylonem
813 1343 944 1416 putasse
963 1333 1090 1416 flagitia
1108 1353 1169 1398 000
1221 1332 1431 1397 exhibebunt.
1482 1331 1656 1396 Generalis
1685 1341 1734 1395 est
1761 1332 1922 1395 sententia
1951 1331 2107 1400 adversus
2135 1359 2190 1402 eos

196 1441 262 1485 non
285 1419 440 1502 conspici,
469 1417 508 1482 ad
531 1418 686 1500 peccandi
709 1419 871 1483 licentiam
895 1429 1036 1500 spectat:
1067 1439 1167 1499 quum
1221 1421 1275 1500 qui
1298 1419 1430 1501 ingenio
1453 1417 1607 1481 00011011
1630 1417 1765 1482 consilia
1787 1415 1864 1480 hinc
1891 1416 1967 1482 inde
1996 1428 2130 1501 captant
2157 1434 2190 1487 et

196 1508 285 1571 enim
308 1505 456 1570 homines
478 1504 643 1569 contineat
665 1514 772 1568 metus
795 1504 848 1569 vel
872 1504 976 1588 pudor
998 1505 1031 1568 in
1055 1506 1168 1584 officio,
1221 1503 1403 1569 excudunt:
1443 1503 1678 1584 prudentiaque
1706 1523 1765 1566 sua
1794 1502 1863 1566 nixi
1897 1502 2053 1585 quidquid
2087 1516 2191 1587 potest

196 1593 252 1675 qui
284 1611 387 1672 neque
417 1590 524 1654 Deum
558 1599 674 1654 testem
706 1599 850 1666 veretur,
885 1611 987 1673 neque
1021 1589 1169 1655 homines
1221 1588 1398 1673 excogitari
1421 1588 1486 1654 doli
1510 1587 1561 1653 vel
1577 1608 1683 1652 noxae
1697 1597 1892 1654 coacervant
1906 1588 1946 1652 ad
1961 1591 2190 1671 opprimendos

197 1680 265 1743 1010
288 1676 432 1742 conscios
455 1683 560 1757 putat,
583 1677 765 1758 perrumpit
781 1676 815 1739 in
834 1696 929 1741 omne
949 1695 1050 1756 genus
1072 1676 1170 1742 scele-
1222 1676 1311 1740 alios.
1356 1674 1447 1739 Deus
1471 1676 1557 1738 enim
1581 1694 1694 1738 omnes
1716 1694 1828 1738 eorum
1851 1673 2018 1739 machinas
2048 1675 2191 1760 dissipat,

197 1785 281 1828 rum.
325 1762 450 1826 Verum
480 1761 612 1844 quidem
639 1772 703 1840 est,
734 1762 891 1844 pessimos
920 1781 1065 1843 quosque
1094 1783 1169 1827 con·
1222 1761 1418 1842 fraudesque
1442 1759 1588 1825 discutit:
1621 1760 1714 1825 sicuti
1737 1760 1843 1842 capite
1865 1760 1908 1824 30
1930 1759 2106 1825 infaustum
2128 1764 2192 1828 illi·

197 1848 352 1914 scientiae
376 1847 495 1912 aculeis
519 1846 683 1911 interdum
715 1847 835 1931 pungi:
866 1846 922 1912 sed
944 1848 1054 1912 oculos
1083 1848 1171 1912 clau·
1222 1847 1295 1913 citis
1316 1846 1466 1910 omnibus
1487 1845 1601 1909 mediis
1624 1856 1777 1910 eventum
1794 1847 1938 1911 minatus
1954 1854 2012 1909 est.
2047 1847 2191 1927 Audeat,

197 1934 302 1999 dendo
323 1934 359 1996 in
383 1943 547 2015 torporem
572 1954 639 1996 non
661 1954 755 1998 secus
784 1942 880 2014 atque
905 1933 940 1996 in
967 1934 1107 1998 latebras
1136 1954 1171 1997 00
1222 1931 1346 2015 inquit,
1376 1931 1546 1999 consilium
1574 1952 1706 2014 capere,
1735 1932 1793 1996 sed
1822 1953 1888 1996 non
1918 1952 1958 1995 ex
1988 1951 2056 2000 me:
2091 1934 2191 2002 telam

200 2021 408 2100 demergunt,
438 2039 553 2083 sensus
585 2018 723 2100 denique
753 2038 829 2083 suos
852 2038 964 2083 omnes
994 2019 1171 2084 obdurant:
1223 2019 1414 2095 ordiuntur,
1449 2015 1505 2081 sed
1534 2037 1599 2081 non
1630 2038 1671 2082 ex
1700 2017 1818 2101 spiritu
1847 2037 1929 2081 meo,
1980 2016 2090 2099 Atque
2119 2019 2192 2085 ideo

201 2105 393 2188 pracsertim
424 2104 572 2168 videmus
602 2103 674 2168 Deo
708 2104 861 2168 audacter
890 2103 1042 2183 illudere,
1078 2127 1114 2170 ac
1144 2105 1171 2168 si
1223 2105 1363 2188 pessime
1386 2102 1469 2169 cedit
1495 2102 1674 2166 multorum
1704 2102 1877 2180 institutis,
1911 2102 1997 2184 quod
2020 2102 2128 2168 Deum
2158 2109 2192 2171 in

200 2212 259 2257 sua
282 2190 412 2254 vafritie
434 2189 578 2254 oblinere
600 2204 732 2273 possent
752 2192 822 2255 eius
844 2191 961 2255 oculos.
993 2191 1078 2255 Nam
1097 2212 1171 2273 quo·
1223 2189 1395 2256 consilium
1417 2188 1550 2252 minime
1572 2187 1763 2252 adhibeant:
1787 2208 1806 2251 a
1828 2208 1890 2270 quo
1912 2189 2017 2253 omnis
2035 2192 2194 2272 sapientia

201 2279 262 2341 ties
286 2276 447 2357 simplices
470 2274 622 2341 fraudare
644 2277 773 2358 volunt,
803 2276 883 2340 satis
904 2297 975 2341 esse
1003 2285 1122 2358 putant
1144 2277 1171 2340 01
1224 2274 1364 2360 petenda
1385 2283 1465 2339 erat.
1509 2274 1595 2338 Nam
1618 2294 1680 2356 quo
1702 2273 1776 2356 plus
1799 2283 1967 2357 satagunt,
1997 2295 2034 2338 eo
2058 2278 2195 2344 maiores

200 2383 266 2426 non
290 2359 592 2442 deprehendantur:
628 2363 722 2445 quasi
745 2362 817 2426 Deo
845 2363 1011 2443 imponere
1037 2363 1170 2445 possint.
1224 2361 1366 2427 subeunt
1401 2360 1581 2424 molestias:
1621 2380 1680 2424 nec
1715 2359 1858 2425 11001001
1898 2360 2002 2424 0110111
2043 2366 2196 2447 consequi

201 2446 268 2514 Sed
297 2448 419 2512 1100110
447 2446 509 2511 0111
539 2447 753 2512 blandiuntur
781 2449 814 2510 in
840 2448 977 2512 astutia:
1011 2447 1172 2513 Dominus
1223 2457 1369 2529 possunt.
1412 2445 1586 2510 Praeclare
1608 2442 1766 2509 80100100
1788 2444 1911 2511 1100110
1938 2445 2087 2511 10101010
2118 2449 2196 2514 dicit

201 2535 287 2598 enim
307 2532 432 2598 larvam
452 2534 531 2615 ipsis
550 2533 644 2598 facile
663 2533 820 2598 detrahet.
854 2533 1055 2598 Detestanda
1072 2535 1173 2616 igitur
1225 2531 1325 2619 (Psal.
1351 2530 1436 2616 127),
1466 2530 1519 2613 qui
1544 2552 1639 2595 mane
1662 2543 1812 2612 surgunt,
1841 2541 1874 2594 et
1904 2552 1976 2596 sero
2004 2536 2194 2599 000101111-

201 2620 241 2685 ab
264 2620 413 2683 omnibus
442 2619 521 2683 haec
545 2619 717 2701 sapientia,
751 2639 816 2700 qua
843 2618 992 2683 homines
1022 2640 1056 2683 se
1086 2623 1173 2702 ipsos
1199 2621 1200 2624 ’
1226 2632 1313 2698 tum,
1342 2616 1581 2697 comeduntque
1604 2636 1723 2698 panem
1745 2616 1873 2681 doloris.
1915 2616 1999 2680 Nam
2023 2618 2063 2681 de
2084 2619 2196 2684 infide-

202 2705 336 2782 fallunt,
368 2715 464 2785 atque
489 2706 625 2768 exitium
649 2705 709 2768 sibi
734 2714 911 2768 accersunt.
955 2702 1034 2786 Epo,
1064 2709 1092 2768 et
1112 2725 1172 2769 1100
1226 2702 1310 2768 111110
1331 2701 1487 2784 10001101,
1515 2702 1571 2782 001
1594 2723 1659 2765 000
1683 2701 1834 2766 1011010111
1857 2722 1951 2766 00100
1972 2722 2048 2767 0000
2070 2703 2104 2766 10
2127 2705 2195 2770 Do·

203 2791 352 2872 emplius.
387 2789 513 2853 Iterum
537 2792 654 2870 repetit
676 2789 749 2854 illas
773 2787 999 2869 blasphemiae,
1019 2799 1172 2871 utquam
1226 2789 1368 2852 minum:
1409 2786 1466 2851 sed
1500 2786 1660 2851 industria
1692 2807 1751 2850 sua
1785 2787 1858 2851 lreti
1898 2786 2001 2851 multa
2041 2789 2195 2855 audacter

201 2874 419 2940 exsecrandae
442 2876 509 2938 sint
532 2875 603 2939 Deo
628 2896 740 2940 omnes
769 2888 880 2955 aperte
909 2874 1109 2958 intelligant,
1140 2885 1173 2938 et
1197 2860 1200 2906 ⁸
1226 2874 1417 2955 suscipiunt.
1462 2872 1560 2937 Hanc
1581 2871 1808 2937 confidentiam
1833 2871 1917 2936 ridet
1939 2871 2115 2955 Dominus,
2145 2889 2195 2939 at·

200 2983 297 3044 quam
320 2960 537 3042 propinquum
561 2961 604 3024 sit
626 2961 762 3024 exitium
787 2961 937 3026 omnibus
960 2961 1012 3042 qui
1034 2960 1172 3043 gradum
1226 2980 1289 3042 que
1311 2959 1410 3024 elficit
1432 2969 1468 3021 ut
1489 2957 1620 3022 tandem
1643 2957 1792 3022 frustrati
1815 2958 1959 3022 sentiant
1981 2979 2077 3040 quam
2101 2960 2195 3025 nihili

199 3069 294 3113 suum
317 3047 579 3110 transscendent.
1225 3048 1291 3112 sint
1314 3064 1466 3128 perversa
1496 3042 1605 3108 studia
1633 3052 1666 3107 et
1697 3052 1850 3127 conatus,
1883 3054 1980 3125 atque
2009 3045 2070 3108 hoc
2089 3045 2195 3112 modo

289 3130 645 3214 11.(1100000011101.)
696 3130 911 3213 Prosequitur
941 3143 1172 3214 argumentum
1224 3151 1346 3215 poenas
1368 3130 1461 3194 10001
1476 3149 1555 3194 0000
1572 3129 1781 3193 temeritatis:
1806 3150 1905 3211 quum
1925 3131 2052 3194 1010100
2067 3132 2195 3213 placide

201 3218 288 3301 quod
311 3218 400 3301 prius
424 3219 585 3300 attigerat,
608 3237 727 3281 vanam
739 3216 997 3299 Babyloniorum
1019 3217 1171 3282 fiduciam
1225 3217 1390 3282 dormiant
1411 3215 1519 3279 dilecti
1542 3215 1622 3279 Dei:
1657 3213 1927 3296 quemadmodum
1950 3215 2015 3281 illic
2039 3216 2193 3282 habetur:

201 3306 324 3380 ridens,
358 3303 411 3384 qui
442 3323 484 3365 ex
513 3313 676 3367 astrorum
709 3303 774 3367 situ
807 3302 967 3386 putabant
1002 3323 1036 3366 se
1064 3304 1172 3367 omnia
1225 3325 1289 3369 non
1312 3300 1397 3383 quod
1426 3300 1583 3366 molestiis
1612 3301 1761 3365 omnibus
1791 3301 1994 3377 eximantur,
2023 3302 2079 3366 sed
2108 3303 2194 3387 quod

202 3388 400 3472 praevidere.
431 3388 503 3452 Illis
522 3410 600 3471 ergo
622 3389 745 3453 instare
767 3387 846 3452 dicit
868 3387 952 3469 quod
976 3390 1173 3471 generaliter
1225 3409 1291 3452 non
1314 3387 1452 3469 fatigent
1481 3408 1516 3450 se
1545 3386 1635 3451 inani
1664 3386 1788 3466 labore,
1818 3398 1914 3468 atque
1943 3400 2096 3451 eventum
2124 3409 2194 3453 om·

202 3476 328 3541 cunctis
366 3475 428 3537 Dei
467 3475 745 3556 contemptoribus
786 3472 959 3538 denuntiat
1002 3476 1171 3558 scriptura,
1224 3475 1314 3538 nium
1338 3492 1447 3537 rerum
1471 3492 1605 3536 suarum
1628 3473 1698 3536 Deo
1721 3473 1956 3537 commendent.

201 3581 319 3644 nempe
341 3580 440 3643 quum
464 3559 608 3623 dixerint
630 3560 704 3624 Pax
727 3567 760 3624 et
783 3560 956 3634 securitas,
987 3564 1099 3625 01000
1122 3582 1172 3625 re·
1309 3557 1532 3643 (8100100110.)
1565 3557 1629 3621 Hic
1652 3558 1864 3640 perspicimus
1887 3578 1967 3638 quos
1990 3559 2193 3638 potissimum

201 3649 355 3731 pentinus
378 3646 495 3709 obruat
516 3646 686 3710 interitus:
710 3666 747 3710 ac
770 3644 911 3710 diluculo
934 3644 1084 3728 ignotum
1107 3645 1173 3710 illis
1223 3642 1423 3709 consiliarios
1446 3642 1608 3724 intelligat
1638 3642 1812 3724 propheta:
1847 3663 1963 3724 nempe
1993 3641 2194 3710 divinatores

202 3734 270 3797 1010
293 3731 377 3814 quod
400 3732 528 3812 vesperi
551 3731 773 3813 complebitur.
818 3731 927 3812 Atque
949 3731 995 3794 ita
1018 3731 1172 3797 accidisse
1223 3731 1306 3812 illos,
1330 3728 1386 3811 qui
1410 3748 1496 3792 vano
1519 3729 1673 3792 scientiae
1696 3729 1827 3791 nomine
1850 3748 1919 3792 sese
1942 3727 2059 3811 populo
2082 3730 2194 3794 vendi·

201 3840 242 3882 ex
265 3816 403 3881 Daniele
426 3826 536 3897 aperte
557 3817 668 3898 liquet.
1224 3815 1352 3893 tabant,
1386 3816 1476 3895 quasi
1506 3813 1615 3876 101010
1644 3815 1753 3877 omnia
1784 3822 1933 3877 tenerent
1963 3835 2002 3877 ex
2032 3826 2194 3881 astrorum

290 3903 340 3966 12.
372 3900 444 3985 (810
465 3903 646 3966 cunctator
667 3900 897 3984 divinationes.)
943 3899 998 3966 Sic
1028 3901 1172 3983 loquitur
1223 3910 1408 3984 conspectu.
1443 3898 1510 3962 Sed
1534 3899 1574 3961 de
1595 3900 1763 3963 iudiciaria
1786 3900 1849 3962 1010
1871 3898 2045 3982 astrologia
2067 3910 2099 3964 et
2122 3903 2193 3967 0100

200 3989 367 4072 01001010,
391 3997 519 4050 utcum
538 3986 724 4052 1001101100
747 3987 922 4070 deploratis
943 3986 1031 4051 soliti
1050 4009 1172 4065 sumus,
1223 3988 1367 4052 vanitate
1390 3985 1479 4066 prius
1510 3983 1662 4049 diximus.
1708 3984 1746 4050 Si
1773 3986 1845 4067 quis
1875 3985 2018 4061 obiiciat,
2053 3987 2192 4053 istorum

201 4076 320 4158 quibus
351 4071 459 4137 nullae
493 4073 688 4137 monitiones
718 4084 871 4154 prosunt,
906 4074 976 4156 Age
1006 4084 1042 4137 ut
1071 4073 1171 4138 soles:
1224 4095 1288 4136 non
1330 4073 1427 4134 luisse
1467 4070 1610 4152 pericula
1649 4091 1731 4153 quac
1771 4069 2001 4151 impendebant
2048 4072 2192 4137 amoliri:

202 4161 333 4225 tandem
358 4180 410 4223 res
432 4159 503 4239 ipsa
527 4166 559 4221 te
582 4157 723 4222 docebit:
747 4159 828 4224 scies
850 4158 928 4242 quid
952 4158 1009 4222 tibi
1032 4180 1172 4242 augures
1223 4157 1410 4241 respondeo,
1431 4155 1548 4219 horum
1571 4159 1693 4221 monitu
1717 4157 1750 4221 id
1772 4157 1912 4220 facturos
1934 4155 2034 4221 1111000
2050 4158 2191 4242 Babylo-

201 4268 239 4312 ac
262 4246 464 4310 divinatores
490 4242 638 4325 prosint.'
672 4244 774 4307 Porro
797 4244 904 4309 standi
927 4244 1026 4308 verbo
1055 4244 1173 4309 alludit
1224 4246 1310 4319 nios,
1341 4243 1368 4306 si
1392 4241 1515 4306 cladem
1539 4243 1785 4324 praevidissent.
1831 4239 1941 4321 Quum
1964 4263 2028 4306 non
2062 4246 2191 4326 praevi·

201 4333 240 4397 ad
265 4352 426 4415 augurum
448 4349 582 4406 morem,
605 4330 661 4411 qui
685 4328 784 4393 defixi
807 4352 872 4394 uno
894 4332 926 4393 in
949 4330 1017 4395 1000
1039 4342 1174 4394 manent
1224 4329 1347 4405 derint,
1381 4328 1528 4409 sequitur
1559 4328 1769 4393 vanissimam
1804 4327 1947 4410 ipsorum
1977 4348 2048 4391 esse
2077 4339 2190 4394 artem.

203 4417 303 4482 donec
332 4418 462 4500 signum
485 4414 614 4497 aliquod
643 4416 840 4499 apparuerit.
886 4415 942 4481 Sic
964 4427 995 4479 et
1017 4416 1173 4499 astrologi
1222 4416 1362 4479 Frustra
1395 4435 1474 4478 vero
1507 4414 1655 4477 nonnulli
1688 4413 1870 4477 obtendunt
1907 4413 2068 4478 inscitiam
2103 4416 2191 4495 artis,

201 4503 351 4586 regiones
379 4502 511 4566 000010
536 4500 623 4565 00010
645 4499 819 4583 designant
844 4501 884 4564 ad
907 4500 1042 4566 minima
1071 4523 1173 4584 usquo
1223 4523 1286 4566 non
1311 4512 1413 4563 artem
1436 4501 1540 4581 ipsam
1564 4499 1723 4583 exagitari
1753 4521 1772 4563 a
1794 4497 1958 4581 propheta.
2004 4499 2191 4582 Alloquitur

202 4595 334 4672 puncta.
380 4585 416 4651 Si
440 4588 512 4668 quie
535 4585 574 4650 de
597 4585 784 4651 hominibus
806 4588 950 4669 accipere
972 4587 1074 4667 malit,
1098 4589 1173 4669 quia
1224 4589 1309 4651 enim
1330 4584 1520 4657 Chaldaeos,
1544 4607 1562 4649 a
1584 4587 1701 4666 quibus
1724 4585 1803 4650 haec
1821 4585 1956 4650 scientia
1972 4585 2114 4668 prolecta
2132 4597 2189 4651 est.

202 4694 322 4738 nomen
346 4684 469 4738 1111303
489 4672 678 4756 ambiguum
696 4680 755 4752 est,
779 4694 843 4736 non
862 4672 1037 4737 admodum
1059 4681 1174 4736 contra
1225 4672 1318 4738 80100
1340 4681 1449 4736 autem
1473 4670 1560 4753 dicit,
1583 4670 1686 4736 coelos
1709 4670 1749 4735 ab
1771 4669 1850 4752 ipsis
1872 4671 2005 4735 sociari:
2039 4673 2113 4753 quia
2135 4691 2191 4753 pe·

202 4757 364 4844 pugnabo.
418 4756 456 4822 Si
486 4759 566 4838 forte
598 4758 729 4822 robores.
782 4761 830 4824 Ac
860 4760 885 4823 si
918 4758 1055 4824 diceret:
1097 4759 1172 4823 Non
1223 4757 1317 4822 rinde
1340 4758 1511 4840 proferunt
1532 4777 1589 4820 sua
1613 4755 1756 4834 decreta,
1783 4777 1821 4821 ac
1850 4756 1876 4820 si
1905 4755 2071 4821 stellarum
2100 4756 2190 4821 colli·

202 4845 324 4928 poteris
354 4842 478 4907 cladem
502 4864 582 4925 quae
604 4842 663 4907 tibi
684 4843 836 4909 imminet
857 4864 1016 4928 augurum
1041 4854 1172 4908 tuorum
1196 4854 1201 4943 t
1224 4845 1354 4927 gatione
1372 4853 1405 4906 et
1420 4841 1591 4923 complexu
1610 4843 1820 4908 constrictum
1840 4851 1989 4907 tenerent
2010 4842 2189 4908 humanum

202 4951 301 5013 00010
323 4929 458 4993 01001111.
495 4928 637 4994 10001101
657 4930 744 4993 001111
767 4950 942 5013 perversae
964 4950 1076 4993 eorum
1099 4951 1171 4995 con-
1224 4949 1336 5013 genus.
1382 4927 1578 5008 Quanquam
1601 4929 1629 4992 si
1652 4928 1726 5011 quis
1749 4928 1841 4993 malit
1869 4929 2088 4992 incantatores
2117 4950 2189 4993 ver-

202 5016 372 5082 fidentiae:
406 5015 482 5097 0010
510 5015 566 5079 011
595 5015 706 5080 omnia
736 5016 864 5099 experti
895 5016 1032 5092 luerint,
1063 5015 1172 5081 nullus
1224 5026 1309 5093 tere,
1339 5033 1453 5078 sensus
1482 5033 1548 5076 non
1577 5014 1661 5080 male
1691 5016 1876 5080 conveniet:
1911 5019 1944 5076 et
1967 5012 2101 5077 verbum
2123 5026 2189 5081 ian

202 5112 356 5185 sequetur
378 5100 552 5183 profectus.
1224 5110 1400 5180 utrumque
1429 5099 1600 5181 significat.
1644 5101 1718 5165 Etsi
1750 5120 1827 5164 vero
1856 5106 2018 5162 astrorum
2045 5097 2189 5164 ordinem

290 5188 339 5252 13.
369 5185 533 5271 (Fatigato
554 5184 610 5271 00.)
653 5186 750 5251 Νο00
776 5186 873 5252 0110111
896 5188 1041 5270 apertius
1068 5185 1173 5251 decla·
1225 5185 1384 5268 speculari
1406 5204 1465 5268 per
1487 5205 1521 5248 se
1543 5186 1666 5250 malum
1690 5207 1752 5250 non
1776 5196 1841 5259 est,
1870 5181 1998 5265 longius
2025 5205 2120 5269 quam
2151 5185 2190 5249 li·

203 5282 255 5338 rat
277 5294 315 5338 ea
337 5292 420 5356 quac
442 5274 533 5355 prius
556 5271 759 5355 aliquantum
791 5272 926 5340 obscure
954 5272 1173 5337 indicaverat:
1198 5278 1202 5318 ¹
1225 5282 1297 5338 ccat
1319 5290 1530 5354 prorumpere
1553 5272 1630 5338 dicit
1651 5271 1818 5355 propheta,
1840 5270 1894 5351 qui
1912 5269 2064 5337 obscuros
2081 5290 2189 5334 rerum
