4784 5970
1026 359 1177 427 OAPU'P
1199 359 1366 426 xnvln.
2135 365 2200 430 174

1225 559 1318 613 erant
1339 548 1380 613 ab
1401 549 1472 631 ipso
1496 546 1593 613 valde
1615 548 1724 613 alieni.
1766 549 1944 633 Propterea
1967 551 2054 630 dicit,
2078 571 2141 618 aon
2161 555 2197 618 in

481 650 530 716 IN
555 650 707 718 OAPU'll
728 649 893 717 XLVIII,
1223 635 1366 713 emate,
1395 654 1491 717 acque
1512 635 1548 698 in
1568 634 1702 700 mutia.
1746 635 1911 702 Iustitiam
1941 648 2049 703 autem
2080 641 2197 789 accffiit
2316 637 2318 642 ’

1223 741 1282 803 pro
1304 720 1494 804 integritate
1516 717 1622 785 cordis
1645 728 1678 785 et
1699 722 1902 801 sinceritate,
1933 722 2002 788 sine
2024 744 2090 806 qua
2112 726 2144 789 n'
2172 725 2195 789 il

284 808 313 872 1.
342 804 473 892 (Audita
494 805 572 892 boc.)
615 805 712 870 Nunc
734 827 917 871 sermonem
946 803 1107 872 convertit
1130 805 1170 869 ad
1224 807 1294 871 Deo
1324 815 1490 889 acceptum
1520 826 1591 871 esse
1620 812 1741 888 potest:
1777 808 1827 874 rel
1861 808 1987 874 iustitia
2013 820 2046 875 et
2074 811 2196 877 veritas

196 893 344 969 Iudaeos,
367 901 404 957 ut
425 891 524 966 etiam
545 893 688 973 ipsorum
719 893 892 975 praecipue
921 892 1081 957 rationem
1112 891 1171 956 ha·
1223 911 1411 977 synonyma
1433 901 1525 958 aunt:
1548 893 1641 973 quasi
1663 890 1793 970 diceret,
1816 914 1941 959 meram
1968 915 2039 960 esse
2061 896 2195 962 simula·

198 981 268 1046 buit
290 980 324 1042 in
347 986 415 1043 tote
437 977 588 1059 proximo
610 979 725 1059 eapite.
763 977 832 1042 Nec
855 978 941 1042 enim
965 977 1085 1041 missus
1100 987 1171 1040 erat
1223 979 1347 1044 tionem
1374 982 1408 1042 et
1435 979 1558 1057 fucum,
1591 977 1675 1060 quod
1709 980 1950 1062 profitebantur
1983 1003 2017 1047 se
2039 982 2196 1063 populum

196 1065 405 1149 Babyloniis,
439 1061 495 1128 sed
526 1065 571 1127 ita
599 1065 688 1146 ipsos
718 1063 892 1144 compellat
922 1072 960 1126 ut
990 1084 1010 1126 a
1039 1061 1170 1127 Iudaeis
1223 1083 1295 1129 esse
1332 1065 1403 1130 veri
1436 1064 1515 1128 Dei:
1556 1064 1634 1145 quia
1667 1085 1779 1130 eorum
1811 1066 1948 1148 perfidia
1991 1066 2197 1134 mendacium

197 1151 303 1216 audiri
338 1149 435 1227 velit,
473 1148 592 1230 quibus
624 1150 828 1231 potissimum
869 1149 1050 1214 destinatus
1089 1158 1169 1212 erat.
1224 1151 1336 1231 aperte
1358 1150 1565 1234 coarguebat.

197 1235 389 1319 Babyloniis
412 1254 490 1317 ergo
513 1235 675 1301 excidium
699 1234 873 1318 nuntiavit,
898 1246 932 1299 ut
952 1233 1066 1299 Iudaei
1089 1233 1169 1298 libe·
1196 1304 1198 1308 ,
1307 1236 1337 1300 2.
1360 1234 1530 1320 (Quoniam
1546 1235 1585 1300 ab
1602 1235 1677 1301 erte
1694 1235 1826 1321 emta.)
1856 1235 1948 1301 Idem
1964 1247 2196 1322 argumentum

198 1323 358 1387 rationem
381 1318 507 1402 placide
529 1331 766 1403 exspectarent,
796 1340 856 1384 nec
876 1321 1002 1385 interea
1025 1322 1168 1401 ipsorum
1223 1324 1441 1404 prosequitur,
1472 1333 1503 1384 et
1532 1319 1606 1386 aliie
1628 1322 1738 1388 verbis
1767 1322 1886 1387 refellit
1916 1324 2104 1389 mendacem
2133 1325 2198 1391 iac·

197 1406 426 1491 magnitudine
448 1420 479 1470 ot
502 1408 645 1489 potentia
666 1419 877 1485 terrerentur,
901 1416 998 1488 atque
1021 1406 1073 1469 his
1096 1426 1170 1488 pro·
1223 1408 1375 1472 tantiam:
1398 1408 1476 1490 quia
1493 1407 1576 1472 falso
1598 1407 1763 1472 iactabant
1781 1430 1816 1473 se
1834 1409 1924 1474 urbis
1943 1421 2073 1474 sanotae
2095 1410 2195 1487 cives,

198 1495 307 1559 missis
329 1492 413 1574 freti,
433 1489 592 1557 adversus
613 1513 727 1557 omnes
750 1493 945 1557 tentationes
967 1492 1080 1556 invicti
1101 1505 1169 1556 sta·
1223 1514 1320 1575 quam
1342 1493 1475 1576 flagitiis
1497 1504 1530 1557 et
1551 1491 1727 1558 sceleribus
1749 1494 1817 1558 suis
1847 1494 2028 1560 foedabant.
2073 1494 2196 1561 Sancta

198 1590 282 1645 rent.
327 1577 437 1658 Quum
467 1590 578 1642 autem
609 1579 781 1660 praefracti
810 1588 921 1642 essent
949 1577 1081 1654 Iudaei,
1109 1598 1169 1641 nec
1194 1556 1197 1613 ¹
1222 1578 1335 1643 debuit
1356 1599 1427 1644 esee
1448 1577 1637 1656 Ierusalem,
1661 1599 1763 1662 quum
1786 1578 1879 1645 Deus
1901 1600 1974 1644 eam
1996 1580 2058 1645 sibi
2079 1600 2193 1646 conse·

198 1665 365 1748 promissis
398 1665 470 1728 istis
499 1663 597 1728 fidem
627 1663 802 1730 haberent:
837 1674 932 1746 atquo
962 1662 1170 1745 praevideret
1222 1673 1359 1730 orasset:
1382 1663 1439 1730 sed
1462 1673 1511 1729 tot
1527 1665 1691 1747 tantisque
1712 1665 1968 1746 inquinamentis
1985 1676 2196 1748 constuprata

196 1752 300 1816 isaias
321 1750 424 1832 qualis
447 1751 560 1814 futura
582 1760 667 1815 esset
690 1752 724 1813 in
747 1749 861 1814 exsilio
879 1769 1005 1831 quoque
1024 1751 1169 1830 ipsorum
1221 1751 1284 1814 fuit
1316 1760 1353 1814 ut
1384 1749 1469 1815 nihil
1502 1751 1569 1816 fere
1603 1752 1706 1815 sancti
1735 1751 1878 1816 haberet.
1931 1751 2053 1831 Quales
2085 1760 2195 1817 autem

199 1835 334 1901 durities
356 1849 388 1900 et
411 1837 627 1901 contumacia:
659 1836 732 1900 ideo
754 1835 983 1899 vehementius
1005 1835 1091 1917 ipsos
1113 1834 1168 1898 ob·
1222 1836 1334 1900 deceat
1355 1857 1426 1902 esse
1449 1857 1543 1901 veros
1560 1835 1781 1919 lerosolymae
1802 1836 1900 1912 cives,
1921 1837 2055 1902 Psalmo
2076 1837 2116 1902 15
2138 1838 2194 1922 (2),

197 1923 316 2006 iurgat.
373 1920 507 2001 Quanta
541 1941 637 2003 porro
670 1922 769 1986 fuerit
801 1941 912 1985 eorum
948 1920 1169 1997 incredulitas,
1221 1927 1255 1986 et
1277 1921 1320 1986 24
1341 1920 1398 2070 843),
1421 1920 1580 1987 videmus.
1616 1921 1683 1987 Sed
1707 1943 1805 2004 quum
1828 1921 1959 1986 Iudaeis
1980 1923 2090 1988 nullus
2110 1939 2195 1989 esset

109 2083 113 2091 ¹
198 2008 303 2090 magis
326 2028 366 2070 ex
383 2006 554 2072 Ezechiele
572 2014 679 2089 patet:
702 2027 803 2090 quum
818 2006 1069 2088 obloquerentur
1085 2005 1169 2089 Deo,
1221 2008 1325 2089 pudor
1382 2028 1419 2072 eo
1441 2007 1587 2087 illudere,
1609 2009 1690 2072 satis
1707 2017 1779 2071 erat
1796 2009 1920 2089 protegi
1939 2009 2051 2092 templi
2069 2010 2194 2075 umbra.

196 2114 393 2173 omnemque
415 2093 567 2158 fiduciam
590 2093 781 2172 obiicerent,
812 2111 871 2156 nee
897 2092 1001 2176 pluris
1023 2092 1169 2155 facerent
1192 2084 1198 2173 ι’
1221 2092 1318 2173 Quod
1351 2093 1429 2159 dicit
1461 2093 1603 2158 Iehovae
1635 2092 1752 2172 inniti,
1786 2113 1851 2156 non
1881 2093 2022 2175 loquitur
2050 2093 2090 2159 de
2118 2116 2196 2160 vera

195 2181 358 2261 promissa
390 2178 454 2243 Dei
487 2200 584 2260 quam
616 2180 731 2243 inanes
765 2178 889 2243 fabulas
921 2178 993 2263 (Ec.
1021 2177 1073 2253 33,
1104 2175 1167 2262 31).
1220 2179 1350 2257 fiducia,
1373 2177 1430 2244 sed
1451 2177 1648 2245 confidentia
1670 2178 1769 2243 inani.
1813 2178 1898 2243 Nam
1927 2189 1963 2243 ut
1992 2179 2037 2261 pii
2067 2201 2194 2245 recum-

197 2265 271 2329 Non
294 2265 352 2329 abs
374 2285 410 2329 re
432 2264 532 2347 igitur
556 2264 616 2330 hac
639 2264 846 2330 vehementia
875 2285 953 2328 usus
983 2275 1032 2328 est
1054 2263 1168 2342 Isaiae,
1221 2264 1304 2329 bunt
1323 2264 1361 2328 in
1379 2265 1460 2341 Deo,
1478 2272 1609 2347 totoque
1626 2266 1733 2328 animo
1751 2266 2001 2347 conquiescunt:
2026 2266 2072 2329 ita
2091 2266 2193 2350 hypo·

197 2364 234 2415 ut
255 2349 442 2415 ostenderet
470 2350 510 2415 ab
541 2350 582 2416 iis
611 2370 774 2416 summam
805 2351 874 2415 Deo
904 2350 975 2414 fieri
1004 2348 1168 2425 iniuriam,
1221 2352 1320 2416 eritae
1351 2351 1434 2415 falso
1464 2371 1581 2414 nomen
1613 2352 1681 2415 eius
1713 2349 1904 2429 obtendunt,
1937 2371 2087 2434 vanaque
2119 2372 2194 2435 per·

197 2435 282 2518 quod
304 2436 339 2499 in
362 2437 469 2518 gratia
490 2436 593 2516 ipsius
608 2435 796 2502 recumbere
813 2434 946 2500 nollent.
980 2434 1168 2518 Alloquitur
1220 2437 1371 2502 suasione
1393 2435 1606 2515 inebriantur,
1638 2451 1671 2500 et
1693 2436 1798 2500 securi
1824 2437 1935 2501 omnia
1963 2447 2193 2501 contemnunt:

197 2521 364 2599 Israelem,
386 2522 442 2585 scd
467 2522 523 2604 qui
546 2543 581 2585 re
603 2523 674 2605 ipsa
697 2523 837 2605 degener
860 2522 957 2585 titulo
979 2530 1074 2585 tenus
1089 2533 1168 2586 tunc
1220 2521 1420 2587 confidenter
1448 2523 1547 2586 etiam
1576 2522 1700 2587 iactant
1727 2522 1808 2587 istas
1837 2543 1949 2604 voees,
1981 2524 2072 2587 Deus
2102 2522 2193 2588 nobis

200 2620 269 2672 erat
301 2607 415 2671 Israel.
470 2607 539 2673 Nee
572 2611 660 2672 enim
692 2607 909 2671 honorificum
949 2608 1010 2671 hoc
1049 2626 1168 2670 nomen
1221 2605 1336 2684 aderit,
1360 2629 1426 2671 non
1443 2607 1567 2672 reiiciet
1587 2607 1741 2690 populum
1761 2629 1870 2672 suum:
1895 2627 1932 2672 ae
1950 2607 1977 2671 si
1995 2607 2088 2672 Deus
2110 2611 2193 2689 ipso·

197 2704 335 2774 usurpat
358 2692 489 2756 honoris
511 2712 624 2756 causa:
647 2693 704 2757 sed
726 2693 834 2774 potius
857 2704 894 2755 ut
917 2692 1032 2756 falsam
1054 2712 1167 2755 eorum
1220 2714 1294 2757 rum
1316 2693 1478 2775 nequitiae
1499 2693 1610 2757 favere
1634 2693 1740 2757 vellet.
1786 2692 1934 2774 Denique
1957 2714 2033 2756 eum
2055 2693 2192 2775 pedibus

198 2778 384 2843 iactantiam
407 2778 588 2855 convineat,
612 2779 698 2861 quod
720 2780 842 2842 frustra
858 2777 978 2842 illustri
994 2777 1056 2841 hoc
1073 2777 1168 2840 titulo
1220 2778 1383 2856 calcando,
1406 2779 1578 2862 magnifiee
1600 2778 1790 2860 praedicant
1812 2779 1872 2842 sibi
1897 2799 1967 2843 esse
1990 2779 2116 2863 salutis¹
2129 2777 2192 2842 ful-

198 2862 427 2948 gloriarentur,
450 2884 469 2927 a
490 2863 584 2928 cuius
602 2863 742 2928 veritate
759 2875 853 2926 erant
868 2861 1041 2927 admodum
1059 2861 1168 2925 alieni.
1220 2880 1336 2928 turam.
1379 2866 1481 2946 Atqui
1499 2885 1540 2927 ne
1559 2865 1750 2929 existiment
1769 2863 1947 2928 ludibrium
1971 2864 2030 2928 hoc
2052 2863 2113 2928 sibi
2136 2865 2194 2928 im·

198 2950 267 3015 Our
290 2949 376 3013 enim
401 2949 462 3014 hoc
482 2948 614 3012 nomine
645 2971 664 3013 a
686 2950 757 3013 Deo
785 2948 963 3032 insignitus
992 2958 1039 3013 est
1061 2948 1168 3025 Iacob,
1221 2971 1306 3031 pune
1323 2950 1400 3023 fore,
1422 2949 1576 3014 admonet
1593 2948 1760 3032 propheta,
1778 2948 1855 3013 dum
1873 2950 1920 3014 ita
1938 2949 2193 3031 transfiguratur

198 3037 260 3100 nisi
284 3035 368 3116 quod
391 3056 426 3099 se
449 3034 567 3098 fortem
586 3046 619 3099 et
637 3035 795 3100 invictum
814 3034 849 3097 in
868 3034 1014 3099 advorsis
1032 3034 1168 3115 praesti·
1222 3035 1313 3100 Deus
1334 3033 1383 3098 'ab
1409 3034 1598 3118 hypocritis,
1633 3034 1718 3098 nihil
1747 3035 1852 3099 minui
1881 3034 1920 3099 de
1949 3035 2019 3100 eius
2046 3036 2192 3117 imperio.

198 3120 316 3186 tisset?
349 3120 433 3202 quod
456 3120 544 3186 lueta
567 3120 623 3184 illa
645 3121 678 3184 in
703 3140 767 3203 qua
794 3140 988 3204 congressus
1016 3130 1066 3185 est
1094 3139 1168 3184 cum
1220 3120 1306 3185 Nam
1329 3121 1414 3203 quod
1439 3120 1547 3185 Deum
1577 3122 1777 3186 exercituum
1808 3132 1910 3198 vocat,
1940 3120 2001 3185 hoc
2030 3120 2121 3185 addit
2150 3119 2193 3186 ad

200 3205 284 3288 Deo,
315 3207 526 3289 significabat.
572 3205 656 3270 Nam
680 3227 779 3289 quum
804 3206 966 3271 Dominus
990 3206 1087 3270 variis
1110 3225 1169 3269 nos
1221 3206 1517 3289 comminationem,
1535 3217 1574 3271 ut
1590 3206 1812 3289 intelligerent
1827 3206 1945 3284 Deum,
1965 3207 2056 3270 cuius
2073 3227 2193 3272 nomen

201 3294 368 3357 aerumnis
391 3298 531 3373 exercet,
555 3291 793 3373 quodammodo
816 3292 850 3355 in
873 3303 1036 3356 certamen
1061 3290 1185 3355 nobis·
1221 3292 1302 3358 falso
1325 3291 1554 3368 obtendebant,
1577 3295 1657 3358 satis
1680 3300 1845 3373 potentem
1869 3292 1936 3356 fore
1959 3290 2000 3356 ad
2022 3292 2109 3373 ipsos
2132 3314 2193 3375 pu·

200 3399 276 3442 cum
310 3380 409 3441 venit.
465 3376 529 3456 qui
564 3378 666 3460 igitur
699 3377 759 3441 hoc
796 3398 914 3442 nomen
954 3377 1170 3443 conveniebat
1220 3378 1366 3461 mondus,
1389 3399 1427 3443 ae
1449 3379 1582 3442 minime
1605 3377 1736 3442 tandem
1760 3398 1930 3459 passurum
1961 3398 1997 3440 so
2026 3379 2073 3441 ita
2105 3378 2191 3442 ludi·

198 3464 388 3546 posteritati.
407 3463 436 3527 si
454 3465 551 3528 rebus
569 3464 716 3528 adversis
734 3464 836 3528 fracta
852 3484 982 3527 omnem
1001 3484 1041 3527 ex
1060 3464 1169 3526 animo
1220 3464 1291 3528 brie
1313 3464 1437 3528 haberi.

199 3570 290 3632 spem
324 3547 513 3613 abiiciebat?
563 3549 750 3632 Exprobrat
790 3548 906 3613 deinde
944 3548 1029 3631 quod
1068 3568 1169 3630 quum
1306 3551 1336 3614 3.
1360 3548 1490 3633 (Priora
1511 3550 1578 3613 ium
1598 3548 1702 3696 olimss
1735 3548 1876 3612 Accusat
1897 3547 2036 3612 Iudaeos
2058 3547 2192 3630 ingrati·

201 3636 360 3718 originem
394 3634 515 3699 ducant
547 3655 568 3699 a
598 3636 719 3701 sanctis
752 3634 917 3716 patribus,
958 3635 1026 3698 sint
1059 3648 1169 3697 tamen
1221 3635 1360 3700 tudinis:
1388 3634 1473 3716 quod
1496 3633 1647 3698 diffidant
1704 3654 1750 3708 eo,
1774 3635 1830 3714 qui
1854 3633 1977 3698 nullum
2003 3653 2068 3696 non
2090 3633 2193 3714 speci·

199 3741 334 3803 prorsus
365 3721 445 3802 ipsis
485 3720 669 3786 dissimiles.
724 3720 809 3784 Nam
849 3741 908 3801 per
947 3740 1047 3803 aquas
1087 3717 1170 3782 Iuda
1221 3743 1297 3785 men
1324 3720 1425 3784 edidit
1453 3740 1532 3783 suae
1562 3719 1725 3797 bonitatis,
1754 3729 1789 3782 ut
1818 3738 1873 3782 eos
1903 3719 1938 3783 in
1967 3739 2047 3783 vera
2074 3717 2194 3784 fiducia

198 3807 418 3888 metaphorice
450 3805 607 3888 intelligit
638 3808 761 3871 fontem
795 3815 827 3869 et
860 3806 1094 3888 scaturiginem
1127 3825 1171 3868 ex
1221 3809 1440 3871 confirmaret.
1475 3803 1617 3869 Omnem
1640 3826 1717 3888 ergo
1738 3806 1779 3868 iis
1802 3806 2045 3869 excusationem
2067 3803 2192 3887 adimit,

200 3914 265 3975 qua
286 3891 400 3956 Iudaei
423 3892 485 3954 orti
507 3900 611 3957 erant.
656 3893 725 3957 Nec
748 3893 834 3955 enim
858 3892 1018 3956 assentior
1040 3890 1171 3954 Iudaeis
1222 3913 1321 3974 quum
1344 3913 1379 3956 ss
1406 3892 1515 3972 priora
1542 3891 1756 3955 annuntiasse
1784 3890 1871 3956 dicit.
1916 3889 2056 3954 Videtur
2085 3902 2195 3954 autom

200 3978 254 4060 qui
278 3997 438 4058 aquarum
458 3977 589 4041 nomine
607 3998 738 4059 sperma
755 3977 954 4060 intelligunt,
977 3975 1062 4057 quod
1078 3975 1170 4058 liqui·
1223 3978 1319 4059 loqui,
1343 3998 1406 4040 non
1430 3975 1469 4040 de
1492 3977 1584 4040 exitu
1613 3976 1815 4059 babylonico,
1844 3977 1901 4041 sed
1930 3975 1970 4041 de
1998 3975 2070 4039 aliis
2098 3975 2195 4041 bene·

200 4063 278 4128 dum
300 4071 333 4127 et
353 4082 510 4143 aquosum
533 4063 577 4125 sit
598 4061 671 4146 (hoc
691 4064 778 4127 enim
796 4063 921 4145 puerile
939 4063 1002 4148 est)
1021 4062 1076 4127 sed
1094 4065 1171 4143 apte
1195 4056 1198 4063 ’
1221 4064 1303 4129 ficiis
1336 4083 1418 4143 quae
1451 4059 1615 4128 Dominus
1645 4063 1680 4126 in
1710 4072 1839 4145 gentem
1873 4061 1963 4134 illam
1994 4059 2193 4125 contulerat:

199 4150 271 4214 fluit
293 4147 473 4214 similitudo
495 4149 535 4212 ab
558 4149 649 4229 aquis
673 4149 769 4214 ducta
792 4168 874 4230 quae
893 4148 1043 4213 alicunde
1061 4147 1170 4212 oriun-
1224 4171 1261 4214 ae
1282 4149 1310 4212 si
1334 4149 1455 4211 diceret
1477 4147 1586 4212 Deum
1608 4148 1673 4211 iam
1696 4147 1800 4212 multo
1828 4148 1917 4229 prius
1946 4156 2094 4230 tempore
2122 4167 2195 4211 coe·

199 4248 263 4300 tur.
318 4234 385 4300 Ubi
418 4254 496 4298 vero
530 4253 583 4298 eos
616 4235 825 4316 perstrinxit,
864 4233 950 4317 quod
983 4245 1170 4298 sanctorum
1224 4236 1310 4317 pisse
1342 4232 1529 4314 praedicere
1563 4233 1683 4317 populo
1715 4254 1774 4298 suo
1806 4254 1888 4315 quae
1917 4243 2058 4296 ventura
2090 4248 2193 4309 erant,

200 4333 331 4403 patrum
354 4319 532 4403 degeneres
554 4329 662 4385 essent
686 4339 723 4384 ae
745 4321 894 4401 perversi
916 4321 988 4397 filii,
1023 4320 1172 4400 adiungit
1223 4318 1483 4400 necquidquam
1507 4320 1694 4400 promisisse
1724 4318 1810 4400 quod
1840 4340 1875 4383 re
1906 4319 1977 4400 ipsa
2002 4338 2069 4382 non
2100 4339 2194 4400 prae·

200 4406 357 4471 fallaciter
380 4405 556 4471 obtendere
578 4405 643 4469 Dei
665 4404 799 4480 cultum,
822 4418 856 4470 et
877 4407 1017 4489 speciem
1041 4404 1172 4487 pietatis
1223 4406 1359 4470 stiterit:
1390 4425 1449 4469 nee
1480 4415 1588 4469 tamen
1612 4403 1768 4488 populum
1791 4414 1865 4485 post
1895 4413 1943 4467 tot
1970 4404 2195 4485 experimenta

201 4489 425 4574 aqualonga
447 4492 673 4557 suntremoti.
719 4490 806 4571 Quia
836 4513 915 4557 vero
943 4488 1171 4557 iusiurandum
1225 4490 1366 4573 liquidae
1388 4499 1422 4554 et
1442 4489 1596 4555 indubiae
1619 4490 1748 4555 veritati
1775 4490 1873 4555 fidem
1904 4489 2033 4554 habere.
2079 4489 2194 4555 Potest

201 4577 325 4659 speeies
355 4591 404 4640 est
432 4578 539 4642 cultus
568 4577 647 4657 Dei,
680 4577 821 4660 speciem
851 4577 904 4641 hie
933 4598 991 4659 pro
1022 4578 1172 4641 universo
1223 4577 1320 4641 etiam
1343 4575 1415 4653 dici,
1437 4576 1628 4659 prophet-am
1651 4596 1716 4639 non
1738 4575 1843 4640 solum
1866 4576 1992 4657 eosqui
2011 4576 2195 4640 tuncvive-

203 4682 322 4746 genere
344 4662 453 4744 ponit,
482 4664 726 4746 synecdochice.
771 4661 1055 4742 Quemadmodum
1084 4662 1171 4725 enim
1224 4663 1312 4740 bant,
1335 4662 1391 4727 sed
1416 4662 1471 4744 qui
1495 4671 1607 4744 postea
1635 4662 1669 4725 in
1700 4661 1814 4725 exsilio
1836 4661 1954 4726 victuri
1984 4669 2085 4738 erant,
2116 4660 2196 4724 allo·

202 4747 392 4812 idololatrae
424 4746 531 4813 Deum
564 4749 713 4815 afficiunt
751 4749 963 4826 contumelia,
1002 4749 1079 4812 dum
1114 4767 1173 4827 per
1196 4742 1199 4791 l
1224 4759 1361 4831 quutum
1391 4767 1478 4813 esse:
1513 4752 1550 4810 ut
1580 4767 1680 4828 quum
1707 4747 1876 4814 accidisset
1907 4747 1988 4811 haec
2015 4746 2195 4821 calamitas,

202 4833 291 4899 idola
312 4853 373 4898 sua
395 4832 522 4897 iurant:
555 4835 600 4898 ita
622 4836 692 4900 veri
716 4834 779 4898 Dei
810 4833 951 4900 cultores
980 4835 1088 4899 Deum
1115 4833 1172 4897 ho·
1223 4835 1288 4898 iam
1309 4842 1406 4898 antea
1428 4833 1626 4915 praedictam
1650 4853 1721 4898 esse
1747 4835 1937 4917 cogitarent.
1982 4832 2077 4895 Hanc
2107 4831 2195 4895 enim

204 4940 288 4985 nore
304 4919 461 4998 afficiunt,
482 4920 551 4984 eius
574 4939 693 4984 nomen
715 4917 900 4984 adhibendo
917 4920 952 4982 in
971 4920 1172 4984 iuramentis.
1223 4919 1429 5002 prophetiam
1452 4918 1545 4983 Deus
1567 4918 1725 4984 celebrem
1747 4940 1818 4985 esse
1841 4919 1953 4995 voluit,
1983 4925 2022 4980 ut
2050 4925 2196 4998 tempore

203 5005 409 5071 Profitentur
431 5005 518 5068 enim
541 5024 576 5070 se
599 5026 700 5070 unum
720 5004 841 5070 habere
859 5004 978 5082 Deum,
1000 5006 1094 5071 cuius
1115 5025 1172 5069 no·
1225 5005 1333 5070 exsilii
1355 5005 1477 5070 scirent
1498 5003 1578 5069 haec
1600 5005 1735 5070 fortuita
1756 5025 1822 5069 non
1846 5025 1925 5081 esse,
1949 5011 1981 5068 et
2002 5003 2196 5067 consolatio·

204 5093 291 5155 mine
309 5091 502 5174 gloriantur.
530 5089 596 5156 Hic
612 5101 722 5156 autem
738 5091 907 5155 invehitur
925 5091 958 5154 in
978 5091 1173 5177 hypocritas,
1225 5112 1301 5156 nem
1342 5090 1483 5174 aliquam
1520 5090 1735 5174 perciperent.
1798 5093 1863 5155 Eos
1904 5090 2005 5172 igitur
2044 5089 2197 5172 obiurgat

203 5177 258 5259 qui
288 5177 394 5259 plenis
422 5176 534 5240 ¹buccis
556 5174 753 5241 detonabant
788 5197 907 5241 nomen
938 5177 1009 5255 Dei,
1039 5178 1173 5259 eiusque
1197 5186 1201 5285 ι
1225 5177 1340 5258 Isaiae,
1362 5175 1448 5259 quod
1469 5197 1569 5258 quum
1590 5179 1759 5242 veritatem
1779 5178 1826 5241 rei
1845 5184 2043 5258 cognoscant
2060 5197 2102 5240 ex
2124 5175 2196 5258 ipso

204 5263 335 5346 saepius
357 5264 554 5328 mentionem
581 5262 759 5328 faciebant:
793 5264 918 5328 interca
947 5283 1026 5328 vero
1056 5262 1174 5328 animis
1196 5290 1202 5337 ι
1226 5271 1364 5327 eventu:
1398 5272 1509 5328 umen
1543 5283 1625 5347 opus
1659 5264 1721 5328 Dei
1754 5281 1939 5346 agnoscere,
1971 5262 2065 5343 eique
2098 5261 2196 5326 fidem
