4784 5970
126 360 189 426 417
987 361 1136 430 CAPUT
1158 360 1268 428 LXV.
2060 365 2125 432 418

126 547 258 614 irritum
281 550 360 624 fore,
381 548 513 615 snbiioit
527 548 629 615 alium
644 548 707 616 sibi
722 550 878 634 populum
893 550 1097 615 exoriturum
1229 548 1357 615 Morem
1384 546 1594 631 praedixerat
1615 548 1794 631 Dominus,
1824 547 1905 613 adeo
1934 557 1973 614 ut
2001 569 2124 616 novum

127 633 184 716 qui
216 641 292 700 ante
319 633 430 701 nullus
462 635 584 717 fuerat,
619 643 652 700 et
685 635 740 700 ubi
794 635 862 700 rius
895 635 1097 718 inoognitnm
1149 569 1338 701 bdrovideri
1360 655 1426 699 non
1449 634 1596 701 deberet:
1628 635 1699 716 Ipsi
1728 642 1987 716 prorooarerunt
2013 655 2067 700 me
2088 637 2124 702 in

126 719 247 796 fuerat,
275 740 393 785 nomen
420 740 518 786 suum
547 719 675 787 eelebra
699 727 731 785 et
752 656 880 786 illustre
901 721 979 784 fore.
1023 719 1098 786 Hoo
1149 739 1188 785 eo
1211 718 1267 819 qui
1287 728 1427 785 nonest
1449 718 1544 785 deus:
1583 718 1624 785 ad
1646 719 1851 786 iraoundiam
1874 720 2126 786 ooneitaverunt

125 803 239 869 Iudaei
261 805 365 869 instar
388 806 530 888 portenti
552 826 623 871 esea
646 805 819 884 duoebant,
846 815 943 887 atque
965 806 1097 870 omnino
1149 824 1202 869 me
1224 826 1259 869 m
1287 803 1486 870 vanitatibus
1516 805 1599 870 suis:
1634 812 1667 869 et
1695 824 1757 888 ego
1787 825 1915 888 quoque
1943 805 2125 887 provooabo

126 887 270 954 alienum
297 890 486 957 indioebant
514 912 535 956 a
563 891 695 957 foedare
723 890 808 974 quod
830 890 995 955 Dominus
1023 910 1097 954 eum
1149 910 1204 956 eos
1225 890 1260 954 in
1284 910 1321 955 eo
1342 889 1399 971 qui
1422 910 1488 954 non
1511 899 1560 956 est
1582 890 1730 972 populns,
1754 890 1789 954 in
1811 899 1910 974 genta
1927 890 2029 956 stulta
2051 892 2125 957 irri-

127 974 316 1040 Abrahamo
344 976 480 1056 inierat,
511 977 540 1041 si
572 976 613 1041 ad
647 976 728 1042 alios
757 996 854 1060 quam
881 975 922 1041 ad
952 984 1098 1058 posteros
1150 974 1224 1040 tabo
1253 976 1325 1040 illos
1354 973 1467 1060 (Deua
1491 975 1544 1054 32,
1565 975 1632 1060 21).
1682 974 1836 1057 Denique
1862 975 1950 1040 idem
1979 977 2126 1043 minatur

126 1058 315 1126 huiusmodi
344 1060 537 1128 benefieium
567 1062 738 1128 transferri
767 1063 980 1146 eontingeret.
1030 1059 1098 1128 Sed
1149 1082 1237 1127 nuno
1259 1059 1419 1143 propheta
1440 1060 1525 1143 quod
1549 1073 1660 1144 postea
1686 1081 1705 1124 a
1728 1059 1861 1127 Obristo
1891 1059 2125 1127 denuntiatum

148 1146 288 1228 ropheta
309 1147 446 1212 stultam
475 1148 515 1214 iis
545 1145 699 1214 fiduoiam
728 1147 872 1213 adimere
901 1147 1022 1226 voluit,
1056 1167 1097 1211 ne
1149 1145 1214 1210 fuit
1235 1166 1337 1229 quum
1368 1147 1553 1213 exeaeoatio
1582 1148 1739 1213 instaret:
1775 1147 1954 1211 Auferetur
1984 1167 2005 1211 a
2033 1148 2125 1214 vobis

162 1251 237 1295 enm
262 1233 443 1312 posteritati
466 1232 617 1298 Abrahae
639 1233 808 1318 alligatum
831 1240 994 1315 putarent.
1028 1232 1097 1298 Neo
1149 1252 1290 1314 regnum
1306 1230 1380 1309 Dei,
1403 1241 1436 1295 et
1458 1231 1587 1297 dabitur
1608 1232 1701 1316 genti
1724 1251 1806 1314 quae
1823 1232 1966 1296 frnotum
1983 1232 2126 1313 proferet

125 1316 213 1380 enim
235 1316 399 1382 Dominus
421 1318 462 1384 iis
491 1339 526 1384 se
554 1320 777 1385 obstrinxerat
804 1318 869 1382 nisi
898 1329 987 1384 oerta
1016 1319 1098 1402 lege,
1149 1315 1282 1402 (Matth.
1304 1318 1356 1397 21,
1376 1316 1443 1402 43).
1488 1316 1600 1399 Quum
1623 1317 1701 1382 dieit
1730 1317 1929 1400 patefaotum
1951 1316 1993 1381 iri
2015 1315 2126 1382 Deum

124 1421 222 1482 quam
245 1402 273 1466 si
296 1403 473 1482 violarent,
504 1412 540 1468 ut
561 1404 731 1488 foedifragi
762 1411 795 1468 et
824 1403 938 1486 perfidi
968 1403 1098 1468 nullum
1148 1402 1192 1466 aa
1211 1403 1267 1483 qui
1287 1423 1351 1468 reon
1371 1403 1617 1486 emergebant,
1640 1402 1782 1468 ostendit
1800 1410 1915 1485 gentes
1930 1412 2126 1483 praeventas

125 1505 166 1551 ex
206 1485 335 1551 foedere
374 1489 515 1554 frustum
558 1490 849 1572 oonsequebantur.
911 1489 980 1555 Neo
1018 1507 1098 1554 vero
1149 1508 1220 1553 esse
1243 1489 1349 1572 gratia
1370 1488 1450 1565 Dei,
1482 1487 1742 1572 necquidquam
1765 1486 1913 1552 attulisse
1935 1488 2044 1552 meriti
2067 1497 2127 1552 aut

123 1570 278 1637 Abrabae
301 1579 432 1638 tantum
455 1581 488 1639 at
509 1573 549 1638 iis
572 1576 626 1656 qui
649 1574 809 1657 originem
831 1575 871 1640 ab
900 1574 971 1657 ipso
1000 1573 1097 1640 duoe-
1149 1573 1326 1656 dignitatis,
1352 1593 1415 1655 quo
1431 1574 1541 1639 Deum
1563 1588 1788 1657 promouent,
1811 1570 1897 1654 quod
1919 1583 2031 1653 aperte
2049 1592 2125 1637 oon·

124 1655 205 1721 bant
233 1658 320 1723 faeta
352 1666 424 1723 erat
456 1659 644 1742 promissio,
677 1660 735 1724 sed
768 1659 918 1725 omnibus
951 1659 1008 1742 qni
1040 1681 1099 1743 per
1149 1660 1240 1725 venit
1272 1678 1346 1724 oum
1379 1679 1418 1723 ao
1451 1658 1523 1724 loeo
1557 1679 1653 1742 quem
1691 1659 1882 1737 eitavimus,
1924 1657 1979 1721 ubi
2013 1657 2125 1724 Moses

123 1740 220 1805 fidem
242 1742 278 1806 in
300 1742 372 1809 eius
392 1744 552 1809 familiam
574 1744 741 1810 inserendi
773 1755 876 1811 erant.
921 1743 989 1810 Sed
1011 1766 1098 1811 oom-
1148 1753 1280 1829 gentem
1303 1744 1439 1809 stultam
1462 1743 1613 1826 appellat.
1657 1743 1775 1826 Itaque
1797 1741 1858 1807 sub
1879 1750 1959 1824 typo
1989 1744 2126 1810 univer·

124 1827 252 1893 modius
274 1828 338 1893 erit
360 1850 380 1894 a
401 1828 544 1896 seeundo
559 1851 657 1896 versu
671 1829 827 1914 incipere,
849 1832 906 1896 ubi
922 1831 1099 1913 exponitur
1149 1830 1208 1896 sali
1232 1829 1385 1896 deseribit
1412 1829 1526 1911 quales
1556 1831 1622 1895 sint
1649 1829 1800 1894 homines
1831 1837 2007 1910 antequam
2037 1828 2127 1911 ipsos

123 1912 306 1979 reiectionis
327 1935 434 1996 eausa,
456 1935 521 1998 quo
544 1915 638 1981 uobis
660 1915 778 1983 melius
792 1924 903 1999 pateat
919 1915 1098 2001 prophetae
1148 1915 1311 1980 Dominus
1344 1914 1569 1981 miserioordia
1597 1935 1658 1979 sua
1690 1915 1891 1997 praeveniat.
1936 1912 2005 1977 Neo
2037 1915 2126 1978 enim

122 1997 305 2063 eonsilium.
1149 2001 1306 2067 invocant
1327 2000 1519 2081 Dominum,
1548 2019 1608 2065 neo
1630 2007 1802 2083 quaerunt,
1832 1995 1953 2063 neoda
1976 2017 2013 2060 eo
2036 1999 2125 2081 eogi-

207 2083 238 2147 2.
261 2082 450 2168 (Expandi.)
493 2085 637 2153 Aoensat
657 2087 805 2168 Iudaeos,
827 2095 927 2169 atque
949 2086 989 2151 de
1012 2086 1097 2170 ipso·
1149 2093 1232 2151 tant.
1285 2087 1334 2151 Ao
1368 2084 1543 2170 diligenter
1576 2084 1740 2150 notandus
1773 2092 1824 2149 est
1856 2082 1911 2146 bio
1943 2082 2051 2166 loeus,
2083 2082 2126 2148 ad

121 2187 194 2232 rum
227 2169 464 2252 ingratitudine
498 2182 530 2237 et
560 2175 763 2239 oontumaoia
797 2175 964 2255 queritur:
999 2183 1098 2255 atque
1148 2169 1377 2236 stabiliendam
1407 2172 1637 2238 oartitudinem
1667 2176 1798 2236 nostrae
1829 2167 2017 2234 vocationis.
2063 2169 2126 2234 Est

122 2252 199 2319 hine
222 2253 426 2321 demonstrat
448 2256 574 2322 nullam
596 2279 667 2324 asse
689 2278 819 2325 eausam
841 2279 902 2324 our
928 2259 991 2324 sibi
1013 2259 1097 2323 iniu·
1148 2258 1234 2322 enim
1258 2257 1339 2323 haee
1360 2257 1463 2322 veluti
1486 2258 1587 2323 olavis
1609 2277 1673 2339 qua
1695 2255 1789 2321 nobis
1803 2273 1942 2337 regnum
1958 2253 2123 2319 eoelorum

122 2338 203 2403 riam
226 2341 296 2404 fieri
319 2338 438 2425 disant,
461 2343 488 2406 si
505 2343 668 2409 Dominus
684 2345 823 2428 gratiam
845 2345 882 2409 in
900 2345 982 2409 alios
1003 2362 1095 2409 suam
1147 2343 1302 2425 aperitur.
1357 2341 1447 2409 Hine
1480 2351 1614 2425 paratae
1645 2351 1679 2408 et
1711 2340 1907 2423 tranquillae
1939 2335 2123 2404 redduntur

122 2424 308 2490 transferat.
353 2426 595 2510 Superbiabant
613 2429 737 2513 Iudaei,
760 2438 857 2513 atque
876 2430 1097 2496 efferebantur
1147 2428 1365 2494 oonsoientiae
1387 2436 1532 2508 nostrae,
1559 2448 1640 2511 quae
1663 2447 1792 2509 semper
1822 2424 1940 2489 dubiae
1970 2431 2003 2488 et
2032 2426 2123 2491 anoi·

121 2510 156 2572 in
178 2510 298 2594 Deum,
321 2515 414 2594 quasi
437 2533 498 2578 suo
521 2515 639 2580 merito
660 2515 756 2581 elsoti
779 2523 899 2580 essent.
934 2516 1096 2581 Dominus
1148 2514 1230 2596 pites
1252 2523 1377 2591 essent,
1409 2514 1473 2578 nisi
1495 2512 1690 2579 testimoniis
1713 2509 1901 2577 huiusmodi
1927 2509 2123 2575 niterentur.

122 2595 162 2659 ob
185 2595 460 2679 ingratitudinem
482 2609 515 2664 et
535 2600 743 2665 insolentiam
765 2601 859 2665 istam
889 2601 976 2682 ipsos
1006 2600 1097 2666 velut
1149 2599 1309 2665 Videmus
1332 2619 1410 2682 ergo
1432 2619 1498 2664 non
1521 2615 1644 2664 temere
1664 2619 1725 2664 neo
1739 2597 1849 2664 subito
1865 2615 1942 2661 oasn
1958 2594 2123 2674 eooidisse,

122 2680 275 2762 indignos
298 2683 413 2763 reiioit,
442 2690 540 2768 atque
570 2686 747 2768 exprobrat
776 2685 862 2766 qnod
890 2687 1010 2751 frustra
1039 2707 1096 2751 ax·
1148 2693 1184 2751 nt
1207 2705 1398 2750 veneremur
1412 2704 1432 2747 a
1446 2684 1528 2762 Deo,
1552 2694 1647 2767 atque
1662 2683 1802 2768 populus
1817 2682 1888 2747 eius
1903 2700 2122 2759 oenseremur,

124 2765 273 2845 panderit
311 2789 429 2833 manns
468 2791 545 2835 suas
584 2781 620 2835 ut
659 2791 713 2837 eos
752 2770 930 2836 adduoeret
969 2770 1096 2853 sibique
1148 2790 1249 2852 quum
1270 2769 1305 2834 id
1332 2769 1527 2851 iampridem
1557 2769 1668 2836 multis
1696 2767 1890 2834 testimoniis
1919 2765 2123 2848 praediotum

123 2850 325 2933 adiungeret.
371 2854 456 2918 Nam
477 2875 537 2936 per
558 2857 794 2939 expansionem
817 2876 973 2921 mannum
996 2856 1098 2939 signi·
1147 2865 1242 2921 esset.
1286 2855 1339 2919 lix
1362 2855 1424 2921 hoo
1446 2854 1515 2920 looo
1545 2854 1669 2920 Paulus
1698 2850 1961 2939 (Rom.10,20)
1990 2851 2123 2920 fortiter

122 2936 199 3000 fioat
220 2938 441 3018 quotidianam
464 2941 701 3007 invitationem.
734 2941 837 3006 Varie
852 2950 961 3008 autem
978 2961 1096 3007 manus
1147 2948 1272 3025 pugnat
1292 2961 1353 3024 pro
1375 2938 1548 3006 venatione
1570 2940 1735 3024 gentium:
1759 2958 1797 3004 ao
1819 2938 1899 3004 dioit
1919 2937 2042 3003 Isaiam
2066 2960 2122 3005 au·

123 3021 271 3086 extendit
294 3022 335 3087 ad
357 3044 416 3089 nos
439 3027 611 3093 Dominus.
656 3027 741 3092 Nam
762 3036 820 3091 aut
848 3047 884 3092 re
909 3035 967 3092 ant
996 3028 1096 3093 verbo
1148 3024 1225 3090 dere
1246 3027 1374 3092 fortiter
1394 3026 1537 3092 olamare
1559 3036 1592 3091 et
1613 3045 1758 3090 asserere
1780 3032 1897 3107 gentes
1919 3042 1989 3088 esse
2011 3024 2122 3091 aDeo

121 3126 180 3170 nos
202 3106 242 3170 ad
266 3129 302 3173 se
324 3108 435 3176 allioit.
479 3111 552 3178 Hoe
582 3112 653 3179 loeo
681 3113 856 3195 praeeipue
886 3113 928 3178 ad
958 3113 1096 3178 verbum
1148 3121 1292 3194 voratas,
1322 3112 1398 3195 quia
1419 3113 1527 3178 maius
1554 3109 1709 3194 quiddam
1740 3120 1772 3175 et
1800 3109 1921 3175 elarius
1951 3111 2122 3191 expressit,

122 3192 235 3257 referri
258 3192 363 3259 debet.
407 3195 585 3279 Nunquam
613 3198 757 3282 loquitur
785 3199 957 3265 nobiseum
979 3197 1095 3264 Domi·
1148 3218 1246 3280 quam
1273 3197 1375 3262 ferrat
1403 3197 1486 3261 ratio
1514 3196 1604 3262 illius
1633 3196 1798 3279 temporis.
1844 3195 1989 3259 Aeterno
2019 3195 2122 3278 igitur

122 3296 194 3360 nus,
225 3279 302 3360 quin
325 3280 421 3344 simul
444 3301 579 3347 manum
601 3285 758 3367 porrigat,
788 3293 824 3349 ut
853 3306 914 3350 nos
937 3283 998 3349 sibi
1021 3304 1096 3350 oon·
1147 3280 1281 3349 oonsilio
1304 3282 1367 3346 Dei
1389 3282 1486 3367 longe
1508 3292 1684 3366 antequam
1707 3302 1759 3347 res
1788 3278 1948 3346 aonideret
1978 3300 2037 3345 nos
2068 3302 2123 3347 vo·

122 3362 253 3446 iungat,
293 3385 432 3447 eumque
465 3368 607 3433 vioissim
639 3369 733 3434 nobis
772 3371 993 3452 propinquum
1026 3390 1096 3435 esse
1148 3380 1236 3434 eatos
1259 3388 1330 3433 essa
1359 3366 1413 3432 hio
1440 3369 1663 3450 perspicimus.
1708 3368 1768 3432 Bis
1797 3373 1949 3447 repetens
1978 3384 2040 3430 eoae
2067 3386 2137 3449 epo·

122 3448 314 3515 sentiamus.
348 3450 420 3514 Imo
441 3472 501 3517 nos
515 3453 733 3535 amplectitur,
755 3459 992 3538 paternamque
1006 3455 1097 3520 solli·
1148 3454 1253 3537 magis
1285 3454 1457 3519 oonfirmat
1491 3461 1558 3518 tam
1599 3451 1804 3517 familiariter
1843 3450 2039 3533 patefaotum
2079 3452 2119 3515 iri

122 3531 299 3597 oitudinem
323 3536 482 3614 ostendit,
513 3547 551 3604 ut
573 3548 703 3606 nostrae
731 3541 960 3606 tantummodo
982 3541 1097 3623 eulpae
1147 3539 1258 3604 Deum
1279 3540 1445 3603 extraneis
1467 3546 1500 3604 et
1523 3538 1666 3621 profanis
1687 3536 1857 3620 gentibus,
1887 3544 1924 3599 nt
1952 3535 1986 3597 in
2014 3535 2120 3600 madio

124 3617 353 3699 imputandum
376 3622 436 3700 sit,
467 3623 532 3688 nisi
554 3624 711 3690 invitanti
733 3644 917 3707 pareamus.
962 3626 1096 3692 Crimen
1148 3623 1200 3690 sui
1231 3623 1379 3688 habitare
1410 3644 1475 3687 non
1506 3624 1666 3689 dubitent.
1711 3622 1756 3686 Et
1788 3627 1877 3686 earte
1910 3627 1946 3684 ut
1979 3619 2121 3686 diffieilis

122 3702 220 3767 etiam
243 3725 307 3769 non
336 3727 454 3788 parum
483 3720 660 3793 exaggerat
688 3707 864 3775 assiduitas
894 3711 979 3792 ipsa,
1010 3709 1097 3793 quod
1148 3708 1272 3775 oreditu
1303 3716 1374 3773 arat
1402 3708 1510 3773 subita
1543 3708 1600 3773 illa
1633 3707 1788 3785 mutatio,
1821 3706 2007 3771 oonfirmari
2039 3726 2122 3788 opus

124 3787 213 3852 Deus
236 3788 334 3873 longa
357 3796 500 3858 aetatum
524 3795 608 3859 serie
635 3816 698 3860 non
729 3793 893 3859 destiterit
921 3794 1097 3878 prophotas
1148 3795 1220 3859 fuit.
1265 3794 1464 3876 Quanquam
1487 3794 1522 3858 in
1545 3795 1616 3875 ipsa
1638 3813 1765 3876 quoque
1794 3791 1940 3856 novitate
1967 3791 2125 3858 extollere

123 3872 203 3937 alios
225 3873 298 3938 eliis
320 3877 528 3943 submittere:
551 3881 627 3957 imo,
650 3887 688 3945 ut
709 3879 786 3945 alibi
802 3878 890 3958 dioit,
912 3900 1009 3944 mane
1025 3901 1097 3945 sur·
1149 3878 1253 3945 voluit
1275 3878 1435 3963 propheta
1465 3879 1669 3960 inopinatam
1696 3877 1761 3942 Dei
1791 3877 1941 3961 gratiam.
1986 3876 2126 3943 Summa

123 3957 247 4023 rexerit
268 3965 302 4024 et
323 3971 541 4045 prosequutus
563 3964 608 4030 sit
629 3963 766 4031 eandem
789 3985 902 4030 euram
930 3985 1034 4047 usque
1056 3964 1097 4030 ad
1149 3974 1208 4045 est,
1231 3965 1286 4030 ubi
1308 3987 1344 4030 se
1365 3965 1457 4030 Deus
1479 3965 1633 4049 gentibus
1656 3963 1827 4040 obtulerit,
1861 3969 1960 4044 atque
1978 3962 2067 4044 ipsae
2090 3964 2124 4028 in

124 4063 305 4125 vesperum.
357 4046 469 4112 Primo
501 4059 610 4114 autem
645 4051 782 4116 rebelles
815 4071 870 4116 eos
903 4060 1010 4127 voeat,
1045 4050 1096 4117 vel
1148 4059 1297 4116 sanatam
1320 4049 1474 4116 Abrahae
1496 4049 1641 4115 sobolem
1663 4048 1861 4126 ooaluarint,
1891 4047 2034 4130 aliquam
2058 4049 2125 4114 fore

123 4128 365 4212 immorigeros:
392 4132 450 4196 sed
473 4135 628 4200 eontinuo
649 4146 723 4219 post
745 4135 892 4203 deolarat
912 4134 1097 4202 ouiusmodi
1149 4134 1319 4201 ecelesiam
1341 4136 1376 4201 in
1406 4135 1529 4200 mundo
1558 4135 1690 4200 ludaeis
1720 4132 1911 4216 profligatis.
1956 4130 2124 4217 Quidquid

123 4215 167 4277 sit
189 4234 226 4278 ea
248 4213 393 4294 rebellio,
416 4217 502 4297 quod
524 4220 648 4286 soilioet
669 4220 809 4305 populns
831 4242 907 4286 suas
929 4221 1096 4305 eogitatio·
1148 4230 1258 4286 autem
1289 4221 1342 4287 bio
1371 4243 1391 4287 a
1420 4220 1580 4304 propheta
1612 4219 1815 4303 praediotum
1851 4228 1901 4283 est
1932 4238 1991 4300 per
2024 4240 2124 4285 evan·

123 4319 180 4362 nes
202 4300 361 4381 sequitur.
395 4302 489 4367 Nihil
512 4306 600 4369 enim
622 4306 780 4388 estquod
803 4304 1097 4390 magisdisplioeat
1148 4305 1270 4390 galium
1292 4307 1463 4389 impletum
1486 4327 1556 4372 assa
1579 4307 1752 4384 cernimus,
1775 4324 1838 4387 quo
1862 4323 1937 4368 vere
1959 4303 2124 4370 Dominus

123 4382 204 4461 Deo,
233 4406 330 4466 quam
354 4387 383 4452 si
407 4387 556 4456 hominos
577 4391 646 4455 sint
674 4390 838 4470 αὐθάδεις,
867 4391 930 4456 hoo
959 4400 1020 4470 est,
1048 4392 1097 4456 in·
1148 4412 1219 4456 sese
1262 4393 1385 4458 exteris
1427 4390 1615 4457 nationibus
1659 4390 1777 4456 obtulit
1820 4392 1920 4472 atque
1964 4388 2123 4456 exhibuit.

123 4469 218 4551 genio
241 4492 299 4535 suo
322 4471 451 4539 addioti.
497 4474 565 4541 Nos
587 4477 673 4541 enim
696 4478 863 4560 proprium
885 4497 1017 4542 sensum
1040 4478 1096 4542 ab·
1148 4476 1285 4556 Quoties
1317 4478 1420 4561 igitur
1452 4480 1586 4543 insonat
1618 4477 1738 4542 nostris
1771 4474 1904 4539 auribus
1944 4473 2024 4539 haee
2059 4496 2123 4540 vox

123 4553 230 4620 dieare
253 4557 350 4633 iubet,
375 4568 412 4623 ut
433 4581 532 4625 verae
554 4561 721 4627 doetrinae
742 4583 878 4645 oapaoee
900 4582 970 4628 esse
991 4564 1096 4644 possi·
1148 4561 1327 4645 evangelii,
1358 4570 1416 4627 aut
1444 4564 1508 4645 ipsi
1537 4560 1671 4628 verbum
1694 4560 1832 4626 Domini
1855 4559 2010 4643 legimus,
2041 4561 2123 4626 sola·

123 4660 205 4705 mus.
251 4642 406 4708 uenator
427 4667 505 4729 ergo
526 4646 690 4714 Dominus
719 4668 778 4731 per
807 4668 842 4713 se
872 4668 939 4712 non
968 4647 1097 4713 stetisse
1147 4668 1221 4712 mus
1243 4646 1424 4713 Dominum
1447 4655 1650 4730 praesentem
1677 4669 1763 4724 esse,
1793 4665 1832 4711 ae
1858 4664 1894 4709 se
1923 4646 2054 4722 offerre,
2086 4653 2124 4711 ut

123 4726 295 4805 quominus
317 4729 476 4810 populum
500 4735 668 4814 retineret,
697 4734 858 4815 solitoque
888 4734 999 4798 favore
1022 4754 1096 4815 pro·
1148 4730 1353 4798 familiariter
1375 4755 1394 4799 a
1415 4733 1510 4798 nobis
1531 4733 1682 4816 cognitus
1704 4752 1818 4800 seoure
1836 4738 1988 4813 oertaque
2002 4729 2123 4797 fidueia

123 4822 329 4892 sequeretur,
362 4815 420 4880 sed
452 4816 540 4899 ipsos
573 4839 632 4884 sua
664 4840 700 4884 se
734 4818 898 4884 dementia
926 4818 1097 4899 alienasse,
1147 4819 1327 4884 invooetur.
1503 4875 1504 4879 ,

122 4895 206 4977 quod
228 4919 287 4962 sno
310 4900 440 4984 ingenio
462 4902 598 4969 haerere
620 4925 717 4986 quam
740 4904 850 4969 Deum
872 4904 964 4986 sequi
980 4905 1096 4970 duoem
1232 4903 1263 4968 3.
1298 4901 1453 4987 (Populus
1474 4904 1531 4983 qui
1551 4923 1599 4969 me
1626 4903 1756 4989 irritat.)
1807 4901 1873 4967 Hie
1907 4900 2056 4986 designat
2084 4923 2123 4969 ao

123 4983 307 5050 maluerint.
363 4987 596 5053 Demonstrata
635 5010 734 5055 eausa
772 4990 871 5055 huius
911 4989 1096 5054 reieotionis
1147 4987 1251 5053 fusius
1285 4989 1495 5071 prosequitur
1527 4990 1645 5071 quibus
1677 4990 1712 5054 in
1753 4987 1850 5053 rebus
1883 4988 1955 5052 Deo
1985 4986 2122 5054 rebelles

122 5069 319 5135 veniendum
343 5082 393 5138 est
415 5073 455 5136 ud
477 5075 627 5157 gentium
650 5076 863 5150 rotationem,
887 5092 970 5155 quae
991 5073 1095 5138 inlu·
1148 5073 1271 5138 fuerint
1301 5072 1432 5138 Iudaei:
1467 5073 1553 5156 quod
1582 5075 1705 5140 soilioet
1733 5072 1846 5138 relioto
1875 5073 1940 5138 Dei
1968 5072 2122 5140 mandato

122 5148 278 5219 daeornm
300 5157 406 5222 lunum
429 5168 663 5226 successerunt.
697 5160 751 5226 De
774 5160 834 5225 hao
853 5159 940 5223 enim
962 5159 1096 5224 traetari
1148 5159 1248 5222 variis
1270 5157 1557 5243 superstitionibus
1580 5180 1615 5226 se
1637 5158 1825 5242 polluerint.
1855 5158 1971 5242 Nuper
1992 5160 2122 5225 dixerat

122 5243 241 5307 versi
265 5245 399 5309 minime
422 5243 557 5309 dubium
581 5254 640 5311 est.
675 5245 885 5311 Rementem
904 5243 1094 5309 iamdudum
1149 5243 1306 5309 alienatos
1328 5243 1429 5310 fnisse
1450 5244 1589 5311 Iudaeos
1611 5266 1633 5310 a
1647 5244 1720 5310 Deo
1742 5242 1825 5326 qnod
1845 5243 1880 5308 in
1898 5244 1967 5311 suis
1984 5247 2121 5330 figmen-

227 5348 336 5404 t'utns'm'
351 5363 445 5416 opera.
475 5347 534 5401 Vnt.
550 5345 711 5401 XXXVIL
1880 5345 1913 5400 27
