4784 5970
195 367 260 433 479
1001 357 1388 427 PRAELIIOTIONES
2134 354 2200 421 480

190 552 320 637 quidem
342 550 436 615 initio
460 550 521 614 hoo
545 546 763 632 formidabile,
794 569 893 631 quum
923 547 1050 612 videret
1076 546 1161 612 Iere-
1187 558 1191 619 l
1216 547 1318 612 remia
1337 546 1419 627 quod
1433 545 1523 611 Deae
1544 564 1642 611 manu
1656 547 1777 610 cauata
1796 541 1893 627 sequ
1914 561 1950 609 oa
1972 540 2055 624 aaa,
2081 562 2197 625 nempe

190 639 272 703 miae
305 634 545 718 suscipiendum
579 632 639 697 sibi
673 653 744 698 esse
777 634 899 699 bellum
933 653 1000 698 non
1034 642 1163 696 tantum
1188 624 1192 723 l
1215 642 1253 697 ut
1286 632 1394 715 palam
1428 628 1617 696 ostenderet
1651 650 1687 693 os
1718 627 1801 694 illud
1831 627 1976 693 dicatum
2016 626 2084 693 sibi
2116 648 2197 693 esse.

189 743 263 788 oum
286 722 398 804 paucis
422 720 626 793 hominibus,
655 716 713 782 sed
740 738 814 784 oum
844 720 999 783 universo
1027 716 1163 799 populo:
1188 730 1192 795 l
1216 715 1347 783 Sufficit
1370 717 1470 800 igitur
1493 728 1651 800 quantum
1675 713 1716 779 ad
1738 711 1833 780 verbi
1857 713 2028 779 ministros
2058 723 2195 799 spectat,

189 807 280 871 Dans
304 815 413 870 autem
442 825 477 869 se
506 824 608 868 unum
639 807 775 885 opponit
805 804 931 870 ounotis
960 802 1163 883 mortalibus,
1188 810 1192 891 ’ᾗ
1216 802 1346 886 linguas
1386 804 1529 885 ipsorum
1569 810 1774 866 conseeratas
1814 818 1885 865 esse
1923 797 2012 881 Deo,
2054 818 2100 864 ne
2137 820 2196 865 sua

189 901 223 957 et
245 891 332 972 dioit,
356 890 424 975 Epo
446 909 517 954 sum
539 894 646 965 acum,
676 910 746 972 erpo
767 910 806 953 ae
827 894 958 954 metues.
1002 887 1164 953 Videmus
1188 922 1192 977 l
1215 889 1373 970 figmenta
1405 887 1607 953 admisceant
1639 906 1741 968 purae
1780 884 1851 949 eius
1890 881 2073 950 doetrinae.
2129 882 2195 951 Sed

188 978 291 1060 igitur
314 986 394 1040 tuno
415 977 538 1039 iustum
562 974 714 1039 honorem
745 974 865 1039 deferri
888 975 975 1048 Deo,
1005 971 1061 1036 ubi
1091 973 1163 1037 eius
1189 1006 1193 1059 3
1217 973 1308 1037 Deus
1331 974 1364 1037 in
1387 992 1526 1055 persona
1547 971 1707 1037 Ieremias
1728 968 1833 1037 voluit
1854 968 1953 1034 etiam
1976 969 2101 1036 addere
2118 970 2194 1035 visi·

190 1063 295 1127 tutela
327 1060 471 1126 contenti
508 1058 703 1140 despicimus
730 1060 855 1125 rabiem
885 1058 1031 1124 omnium
1062 1057 1163 1122 homi·
1189 1064 1193 1129 i
1217 1057 1281 1122 bile
1304 1059 1436 1141 signnm
1460 1057 1557 1122 huius
1580 1057 1642 1132 rei,
1673 1075 1792 1139 nempe
1815 1074 1916 1136 quum
1940 1073 2079 1121 manum
2102 1074 2193 1119 suam

191 1168 281 1224 num,
304 1165 363 1210 neo
386 1145 574 1210 dubitamus
598 1146 771 1227 confligere
787 1165 860 1208 oum
877 1144 1029 1209 omnibus
1044 1143 1165 1223 lmpiis,
1190 1140 1194 1231 l
1217 1144 1364 1208 extendit
1386 1152 1425 1207 ut
1445 1164 1481 1207 os
1504 1144 1574 1206 eius
1596 1152 1753 1225 tangeret.
1787 1141 1966 1221 Postquam
1990 1160 2074 1207 vero
2096 1150 2193 1204 testa·

191 1233 289 1296 etiam
324 1235 353 1296 si
382 1231 508 1313 ingenti
537 1230 747 1294 multitudine
775 1243 890 1296 contra
918 1250 977 1295 nos
1011 1235 1163 1311 surgant:
1190 1270 1193 1293 .
1218 1240 1272 1293 tus
1300 1239 1349 1292 est
1377 1229 1468 1294 Deus
1499 1228 1645 1309 linguam
1676 1226 1836 1291 Ieremias
1864 1222 1925 1289 sibi
1954 1244 2026 1291 esse
2056 1244 2193 1307 sacram,

191 1327 290 1399 atque
313 1318 410 1381 etiam
434 1316 461 1379 si
485 1315 704 1380 validissimae
725 1316 794 1379 sint
815 1335 929 1379 eorum
958 1335 1035 1396 opes
1057 1322 1090 1378 et
1112 1332 1164 1378 co·
1190 1298 1194 1395 l
1218 1325 1250 1379 et
1272 1322 1457 1396 separatam
1479 1334 1498 1377 a
1520 1312 1651 1396 vulgari
1671 1320 1704 1376 ot
1727 1311 1862 1393 profano
1884 1328 1955 1391 usu,
1978 1329 2072 1376 nnnc
2100 1310 2193 1374 insti·

189 1404 272 1484 piae,
293 1402 466 1465 statuimus
490 1410 599 1463 tamen
622 1401 774 1465 sufficere
796 1402 929 1466 unicum
953 1400 1016 1464 Dei
1043 1398 1165 1483 praesi·
1191 1418 1193 1431 ·
1219 1399 1281 1463 tuit
1302 1401 1409 1482 ipsum
1433 1408 1608 1481 potestate:
1631 1397 1676 1461 Et
1695 1397 1774 1476 aide,
1795 1395 1911 1479 inquit,
1928 1395 2076 1477 praefeci
2096 1401 2124 1459 te
2144 1394 2193 1460 bc

190 1487 281 1552 dium
316 1487 355 1550 ad
390 1507 450 1550 nos
484 1486 631 1550 tuendos.
682 1486 775 1550 Haeo
808 1487 910 1569 igitur
944 1504 1072 1550 summa
1105 1492 1164 1548 est.
1191 1452 1194 1583 f
1217 1485 1268 1550 die
1290 1490 1509 1568 aspergentes
1530 1488 1682 1565 deeque.
1720 1482 1812 1547 Deus
1833 1481 1885 1547 bis
1907 1481 2017 1546 verbis
2040 1479 2194 1558 ostendit,

189 1572 286 1637 Nune
308 1572 464 1654 sequitur,
1219 1590 1315 1653 quam
1339 1580 1529 1634 reverenter
1547 1568 1629 1633 velit
1643 1568 1747 1651 excipi
1764 1588 1860 1632 suum
1875 1586 2074 1644 sermonem,
2097 1566 2195 1631 etiam

1218 1656 1274 1721 ubi
1297 1676 1354 1737 per
1377 1655 1527 1720 homines
1549 1653 1703 1719 mortales
1726 1652 1880 1718 defertur.
1925 1650 2032 1717 Nemo
2060 1662 2113 1717 est
2141 1652 2195 1733 qui

276 1741 306 1803 9.
330 1737 374 1803 Et
396 1742 531 1805 eeteadit
552 1740 688 1805 Ieltooob
717 1761 844 1805 mortam
872 1760 982 1816 aanor,
1015 1739 1166 1821 ettetiqil
1190 1746 1193 1781 ³
1218 1762 1283 1805 non
1314 1742 1411 1804 iactet
1440 1761 1475 1805 se
1498 1739 1570 1805 Deo
1599 1739 1685 1804 velle
1707 1737 1858 1823 obsequi:
1892 1735 1951 1802 sed
1978 1738 2111 1802 interea
2141 1736 2196 1801 vir

191 1845 225 1891 οι
246 1844 363 1889 measse:
397 1831 424 1888 et
444 1827 528 1889 discit
549 1825 684 1890 Ielvoeob
707 1827 749 1890 od
770 1846 831 1903 me,
862 1824 940 1891 Ecce
954 1825 1052 1905 perui
1074 1824 1165 1888 cerba
1190 1790 1194 1929 l
1218 1826 1416 1892 centesimus
1459 1827 1594 1908 quisque
1638 1821 1849 1906 amplectitur
1887 1823 1958 1887 eius
1998 1840 2194 1887 sermonem.

190 1931 261 1975 mea
283 1911 318 1973 ia
338 1930 389 1974 ore
410 1916 470 1975 tao.
1217 1911 1303 1976 Nam
1326 1911 1542 1993 simulatque
1565 1909 1717 1992 loquutus
1743 1919 1810 1986 est,
1840 1925 1954 1973 omnes
1975 1907 2046 1973 fere
2070 1908 2195 1973 obstre-

277 1995 327 2059 10.
358 1995 446 2077 Vide,
473 1995 618 2060 constitui
639 2001 666 2059 te
688 1995 753 2079 (vel
776 1995 930 2079 praefeci)
959 1994 1048 2061 leodic
1071 2015 1165 2077 saper
1217 2006 1310 2080 punt,
1333 1997 1386 2060 vel
1407 1997 1436 2060 ei
1458 2018 1525 2059 non
1549 1994 1671 2060 audent
1691 1993 1815 2061 furiose
1837 2000 1871 2057 ιι
1892 1991 2060 2057 hostiliter
2083 2011 2118 2058 se
2142 2012 2195 2073 op

187 2084 292 2164 peotes
314 2084 343 2144 et
363 2099 459 2160 stipor
480 2101 578 2161 reque
599 2082 642 2146 ad
664 2080 867 2157 sedandam,
894 2081 987 2145 etad
1009 2080 1165 2146 destruen—
1216 2103 1353 2166 ponere,
1386 2086 1496 2145 tamon
1520 2079 1667 2145 videmus
1691 2088 1728 2145 ut
1757 2077 1814 2143 alii
1841 2077 2109 2161 tergiversando,
2139 2076 2194 2141 alii

190 2166 275 2241 daos,
297 2170 324 2230 ct
347 2166 389 2230 eol
409 2168 591 2244 masadam,
621 2170 648 2230 et
677 2169 719 2233 ed
743 2166 955 2248 pudendam,
986 2165 1029 2230 od
1059 2165 1165 2245 oedifi-
1189 2182 1192 2261 t
1217 2177 1327 2233 autem
1350 2166 1486 2232 moendo
1513 2167 1676 2232 resistant.
1720 2162 1874 2230 Notanda
1900 2162 2002 2246 igitur
2030 2160 2123 2229 haec
2146 2170 2194 2227 est

190 2252 616 2331 comtemplationem.
1189 2254 1311 2318 'nobis
1344 2253 1501 2318 autoritas
1535 2270 1632 2333 quam
1665 2250 1757 2316 Deus
1789 2249 1889 2315 verbo
1920 2268 1980 2313 suo
2016 2247 2192 2314 adscribit:

1218 2338 1308 2416 Eece,
1330 2338 1446 2420 inquit,
1469 2337 1615 2402 constitui
1635 2341 1663 2400 te
1683 2356 1778 2418 saper
1790 2339 1893 2417 pentes
1905 2339 1935 2399 et
1947 2354 2058 2417 regna.
2091 2334 2193 2399 Porro

278 2420 343 2484 Hie
366 2441 480 2484 rursus
501 2419 632 2485 disserit
654 2420 812 2486 Ieremias
835 2420 875 2486 de
897 2438 958 2485 sua
987 2420 1164 2496 vocatione,
1218 2444 1319 2506 quum
1342 2422 1431 2497 dicit,
1461 2422 1554 2501 Vide,
1582 2422 1726 2486 conditui
1747 2426 1788 2499 a,
1819 2420 1969 2484 hortatur
1998 2418 2193 2502 prophetam

194 2528 236 2570 ne
258 2507 459 2586 contemptui
483 2507 524 2569 sit
547 2507 617 2569 eius
640 2504 795 2581 doctrina,
819 2525 857 2570 ao
879 2506 906 2570 si
923 2506 1065 2587 prolecta
1080 2513 1166 2570 esset
1189 2484 1193 2555 l
1217 2508 1258 2572 ad
1280 2507 1542 2591 magnitudinem
1566 2507 1676 2584 animi,
1699 2516 1736 2570 ut
1758 2502 1881 2571 soilioet
1902 2504 2094 2569 meminerit
2115 2523 2193 2569 suae

192 2590 233 2655 ab
257 2591 387 2655 homine
410 2591 548 2672 privato.
594 2592 748 2655 Testatur
770 2592 872 2673 igitur
895 2610 1025 2655 rursum
1048 2612 1084 2656 se
1098 2612 1165 2656 non
1189 2586 1192 2655 l
1218 2594 1405 2671 vocationis,
1427 2613 1532 2675 nequo
1554 2591 1677 2670 timide,
1699 2599 1757 2656 aut
1777 2589 1941 2656 serviliter
1962 2590 2118 2655 aduletur
2140 2589 2193 2654 ho-

193 2676 307 2741 venire
329 2676 462 2758 proprio
485 2687 585 2755 motu,
608 2675 664 2741 sed
688 2676 847 2742 divinitus
869 2697 940 2742 esse
963 2677 1108 2752 missum,
1132 2660 1192 2745 etl
1218 2678 1378 2758 minibus,
1412 2677 1465 2743 vel
1492 2698 1615 2742 morem
1643 2677 1790 2759 ipsorum
1815 2673 2049 2757 cupiditatibus
2086 2684 2192 2758 gerat:

192 2762 389 2826 instructum
424 2763 598 2825 autoritate
633 2761 828 2843 prophetica.
881 2760 971 2827 Dicit
1002 2763 1037 2825 in
1078 2760 1166 2826 hunc
1226 2764 1320 2842 Vide,
1353 2764 1469 2846 inquit.
1512 2762 1586 2827 Hau
1620 2782 1698 2827 voce
1726 2760 1961 2844 intelligamus,
1996 2781 2065 2824 non
2098 2779 2194 2841 posse

193 2848 292 2911 finem
316 2847 420 2927 posita
442 2847 542 2912 fuisse
566 2847 664 2912 verba
688 2848 750 2910 Dei
773 2848 807 2910 in
830 2866 886 2913 ore
915 2868 983 2912 suo.
1029 2845 1094 2911 Hio
1121 2846 1166 2911 lo·
1218 2849 1368 2915 doctores
1401 2858 1534 2913 strenue
1565 2848 1699 2929 exsequi
1729 2866 1849 2911 munus
1879 2865 1989 2923 suum,
2022 2843 2088 2909 nisi
2116 2854 2194 2909 ante

194 2953 252 2997 ous
273 2931 447 3011 diligenter
469 2932 631 2996 notandus
651 2942 711 3011 est,
740 2934 896 3014 quoniam
919 2931 1063 2996 breviter
1086 2930 1165 2997 defi·
1217 2935 1327 3001 oeulos
1349 2934 1416 2999 illis
1439 2941 1587 2999 versetur
1612 2933 1673 2996 Dei
1695 2931 1867 3010 maiestas,
1895 2939 1933 2994 ut
1961 2931 2089 2997 scilieet
2116 2950 2195 3012 prae

195 3018 246 3080 nit
278 3016 435 3080 Ieremias
464 3016 551 3080 unde
578 3017 732 3081 iudicium
761 3019 833 3082 fieri
862 3016 977 3082 debeat
1008 3016 1048 3083 de
1076 3028 1166 3081 certa
1218 3022 1288 3087 eius
1310 3019 1552 3102 comparatione
1574 3015 1755 3100 despiciant
1776 3013 1935 3099 quidquid
1964 3029 2016 3080 est
2038 3014 2194 3098 splendo-

195 3101 378 3178 vooatione‚
409 3100 462 3164 ubi
485 3103 557 3183 quis
580 3101 719 3166 doctoris
741 3123 861 3168 munus
885 3102 1021 3184 suscipit
1049 3103 1084 3167 in
1114 3122 1165 3167 ιι·
1218 3107 1273 3188 ris,
1297 3114 1329 3169 ιι
1351 3104 1527 3186 potentiae,
1550 3110 1583 3168 et
1602 3123 1796 3185 pomparum
1820 3102 1855 3166 in
1874 3100 2074 3166 hominibus.
2107 3101 2194 3166 Nam

194 3185 302 3263 alesia,
326 3205 442 3267 nempe
464 3187 491 3249 si
513 3186 595 3249 nihil
618 3187 734 3251 afferat
748 3188 933 3271 proprium:
957 3186 1166 3269 quemadmo·
1219 3189 1425 3274 experientia
1446 3188 1509 3254 hoo
1531 3187 1633 3264 docet,
1656 3198 1865 3270 conspectum
1888 3187 2072 3262 hominnm,
2094 3186 2194 3252 simul

196 3271 273 3335 dum
296 3271 395 3335 etiam
426 3270 503 3335 dicit
526 3271 646 3335 Petrus
673 3272 781 3354 priore
809 3293 868 3337 sua
893 3272 1066 3337 canoniea:
1100 3271 1167 3352 Qut
1219 3281 1316 3358 atque
1338 3275 1391 3340 vel
1414 3274 1588 3339 minimum
1611 3273 1752 3356 aliquem
1774 3273 1931 3338 bonorem
1953 3272 2108 3347 afferunt,
2139 3291 2195 3336 va·

194 3356 355 3439 loquitur,
385 3354 537 3437 loquatur
566 3370 720 3438 tanquam
744 3377 910 3422 sermones
935 3358 998 3422 Dei
1027 3356 1071 3442 (1.
1094 3358 1166 3423 Ριι.
1218 3362 1287 3426 lere
1318 3360 1359 3426 ad
1393 3366 1561 3425 terrorem.
1606 3358 1772 3439 Quorsum
1805 3359 1982 3423 mittuntur
2014 3358 2196 3439 prophetae

194 3442 224 3520 4,
249 3442 314 3525 ll),
338 3441 398 3506 hoo
421 3452 481 3520 est,
513 3461 580 3506 non
602 3441 756 3524 loquatur
777 3440 974 3520 dubitanter,
1005 3462 1043 3509 sc
1065 3443 1092 3507 si
1118 3443 1167 3506 in·
1220 3454 1253 3511 et
1275 3444 1445 3511 doctores?
1476 3465 1593 3527 nempe
1622 3449 1661 3509 ut
1689 3451 1810 3528 cogant
1840 3454 1947 3506 totum
1976 3442 2140 3508 mundum
2163 3444 2194 3506 in

194 3540 323 3611 gereret
344 3546 403 3590 sua
425 3535 623 3604 commenta,
653 3527 711 3592 sed
734 3529 838 3610 possit
858 3548 971 3595 secure
993 3536 1026 3593 et
1047 3528 1169 3611 absque
1221 3530 1386 3609 ordinem,
1421 3550 1486 3594 non
1510 3537 1644 3612 parcant
1664 3530 1733 3594 suis
1755 3526 1971 3605 auditoribus,
2003 3527 2064 3593 ssd
2093 3527 2196 3591 libere

194 3612 262 3677 ulla
284 3611 487 3676 dubitatione
508 3611 684 3678 obtendere
713 3614 778 3678 Dei
807 3633 938 3678 nomen.
983 3612 1039 3679 Sic
1069 3614 1168 3679 etiam
1221 3619 1310 3699 ipsos
1332 3616 1504 3698 castigent,
1531 3614 1656 3695 quoties
1678 3634 1761 3697 opus
1790 3621 1854 3679 est:
1887 3612 2057 3678 minentur
2085 3614 2196 3693 etiam,

194 3698 352 3762 Ieremias
375 3697 536 3774 hocloco,
561 3697 615 3762 ubi
637 3697 743 3763 audiri
773 3699 932 3783 postulat,
961 3699 1078 3765 eremit
1104 3719 1169 3764 eer-
1222 3701 1277 3768 ubi
1300 3700 1412 3766 vident
1433 3720 1504 3765 esse
1526 3699 1711 3766 obduratos.
1745 3697 1784 3764 Si
1805 3699 1928 3781 quasit
1945 3700 2073 3782 speeies
2090 3698 2197 3781 digni·

193 3802 297 3847 mones
319 3781 382 3845 Dei
398 3782 517 3862 positos
537 3783 638 3862 baisse
659 3785 693 3847 io
718 3805 769 3848 ore
797 3804 867 3850 auo.
911 3781 1062 3850 Sciamus
1091 3804 1169 3868 ergo
1221 3788 1298 3853 tatis
1320 3787 1354 3850 in
1382 3786 1463 3868 ipsis
1491 3784 1698 3862 hominibus,
1731 3783 1844 3851 doctor
1872 3782 1942 3865 ipse
1967 3803 2034 3848 non
2066 3782 2198 3849 audebit

197 3865 354 3949 quidquid
379 3887 421 3929 ex
443 3865 585 3930 hominis
607 3869 737 3951 ingenio
760 3870 868 3951 prodit
883 3890 978 3951 posse
993 3871 1168 3948 contemni,
1220 3871 1384 3939 offendere
1417 3891 1499 3953 quos
1529 3869 1619 3935 videt
1648 3869 1829 3935 instructos
1861 3888 1933 3934 esse
1961 3867 2016 3934 vel
2039 3870 2198 3953 potentia,

196 3954 272 4034 quia
295 3952 385 4016 Deus
408 3952 480 4015 vult
501 3952 562 4017 sibi
586 3955 643 4015 uni
666 3953 782 4018 deferri
807 3954 895 4019 huno
926 3954 1099 4033 bonorem,
1132 3965 1169 4020 ut
1221 3957 1273 4023 vel
1295 3955 1428 4034 divitiis,
1450 3955 1503 4021 vel
1526 3954 1768 4020 existimatione
1791 3954 1900 4036 aliqua
1914 3951 2122 4036 prudentiae,
2145 3952 2199 4019 vel

196 4036 347 4102 audiatur
368 4036 402 4099 in
426 4037 563 4102 ecelesia
578 4059 646 4115 sua,
670 4038 940 4119 quemadmodum
955 4038 1029 4104 heri
1044 4038 1168 4105 dietum
1220 4041 1383 4126 praeditos
1405 4060 1477 4107 esse
1497 4038 1686 4105 honoribus.
1730 4038 1867 4105 Nullum
1893 4037 1905 4102 i
1928 4039 1997 4104 itur
2026 4038 2120 4104 aliud
2149 4048 2199 4105 est

196 4123 267 4186 fuit.
312 4120 409 4186 Unde
431 4124 577 4204 sequitur
601 4122 707 4187 nullos
730 4123 847 4188 debere
869 4125 1002 4208 agnosci
1025 4144 1083 4206 pro
1105 4124 1169 4190 Dei
1192 4152 1195 4159 ·
1221 4125 1410 4202 remedium,
1433 4125 1498 4192 nisi
1521 4133 1557 4189 ut
1579 4123 1726 4191 doctores
1748 4131 1898 4191 statuant
1946 4143 2023 4190 eum
2037 4124 2102 4191 sibi
2120 4134 2198 4189 sate

196 4207 309 4283 servis,
332 4206 438 4271 nullos
460 4206 578 4272 debere
600 4207 726 4273 censeri
748 4208 850 4274 iustos
872 4218 905 4274 et
926 4209 1008 4275 fidos
1029 4208 1168 4293 prophe·
1220 4213 1356 4290 oculos,
1377 4220 1410 4276 ιι
1439 4219 1588 4277 statuant
1615 4212 1716 4274 etiam
1745 4208 1840 4274 illum
1868 4208 1929 4275 sibi
1952 4229 2024 4275 esse
2046 4218 2198 4275 autorem

196 4304 246 4357 tas
267 4290 321 4356 vel
344 4289 506 4368 doctores,
535 4293 599 4357 nisi
629 4314 687 4374 per
715 4313 795 4375 quos
823 4294 966 4376 loquitur
997 4295 1103 4372 Deus,
1133 4302 1169 4360 ut
1220 4297 1390 4381 loquendi:
1424 4296 1471 4361 ita
1493 4297 1558 4372 fiet,
1580 4304 1618 4360 ιιι
1640 4315 1760 4379 magno
1782 4306 1816 4359 et
1837 4293 1966 4361 excelso
1987 4295 2099 4360 animo
2121 4315 2198 4360 oon·

197 4376 279 4442 nihil
302 4397 343 4440 ex
364 4395 399 4439 se
420 4377 500 4458 ipsis
521 4380 728 4461 confingant,
759 4399 827 4442 non
857 4378 993 4444 doceant
1020 4399 1080 4461 pro
1109 4401 1168 4446 suo
1221 4392 1369 4448 temnant
1391 4380 1546 4463 quidquid
1568 4389 1618 4447 est
1639 4379 1822 4446 altitudinis
1843 4378 1897 4444 vel
1919 4378 2136 4446 excellentiae
2164 4379 2201 4455 ia

197 4461 348 4540 arbitrio,
379 4461 434 4525 sed
466 4461 606 4527 fideliter
633 4473 762 4528 tantum
785 4464 952 4546 perferant
973 4485 1056 4548 quae
1078 4464 1169 4531 Deus
1220 4468 1346 4535 cunctis
1368 4464 1571 4532 mortalibus.
1606 4465 1683 4530 Huc
1703 4465 1807 4550 igitur
1828 4473 1955 4547 spectat
1976 4463 2199 4548 verbumque

196 4546 375 4611 mandavit.
419 4545 559 4611 Visibile
582 4548 768 4630 symbolum
791 4548 982 4614 adiunctum
1005 4550 1075 4628 luit,
1104 4569 1169 4631 quo
1220 4553 1325 4618 utitur
1356 4552 1455 4626 Deus,
1501 4550 1588 4629 Vide,
1624 4550 1742 4633 inquit,
1777 4569 1839 4615 eece
1866 4546 2011 4615 ιιιιιίιιιὶ
2042 4554 2073 4617 te
2101 4570 2199 4632 saper

198 4634 301 4696 maior
323 4633 527 4697 confirmatio
550 4633 726 4699 accederet.
771 4633 845 4700 Non
868 4642 918 4698 est
948 4632 1079 4717 quidem
1109 4635 1170 4701 boo
1219 4642 1325 4721 gemes
1356 4641 1383 4700 et
1414 4655 1521 4719 reputa.
1565 4636 1631 4702 Hie
1663 4644 1803 4700 testatur
1836 4634 1929 4701 Deus
1961 4642 2093 4701 tantum
2128 4656 2200 4702 esse

197 4716 395 4782 trahendum
424 4717 464 4781 ad
495 4718 678 4801 generalem
712 4720 879 4803 regulam:
913 4720 1005 4801 quasi
1039 4738 1170 4786 necesse
1222 4723 1406 4788 autoritatis
1428 4722 1462 4785 in
1486 4721 1584 4786 verbo
1606 4742 1683 4804 suo,
1713 4730 1752 4785 ut
1774 4720 1837 4786 sibi
1858 4719 2009 4787 subiiciat
2038 4718 2200 4803 quidquid

198 4802 242 4869 sit
263 4802 411 4885 contingi
432 4804 578 4867 omnium
608 4803 778 4869 doctorum
809 4805 938 4889 linguas
961 4803 1025 4868 Dei
1056 4826 1168 4871 manu:
1194 4828 1196 4923 q
1222 4808 1324 4871 altum
1346 4815 1397 4871 est
1419 4827 1455 4871 ao
1478 4805 1616 4871 sublime
1638 4807 1672 4869 in
1696 4814 1799 4883 terra,
1833 4826 1876 4870 ne
1901 4804 2036 4890 regibus
2066 4807 2199 4890 quidem

198 4886 255 4952 sed
277 4887 331 4953 hio
354 4887 416 4951 duo
440 4897 617 4969 ponuntur,
640 4911 757 4972 nempe
780 4913 832 4956 res
854 4893 926 4972 ipsa
948 4899 979 4953 et
995 4898 1170 4954 externum
1222 4892 1376 4974 exeeptis.
1425 4889 1488 4957 Sed
1514 4912 1596 4974 quae
1618 4891 1712 4956 Deus
1734 4890 1921 4969 coniunxit,
1950 4889 2049 4955 bomo
2080 4913 2124 4957 ne
2151 4913 2202 4958 se·

198 4973 338 5054 signum.
373 4972 543 5053 Quantum
567 4974 607 5038 ad
630 4985 846 5055 remspeotat,
869 4976 923 5039 lex
940 4976 1171 5056 praescribitur
1194 4974 1197 5053 l
1222 4990 1323 5060 paret.
1376 4976 1516 5041 Extollit
1544 4976 1676 5058 quidem
1705 4976 1759 5041 bio
1787 4974 1880 5040 Deus
1915 4974 2096 5057 prophetas
2124 4999 2202 5044 suos

199 5059 350 5123 omnibus
373 5058 436 5122 Dei
458 5060 572 5136 servis,
595 5080 635 5122 ne
657 5080 716 5123 sna
736 5068 920 5125 commenta
943 5060 1091 5139 afferant,
1114 5062 1170 5126 sed
1194 5072 1196 5137 l
1221 5084 1321 5145 supra
1344 5070 1447 5126 toturn
1470 5061 1646 5138 mundum,
1677 5071 1775 5142 atque
1805 5060 1885 5125 adeo
1914 5080 2015 5143 supra
2035 5062 2128 5143 ipsos
2152 5085 2202 5128 re·

200 5142 390 5223 simpliciter
411 5143 542 5208 tradant
565 5145 656 5227 quasi
680 5143 718 5207 de
741 5165 841 5208 manu
865 5147 899 5208 in
929 5166 1061 5209 manum
1086 5146 1170 5229 quod
1194 5202 1197 5239 Ι
1223 5168 1296 5230 ges:
1322 5156 1355 5211 at
1377 5147 1474 5212 simul
1498 5145 1594 5229 paulo
1618 5154 1695 5210 ante
1716 5147 1853 5224 dixerat,
1876 5144 1955 5211 Ecce
1969 5149 2071 5226 posui
2088 5168 2203 5214 ιιιιιιο-

199 5229 382 5307 acceperint
404 5250 423 5293 a
445 5229 526 5295 Deo.
572 5228 720 5311 Speoiale
742 5237 852 5294 autem
883 5229 942 5294 hoo
972 5231 1032 5294 fait
1060 5229 1094 5295 in
1116 5232 1169 5297 Ie·
1193 5242 1196 5287 Ι
1222 5253 1277 5298 aes
1299 5252 1380 5297 meos
1402 5233 1438 5297 ia
1460 5252 1513 5297 ore
1533 5236 1595 5296 tao.
1633 5230 1680 5296 Ut
1701 5250 1779 5315 ergo
1800 5231 1964 5314 quispiam
1986 5230 2052 5297 sibi
2075 5242 2205 5299 tantam
