4784 5970
189 398 255 464 215
1067 399 1117 465 IN
1138 395 1304 465 lsslsm
2119 392 2186 459 216

191 587 377 655 scanditis
404 587 523 671 igneus,
551 591 579 652 et
607 586 793 654 circumdati
819 589 893 654 estis
921 587 1075 654 ιιιιιιιιιιι.
1117 587 1165 653 Ite
1216 586 1391 670 quidquam
1430 585 1574 667 proferre
1614 593 1746 670 possent
1785 585 1959 667 quominus
1999 583 2183 670 legitimum

191 675 228 740 ιιι
260 674 378 740 zamam
412 674 424 738 i
465 674 496 738 ιι
531 674 639 754 ocati,
674 678 703 738 et
732 673 768 737 ιι
799 672 945 740 scintillis
981 693 1060 758 qaas
1095 693 1165 739 euc-
1215 680 1301 738 esset
1321 671 1502 754 repudium.

191 760 348 826 condistis.
462 778 560 825 manu
591 778 661 825 mec
690 759 754 840 fuit
784 757 839 827 boc
869 759 968 826 nobb:
999 761 1035 826 iu
1062 758 1165 827 eoae
1300 758 1382 844 (Aut
1402 758 1475 840 quie
1495 755 1649 841 ιτιιιιιιν.)
1691 755 1767 821 Alia
1789 754 2000 821 similitudine
2021 755 2109 822 idem
2132 754 2184 822 de

192 845 340 912 esocis.
1215 854 1387 910 monstrat.
1427 841 1537 924 Quum
1560 842 1633 925 quis
1654 841 1700 905 ita
1722 841 1857 907 obrutus
1878 851 1949 907 erat
1969 860 2046 908 aere
2067 841 2183 920 alieno,

1216 938 1253 994 ut
1285 928 1499 997 creditoribus
1531 927 1716 993 satsfacere
1749 947 1813 992 uon
1847 936 1974 1011 posset,
2006 927 2184 1012 cogebatur

532 1029 582 1097 ΙΝ
605 1029 756 1098 οΑΡΠΤ
777 1031 817 1097 1„
1215 1014 1333 1082 liberos
1360 1034 1435 1080 suos
1456 1014 1492 1079 in
1513 1013 1655 1079 solutum
1678 1012 1764 1078 dare.
1806 1012 1894 1078 Petit
1921 1033 1999 1097 ergo
2020 1013 2184 1078 Dominus

1216 1121 1257 1165 au
1279 1102 1312 1166 id
1334 1101 1440 1167 facere
1461 1107 1592 1166 coactus
1614 1098 1671 1164 sit:
1694 1117 1815 1164 aneos
1837 1096 2029 1174 vendiderit,
2052 1107 2110 1164 aut
2132 1098 2183 1164 de·

281 1188 310 1250 1.
339 1184 423 1271 (Uti
450 1184 573 1251 libellus
599 1184 697 1270 istef)
739 1185 862 1250 Variae
883 1193 961 1251 sunt
975 1184 1080 1252 huius
1099 1185 1163 1253 loci
1215 1185 1300 1252 derit
1320 1188 1355 1251 in
1377 1186 1521 1252 solutum
1544 1184 1642 1250 alicui
1663 1183 1832 1250 creditori:
1861 1205 1903 1249 an
1926 1184 2042 1250 similis
2064 1185 2107 1250 sit
2129 1184 2183 1249 de·

192 1270 495 1354 interpretationes:
519 1271 574 1335 sed
597 1273 691 1353 pauci
713 1280 855 1335 mentem
878 1271 1057 1355 prophetae
1080 1293 1164 1338 asse·
1215 1273 1396 1338 auctoribus
1426 1279 1483 1336 ant
1504 1270 1599 1335 malis
1621 1270 1819 1349 oeconomis,
1849 1271 1904 1353 qui
1925 1289 1961 1334 se
1982 1289 2058 1336 aere
2079 1270 2184 1336 alieno

192 1359 286 1442 qunti
315 1366 402 1422 suut.
451 1356 499 1423 Ut
528 1377 689 1420 summam
721 1361 906 1439 teneamus,
939 1359 1082 1422 notanda
1114 1367 1164 1424 est
1215 1359 1309 1423 obrui
1330 1355 1465 1424 sinunt?
1488 1377 1526 1422 ac
1546 1355 1575 1422 si
1598 1354 1732 1420 diceret:
1755 1355 1830 1421 Hoc
1850 1355 1933 1420 mibi
1956 1356 2096 1422 obiicere
2118 1376 2181 1422 nou

191 1443 379 1511 coniunctio
400 1441 467 1519 illa,
490 1462 555 1523 qua
577 1442 696 1524 passim
720 1451 857 1507 testatur
880 1443 1041 1509 Dominus
1063 1464 1164 1527 popu·
1214 1445 1366 1526 potestis:
1399 1452 1527 1509 constat
1555 1441 1657 1525 igitur
1678 1462 1737 1506 vos
1765 1440 1805 1505 ob
1828 1441 1950 1527 scelera
1970 1453 2084 1506 vestra
2104 1460 2182 1507 ven·

192 1530 261 1596 lum
283 1548 379 1593 suum
401 1527 464 1593 sibi
487 1524 675 1593 devinctum
698 1547 785 1592 esse:
808 1549 924 1611 nempe
947 1538 984 1593 ut
1005 1530 1074 1612 ipse
1094 1551 1163 1595 ma·
1216 1530 1311 1614 ditos,
1342 1539 1441 1613 atque
1462 1530 1498 1592 in
1520 1528 1712 1593 servitutem
1741 1525 1888 1592 redactos
1910 1547 1988 1591 esse.
2029 1525 2184 1594 Vindicat

192 1616 249 1680 riti
279 1613 321 1679 sit
349 1613 428 1690 loco,
459 1634 519 1678 uos
541 1623 579 1677 ut
606 1613 718 1678 uxoris
740 1614 844 1679 vicem
875 1616 1057 1680 subeamus.
1102 1617 1164 1682 fast
1215 1636 1293 1700 ergo
1311 1615 1474 1680 Dominus
1497 1614 1701 1678 maiestatem
1722 1631 1814 1678 suam
1833 1611 1875 1677 ab
1891 1613 2043 1679 omuibus
2066 1613 2184 1678 calum-

192 1700 282 1766 enim
305 1699 491 1780 coniugium
513 1698 691 1780 spirituale,
713 1700 799 1781 quod
822 1708 978 1782 perpetua
998 1701 1070 1766 eius
1092 1702 1164 1766 doc·
1215 1702 1288 1780 niis,
1311 1720 1428 1783 easque
1450 1699 1511 1766 hoe
1533 1697 1676 1764 seeundo
1698 1698 1844 1763 membro
1865 1697 1993 1774 refellit,
2020 1696 2107 1781 quod
2129 1697 2183 1762 Iu·

192 1785 282 1851 trina
296 1793 519 1849 consecratum
531 1793 563 1847 et
576 1783 700 1849 Christi
716 1785 874 1868 sanguine
887 1786 1091 1870 obsignatum
1103 1794 1163 1853 est.
1217 1787 1289 1853 daei
1311 1807 1371 1852 sua
1392 1785 1487 1869 culpa
1508 1784 1670 1866 repudiati
1687 1805 1725 1848 ac
1743 1784 1932 1849 venumdati
1951 1784 2029 1848 sint.
2059 1781 2182 1848 Eadem

195 1868 480 1952 Quemadmodum
509 1869 611 1952 igitur
638 1890 698 1934 nos
725 1871 759 1935 in
787 1872 920 1936 tutelam
950 1893 1044 1937 suam
1073 1873 1165 1938 velut
1216 1881 1325 1937 autern
1347 1872 1493 1954 loquutio
1515 1879 1564 1936 est
1586 1868 1672 1952 apud
1695 1869 1837 1934 Paulum
1859 1867 1970 1954 (Rom.
1993 1869 2023 1949 7,
2045 1869 2110 1955 14),
2131 1868 2184 1933 ubi

194 1955 396 2024 tutissimam
419 1954 588 2038 coniugem
610 1956 734 2036 recipit,
757 1975 795 2021 ea
813 1956 884 2040 lege
903 1964 939 2022 ut
957 1956 1054 2023 fidem
1076 1967 1164 2023 caste
1216 1956 1294 2024 dicit
1316 1979 1376 2023 nos
1398 1957 1612 2022 venumdatos
1634 1975 1704 2020 esse
1726 1953 1788 2020 sub
1808 1963 1949 2038 peccatu,
1978 1955 2034 2020 sed
2058 1954 2185 2020 diverso

195 2059 381 2108 servemus:
410 2040 456 2104 ιιι
479 2060 580 2123 quum
602 2040 777 2107 fefellimus
799 2062 860 2107 nos
881 2043 994 2127 reiicit,
1023 2052 1165 2128 tuncque
1217 2064 1331 2109 seusu:
1354 2042 1451 2109 sicuti
1473 2042 1570 2106 etiam
1588 2041 1733 2106 Hebraei
1754 2041 1800 2104 ita
1821 2041 1909 2123 loqui
1931 2040 2038 2105 solent
2059 2039 2101 2106 de
2117 2060 2187 2123 per·

193 2128 266 2194 iure
289 2124 460 2209 repudiare
488 2124 614 2202 dicitur,
645 2146 682 2191 ac
704 2127 734 2190 si
755 2128 892 2194 maritus
915 2148 1049 2194 uxorem
1072 2129 1165 2194 adul·
1217 2130 1293 2195 ditis
1311 2128 1505 2205 homiuibus,
1524 2134 1557 2191 et
1575 2147 1713 2209 quorum
1732 2125 1902 2207 desperat-a
1919 2134 1970 2190 est
1987 2123 2185 2208 improbitas

194 2225 300 2279 teram
323 2232 341 2276 e
364 2210 457 2276 domo
480 2212 667 2292 expelleret.
713 2211 824 2292 Quum
847 2214 957 2296 itaque
978 2213 1092 2279 Iudaei
1118 2223 1166 2280 tot
1216 2215 1282 2280 Hic
1303 2222 1413 2279 autem
1439 2213 1630 2296 simpliciter
1651 2232 1723 2277 reos
1745 2231 1900 2296 peragere
1922 2210 2061 2276 Iudaeos
2084 2210 2185 2276 voluit

196 2299 361 2380 tantisque
391 2297 557 2361 aerumnis
586 2307 819 2379 premerentur,
850 2305 887 2362 ut
915 2299 1027 2365 reiecti
1051 2321 1071 2364 a
1092 2299 1164 2366 Deo
1217 2299 1391 2384 propheta:
1414 2299 1490 2382 quia
1511 2298 1572 2363 sibi
1594 2298 1734 2380 propriis
1757 2296 1931 2362 sceleribus
1953 2307 2184 2362 contraxerant

195 2405 234 2451 ac
262 2383 425 2465 repudiati
453 2381 546 2448 facile
577 2382 812 2466 iudicarentur,
842 2382 883 2449 de
912 2382 1039 2466 repudii
1067 2406 1165 2451 causa
1217 2384 1375 2469 quidquid
1397 2383 1545 2449 ferebant
1566 2382 1736 2449 malorum.
1780 2383 1819 2447 si
1841 2393 2024 2464 quaeratur,
2053 2402 2096 2445 an
2119 2382 2184 2446 Do·

195 2468 358 2554 agendum
388 2475 466 2535 erat.
518 2466 590 2532 Iam
620 2477 656 2532 ut
685 2469 796 2533 diserti
831 2468 872 2534 ad
901 2491 935 2535 se
964 2470 1165 2537 excusandos
1217 2473 1325 2536 minus
1358 2470 1544 2552 repudiavit
1577 2467 1810 2534 haereditatem
1843 2467 1960 2533 auam?
1998 2487 2039 2531 an
2072 2466 2185 2533 foedus

194 2555 346 2622 homines
374 2573 444 2618 esse
473 2553 593 2634 solent,
621 2563 655 2617 et
680 2554 808 2636 culpam
836 2555 872 2618 in
893 2555 1001 2619 Deum
1031 2556 1165 2622 reiicere
1216 2557 1347 2622 irritum
1366 2555 1464 2621 fecit?
1486 2556 1620 2620 minime
1639 2553 1784 2638 quidem:
1804 2554 1861 2618 aed
1879 2552 2051 2635 repudiare
2070 2552 2187 2618 dicitur

194 2648 373 2708 conantur:
402 2649 481 2704 tunc
508 2658 633 2722 quoque
661 2640 882 2721 querebantur
902 2639 1017 2706 Iudaei
1044 2642 1083 2706 de
1106 2663 1166 2707 suo
1217 2642 1394 2722 Dominus,
1424 2651 1460 2705 ιιι
1483 2642 1582 2706 etiam
1605 2639 1682 2705 alibi
1704 2639 1893 2722 profanare,
1923 2639 2007 2720 quod
2029 2660 2072 2703 ex
2094 2659 2184 2721 prae

195 2735 300 2807 statu,
330 2724 423 2806 quasi
450 2725 613 2789 immerito
636 2723 800 2791 Dominus
830 2727 917 2809 ipsos
945 2726 1164 2809 repudiasset:
1218 2729 1302 2792 seut-i
1325 2736 1457 2810 aspectu
1479 2727 1576 2792 aliter
1597 2725 1732 2791 iudicari
1751 2745 1818 2788 non
1836 2724 1948 2806 possit.
1983 2725 2068 2788 Nam
2087 2744 2184 2806 quum

196 2813 271 2896 quia
292 2810 416 2877 seilicet
438 2810 571 2875 minime
593 2811 754 2892 putabant
774 2810 951 2878 sceleribus
971 2812 1039 2878 suis
1056 2813 1167 2877 irritas
1217 2813 1304 2896 ipsos
1331 2833 1395 2878 non
1418 2821 1667 2895 prosequeretur
1696 2810 1789 2876 solito
1817 2809 1944 2887 favore,
1974 2811 2098 2892 speeies
2125 2810 2187 2874 fuit

196 2918 267 2963 esse
290 2896 520 2980 promissiones
542 2904 576 2960 et
598 2895 791 2961 dissolutum
814 2897 943 2962 foedus:
970 2897 1086 2962 saltem
1109 2899 1165 2963 vix
1218 2899 1345 2982 repudii
1367 2898 1421 2963 vel
1443 2897 1666 2964 abdicationis.
1709 2895 1750 2960 In
1773 2915 1910 2972 summa,
1940 2895 2083 2960 notanda
2108 2911 2184 2962 sunt

197 2988 327 3066 poterat
348 2980 413 3045 illis
435 2982 622 3061 extorqueri
652 2983 793 3063 ingenua
814 2983 982 3048 confessio.
1027 2982 1166 3066 Oulpam
1218 2984 1299 3050 haec
1321 2984 1384 3049 duc
1406 2983 1576 3061 antitheta,
1601 3003 1734 3047 uxorem
1757 2980 1921 3064 repudiari
1942 2981 2053 3045 mariti
2075 2980 2185 3063 culpa:

196 3068 296 3134 etiam
319 3064 558 3131 transferebant
578 3067 612 3130 iu
630 3067 769 3131 maiores
790 3089 876 3149 suos,
898 3068 991 3150 quasi
1012 3089 1071 3151 pro
1093 3068 1168 3134 alie-
1219 3069 1273 3135 vel
1302 3069 1387 3152 quod
1421 3069 1584 3151 impudica
1612 3077 1646 3134 et
1671 3066 1819 3133 adultera
1848 3066 1901 3130 sit.
1944 3066 2038 3148 Item,
2070 3065 2187 3132 liberos

195 3153 250 3220 nis
272 3150 447 3218 sceleribus
475 3171 596 3232 poenas
624 3151 750 3217 darent.
793 3152 883 3219 Hine
912 3152 986 3218 illae
1009 3173 1104 3220 voces
1134 3160 1168 3219 et
1220 3154 1413 3220 venumdari
1435 3153 1475 3217 ob
1498 3155 1667 3235 penuriam
1690 3153 1801 3235 patris,
1831 3152 1882 3216 vel
1910 3152 2053 3234 ipsorum
2082 3151 2186 3234 culpa.

218 3238 419 3305 cerimoniae
446 3256 528 3319 quae
550 3237 590 3301 ab
612 3236 785 3303 Ezechiele
814 3239 1000 3304 referuntur
1029 3237 1094 3324 (18,
1117 3237 1166 3325 2):
1220 3240 1329 3323 Atque
1350 3240 1397 3303 ita
1418 3239 1521 3305 fecilis
1543 3238 1641 3304 buius
1663 3238 1725 3304 loci
1746 3244 1921 3304 contextus
1943 3237 2015 3302 erit.

195 3261 315 3392 iana
337 3322 441 3389 nostri
462 3321 673 3388 comederunt
695 3332 793 3387 uvam
817 3323 974 3401 acerbam,
1000 3334 1032 3388 et
1055 3325 1168 3390 dentes
1303 3325 1333 3390 2.
1357 3323 1437 3410 (Car
1453 3324 1546 3474 cessi?
1579 3324 1694 3390 Posset
1711 3344 1780 3389 esse
1798 3342 1914 3387 musae
1931 3322 2083 3401 redditio,
2101 3321 2185 3405 quod

197 3411 300 3478 nostri
323 3408 573 3491 obstupuerunt.
605 3406 716 3490 Quum
736 3409 837 3493 igitur
855 3408 1030 3475 volitarent
1046 3411 1167 3493 passim
1218 3411 1358 3495 populus
1381 3433 1445 3474 uon
1467 3431 1520 3475 mo
1544 3433 1562 3473 o
1584 3419 1758 3494 provocata
1778 3410 1828 3473 ira
1849 3408 1911 3472 Dei
1934 3407 1996 3474 sibi
2018 3408 2186 3492 ingentem

195 3495 355 3563 eiusmodi
377 3513 492 3572 voces,
521 3495 604 3577 petit
626 3494 787 3560 Dominus
810 3504 847 3560 ut
868 3495 1048 3579 producant
1076 3495 1167 3562 libel·
1218 3497 1378 3562 malcrum
1411 3497 1594 3581 congeriem
1631 3495 1852 3562 accersiverit:
1892 3495 1955 3558 sed.
1982 3494 2081 3558 etiam
2114 3514 2185 3576 per-

196 3582 264 3648 lum
293 3579 434 3663 repudii,
467 3600 531 3662 quc
559 3579 699 3662 probent
727 3601 762 3646 se
788 3601 905 3648 vacare
935 3581 1041 3664 culpa,
1069 3590 1168 3664 atque
1220 3584 1340 3649 vicacia
1367 3601 1426 3648 sua
1450 3603 1541 3665 spem
1564 3582 1625 3647 sibi
1654 3580 1849 3663 praeciderit
1870 3581 1985 3644 veniae
2007 3587 2041 3643 et
2061 3578 2185 3644 salutis.

197 3667 362 3732 immerito
397 3666 533 3732 reiectos
566 3686 646 3731 esso.
705 3666 855 3732 Dabatur
890 3675 999 3731 autem
1038 3666 1168 3733 libellus
1218 3669 1344 3733 Verum
1380 3668 1532 3732 existimo
1568 3667 1675 3749 potius
1707 3665 1814 3732 Deum
1852 3665 1989 3730 ulterius
2025 3664 2185 3748 progredi.

197 3751 326 3835 repudii
355 3751 513 3816 uxoribus
543 3772 625 3835 quae
653 3752 774 3816 iniuste
803 3752 1066 3835 repudiabuntur.
1117 3753 1167 3818 Ec
1218 3753 1395 3837 Postquam
1424 3754 1512 3819 enim
1533 3754 1682 3835 exposuit
1704 3771 1738 3818 se
1759 3753 1877 3817 iustam
1907 3748 2101 3833 repudiandi
2129 3771 2186 3833 po·

197 3839 286 3904 enim
320 3836 434 3902 testari
462 3846 592 3903 coaetus
625 3835 686 3901 fuit
714 3839 851 3904 maritus
883 3858 1019 3904 uxorem
1052 3837 1168 3921 pudice
1218 3839 1287 3923 puli
1308 3858 1439 3904 causam
1460 3837 1622 3916 habuisse,
1645 3839 1721 3920 quia
1741 3847 1855 3919 sponte
1878 3857 1913 3902 se
1934 3837 1970 3899 is
1992 3836 2184 3901 servitutem

199 3934 296 4006 atque
325 3922 461 3987 honeste
483 3923 619 4002 vixisse,
650 3930 688 3986 ut
717 3932 881 3989 constaret
911 3922 1036 3989 nullam
1068 3923 1167 3988 aliam
1219 3924 1402 4006 addixerat,
1430 3945 1532 4006 quum
1554 3924 1637 3989 liber
1658 3943 1729 3988 esse
1751 3925 1922 4005 potuisset:
1954 3921 2098 4000 subiicit,
2128 3940 2186 4005 per

198 4030 270 4075 esse
292 4007 419 4091 repudii
447 4027 597 4084 causam,
627 4026 724 4089 quam
754 4008 841 4090 quod
869 4010 988 4074 marito
1010 4029 1076 4074 non
1097 4010 1168 4093 pla·
1218 4032 1254 4076 se
1274 4009 1487 4075 nihilominus
1505 4030 1570 4074 uon
1587 4019 1674 4074 stare
1696 4010 1872 4092 quominus
1889 4007 1999 4073 statim
2022 4007 2185 4073 liberetur.

198 4102 295 4160 oeret.
339 4093 391 4158 Ita
421 4092 523 4158 libera
554 4091 738 4159 discedebat
770 4093 905 4160 mulier:
941 4103 1039 4177 atque
1069 4115 1168 4177 penes
1219 4096 1305 4161 Nam
1321 4093 1591 4178 quemadmodum
1607 4096 1773 4177 superiore
1790 4115 1887 4159 versu
1901 4092 2044 4158 ostendit
2058 4113 2189 4159 omnem

197 4181 354 4246 maritum
376 4178 472 4261 culpa
493 4177 717 4243 tantummodo
746 4179 917 4258 residebat,
947 4181 1039 4246 cuius
1060 4199 1167 4255 moro·
1220 4181 1349 4265 culpam
1373 4201 1472 4263 penes
1493 4179 1632 4245 Iudaeos
1653 4181 1805 4258 residere,
1827 4180 1874 4243 ita
1896 4198 1982 4243 nune
2003 4178 2084 4243 vitio
2106 4179 2190 4261 ipsc

199 4265 290 4332 sitati
312 4272 347 4329 et
368 4264 495 4329 fastidio
524 4264 650 4347 repudii
673 4284 771 4330 cause
799 4266 1032 4349 assignabstur.
1076 4266 1168 4332 Haec
1220 4287 1294 4332 rum
1317 4266 1461 4333 accidere
1483 4265 1591 4343 docet,
1620 4266 1704 4349 quod
1726 4272 1959 4332 consenescant
1989 4263 2025 4327 iu
2047 4264 2189 4329 miseriis

198 4359 309 4418 autem
342 4348 468 4432 repudii
502 4350 555 4415 lex
589 4350 628 4415 ob
662 4349 813 4414 duritiem
845 4351 957 4434 populi
990 4351 1094 4429 illius,
1131 4360 1170 4416 ut
1221 4353 1304 4430 suis,
1338 4373 1375 4418 ac
1404 4359 1601 4436 putrescant.
1646 4350 1808 4416 Dominus
1836 4352 1924 4416 enim
1953 4357 2091 4432 paratus
2119 4362 2189 4414 erat

198 4436 343 4503 ostendit
360 4434 522 4516 Ohristus,
545 4437 674 4501 aMose
696 4435 875 4501 constituta
896 4445 954 4502 est.
989 4436 1170 4520 Aptissima
1221 4438 1300 4522 ipsis
1332 4437 1499 4519 opitulari,
1534 4437 1596 4502 nisi
1626 4437 1764 4521 gratiam
1793 4437 1862 4501 eius
1886 4444 1920 4501 et
1943 4434 2189 4501 beneficentiam

199 4542 278 4607 ergo
312 4520 527 4586 similitudine
562 4520 704 4586 ostendit
736 4520 898 4587 Dominus
931 4541 967 4587 se
1000 4542 1066 4585 non
1097 4543 1170 4587 esse
1221 4531 1422 4605 respuerent.
1463 4522 1503 4585 Iu
1527 4543 1662 4600 summa,
1685 4521 1827 4587 ostendit
1848 4530 1914 4587 tam
1937 4521 2068 4586 initium
2090 4539 2188 4604 quam

180 4617 348 4674 'autorem
370 4606 518 4672 divortii:
542 4606 600 4673 sed
616 4605 772 4691 populum
794 4606 889 4690 culpa
911 4628 970 4672 sua
989 4605 1168 4684 divertisse,
1221 4628 1427 4693 progressum
1459 4606 1537 4672 mali
1571 4607 1649 4672 vitio
1682 4607 1791 4690 populi
1829 4608 1990 4687 accidere,
2029 4617 2067 4671 ut
2099 4604 2190 4672 omui

200 4703 234 4761 et
263 4701 439 4776 sequutum
472 4714 542 4759 esse
575 4691 727 4758 libidines
761 4712 854 4769 suas,
886 4692 931 4757 ita
961 4702 996 4757 ιιι
1027 4692 1170 4777 coniugii
1222 4693 1318 4776 culpa
1339 4693 1447 4758 Deum
1470 4693 1594 4770 liberet,
1617 4713 1654 4758 ac
1675 4693 1774 4775 impie
1795 4692 1934 4758 Iudaeos
1956 4691 2061 4757 facere
2082 4701 2190 4756 osten·

200 4780 371 4846 vinculum
402 4779 535 4861 penitus
563 4778 738 4860 abruperit.
783 4779 962 4861 Propterea
983 4785 1079 4862 rogat
1100 4777 1171 4843 ubi·
1223 4778 1294 4858 dat,
1327 4777 1411 4862 quod
1440 4798 1514 4843 eum
1539 4777 1629 4843 velut
1651 4791 1797 4842 autorem
1823 4779 1902 4843 mali
1931 4785 2098 4854 accusent,
2131 4782 2190 4841 aut

200 4886 279 4930 nam
313 4865 356 4929 sit
389 4863 518 4930 libellus
549 4864 605 4929 ille
638 4883 733 4948 quem
766 4864 938 4930 iactabant.
990 4864 1051 4930 Est
1084 4864 1170 4929 enim
1223 4874 1402 4947 querantur
1427 4864 1513 4947 quod
1547 4864 1627 4946 ipsis
1656 4883 1748 4944 opem
1779 4864 1863 4928 ferre
1893 4863 1984 4929 nolit.
2039 4863 2190 4928 Primum

200 4951 366 5035 emphasis
388 4950 422 5014 in
445 4951 635 5033 pronomine
658 4950 913 5016 demonstrativo
935 4963 980 5029 ut,
1002 4949 1087 5015 Iste:
1109 4970 1172 5031 quo
1222 4950 1326 5034 igitur
1348 4949 1511 5015 Dominus
1535 4971 1570 5014 se
1593 4949 1720 5014 venisse
1741 4949 1827 5015 dicit.
1874 4949 2039 5030 Quorsum
2060 4947 2103 5026 id,
2126 4947 2191 5012 nisi

201 5046 318 5101 notare
347 5035 450 5100 voluit
478 5037 592 5101 inanes
623 5055 737 5100 eorum
765 5037 1004 5105 excusationes:
1037 5033 1172 5118 perinde
1222 5045 1260 5100 ut
1282 5035 1412 5101 Iudaeis
1435 5056 1569 5100 manum
1592 5034 1795 5118 porrigeret?
1833 5034 1930 5102 Unde
1951 5035 2101 5118 sequitur
2121 5052 2190 5097 me·

201 5140 241 5184 ac
270 5120 298 5185 si
327 5120 466 5199 diceret,
499 5141 554 5187 ecs
583 5123 630 5186 ita
659 5121 783 5186 crimen
814 5143 833 5186 a
861 5143 896 5187 se
928 5120 1105 5204 depellere,
1139 5128 1173 5184 et
1223 5121 1287 5186 rito
1309 5119 1457 5186 destitui:
1484 5122 1558 5205 quia
1579 5121 1649 5185 eius
1671 5119 1809 5205 gratiam
1833 5121 1982 5204 amplecti
2005 5119 2191 5185 noluerunt.

202 5205 311 5271 Deum
335 5205 538 5290 calumniari,
560 5226 598 5271 ae
620 5206 649 5271 si
670 5214 785 5290 parata
806 5207 816 5270 i
841 5207 886 5273 sis
908 5218 992 5273 esset
1015 5206 1171 5272 defensio:
1230 5206 1342 5272 Venire
1370 5216 1480 5272 sutem
1510 5206 1628 5271 dicitur
1650 5205 1826 5281 Dominus,
1855 5227 1955 5289 quum
1979 5206 2035 5272 dat
2059 5206 2190 5290 siguum

200 5310 305 5375 quum
338 5298 448 5358 ιιιιιιιι
480 5293 542 5375 ipsi
576 5292 754 5359 violassent
787 5227 883 5360 fitium
917 5293 1073 5378 coniugii,
1111 5310 1172 5358 nec
1222 5292 1349 5377 aliquod
1389 5290 1593 5377 praesentiae
1631 5312 1718 5359 suae.
1777 5292 1912 5359 Accedit
1950 5290 2192 5376 praedicatione
