<?xml version="1.0" encoding="UTF-8"?>
<!DOCTYPE html PUBLIC "-//W3C//DTD XHTML 1.0 Transitional//EN"
    "http://www.w3.org/TR/xhtml1/DTD/xhtml1-transitional.dtd">
<html xmlns="http://www.w3.org/1999/xhtml" xml:lang="en" lang="en">
 <head>
  <title>
</title>
<meta http-equiv="Content-Type" content="text/html;charset=utf-8" />
  <meta name='ocr-system' content='tesseract 3.04.00' />
  <meta name='ocr-capabilities' content='ocr_page ocr_carea ocr_par ocr_line ocrx_word'/>
</head>
<body>
  <div class='ocr_page' id='page_1' title='image "./corpusreformato04melagoog_0081.png"; bbox 0 0 4784 5970; ppageno 0'>
   <div class='ocr_carea' id='block_1_1' title="bbox 191 303 2197 373">
    <p class='ocr_par' dir='ltr' id='par_1_1' title="bbox 191 303 2197 373">
     <span class='ocr_line' id='line_1_1' title="bbox 191 303 2197 373; baseline -0 -3"><span class='ocrx_word' id='word_1_1' title='bbox 191 305 255 371; x_wconf 82' lang='lat'><strong>131</strong></span> <span class='ocrx_word' id='word_1_2' title='bbox 1080 304 1129 371; x_wconf 88' lang='lat' dir='ltr'><strong>IN</strong></span> <span class='ocrx_word' id='word_1_3' title='bbox 1149 303 1316 373; x_wconf 84' lang='lat' dir='ltr'>ISAIAM</span> <span class='ocrx_word' id='word_1_4' title='bbox 2134 303 2197 369; x_wconf 79' lang='lat'><strong>132</strong></span> 
     </span>
    </p>
   </div>
   <div class='ocr_carea' id='block_1_2' title="bbox 188 490 2194 4257">
    <p class='ocr_par' dir='ltr' id='par_1_2' title="bbox 188 490 2194 4257">
     <span class='ocr_line' id='line_1_2' title="bbox 277 490 2193 580; baseline 0 -21"><span class='ocrx_word' id='word_1_5' title='bbox 277 494 307 562; x_wconf 84' lang='lat'>4.</span> <span class='ocrx_word' id='word_1_6' title='bbox 330 492 476 580; x_wconf 75' lang='grc'><strong>(1166161</strong></span> <span class='ocrx_word' id='word_1_7' title='bbox 502 513 626 560; x_wconf 80' lang='lat' dir='ltr'>seruum</span> <span class='ocrx_word' id='word_1_8' title='bbox 652 493 778 579; x_wconf 82' lang='lat' dir='ltr'>meum.)</span> <span class='ocrx_word' id='word_1_9' title='bbox 821 490 976 560; x_wconf 76' lang='lat' dir='ltr'><strong>Ostendit</strong></span> <span class='ocrx_word' id='word_1_10' title='bbox 1004 513 1099 577; x_wconf 92' lang='lat' dir='ltr'>quem</span> <span class='ocrx_word' id='word_1_11' title='bbox 1127 495 1163 559; x_wconf 95' lang='lat' dir='ltr'><strong>in</strong></span> <span class='ocrx_word' id='word_1_12' title='bbox 1215 494 1369 573; x_wconf 92' lang='grc'><strong>11611661,</strong></span> <span class='ocrx_word' id='word_1_13' title='bbox 1399 494 1455 577; x_wconf 89' lang='grc'><strong>661</strong></span> <span class='ocrx_word' id='word_1_14' title='bbox 1485 494 1572 560; x_wconf 88' lang='grc'><strong>66116</strong></span> <span class='ocrx_word' id='word_1_15' title='bbox 1602 493 1944 577; x_wconf 86' lang='grc'><strong>6161111116166111</strong></span> <span class='ocrx_word' id='word_1_16' title='bbox 1968 493 2111 578; x_wconf 84' lang='lat' dir='ltr'>rogavit,</span> <span class='ocrx_word' id='word_1_17' title='bbox 2143 515 2193 559; x_wconf 89' lang='lat' dir='ltr'><strong>re-</strong></span> 
     </span>
     <span class='ocr_line' id='line_1_3' title="bbox 191 577 2192 664; baseline -0.001 -19"><span class='ocrx_word' id='word_1_18' title='bbox 191 581 291 646; x_wconf 87' lang='lat' dir='ltr'>finem</span> <span class='ocrx_word' id='word_1_19' title='bbox 319 585 387 644; x_wconf 93' lang='lat' dir='ltr'><strong>tam</strong></span> <span class='ocrx_word' id='word_1_20' title='bbox 418 578 527 646; x_wconf 90' lang='grc'><strong>1611666</strong></span> <span class='ocrx_word' id='word_1_21' title='bbox 559 589 591 644; x_wconf 92' lang='grc'><strong>61</strong></span> <span class='ocrx_word' id='word_1_22' title='bbox 620 579 803 664; x_wconf 84' lang='grc'><strong>6166616166</strong></span> <span class='ocrx_word' id='word_1_23' title='bbox 833 601 1000 647; x_wconf 86' lang='lat' dir='ltr'>successus</span> <span class='ocrx_word' id='word_1_24' title='bbox 1028 580 1163 645; x_wconf 87' lang='lat' dir='ltr'>daturus</span> <span class='ocrx_word' id='word_1_25' title='bbox 1213 578 1345 662; x_wconf 80' lang='lat' dir='ltr'><strong>spondit</strong></span> <span class='ocrx_word' id='word_1_26' title='bbox 1366 602 1401 645; x_wconf 91' lang='grc'><strong>66</strong></span> <span class='ocrx_word' id='word_1_27' title='bbox 1423 601 1488 644; x_wconf 92' lang='grc'><strong>166</strong></span> <span class='ocrx_word' id='word_1_28' title='bbox 1510 579 1598 646; x_wconf 92' lang='lat' dir='ltr'>hunc</span> <span class='ocrx_word' id='word_1_29' title='bbox 1624 579 1790 645; x_wconf 89' lang='lat' dir='ltr'>bominem</span> <span class='ocrx_word' id='word_1_30' title='bbox 1812 579 1972 659; x_wconf 87' lang='grc'><strong>61616661,</strong></span> <span class='ocrx_word' id='word_1_31' title='bbox 1999 577 2060 645; x_wconf 83' lang='lat' dir='ltr'><strong>sed</strong></span> <span class='ocrx_word' id='word_1_32' title='bbox 2082 577 2192 644; x_wconf 88' lang='lat' dir='ltr'>Deum</span> 
     </span>
     <span class='ocr_line' id='line_1_4' title="bbox 191 662 2191 749; baseline -0.001 -17"><span class='ocrx_word' id='word_1_33' title='bbox 191 667 235 732; x_wconf 89' lang='lat' dir='ltr'><strong>sit</strong></span> <span class='ocrx_word' id='word_1_34' title='bbox 264 666 340 730; x_wconf 84' lang='lat' dir='ltr'>linio</span> <span class='ocrx_word' id='word_1_35' title='bbox 366 665 520 748; x_wconf 76' lang='lat' dir='ltr'>principi:</span> <span class='ocrx_word' id='word_1_36' title='bbox 551 686 677 748; x_wconf 81' lang='lat' dir='ltr'>nempe,</span> <span class='ocrx_word' id='word_1_37' title='bbox 708 675 745 730; x_wconf 88' lang='lat' dir='ltr'><strong>ut</strong></span> <span class='ocrx_word' id='word_1_38' title='bbox 775 666 931 748; x_wconf 92' lang='lat' dir='ltr'>populum</span> <span class='ocrx_word' id='word_1_39' title='bbox 962 686 1059 731; x_wconf 90' lang='lat' dir='ltr'>suum</span> <span class='ocrx_word' id='word_1_40' title='bbox 1086 687 1162 733; x_wconf 91' lang='lat' dir='ltr'>con·</span> <span class='ocrx_word' id='word_1_41' title='bbox 1186 680 1190 745; x_wconf 76' lang='lat' dir='ltr'><strong>t</strong></span> <span class='ocrx_word' id='word_1_42' title='bbox 1214 666 1309 731; x_wconf 91' lang='lat' dir='ltr'>cuine</span> <span class='ocrx_word' id='word_1_43' title='bbox 1335 665 1440 731; x_wconf 87' lang='lat' dir='ltr'>officio</span> <span class='ocrx_word' id='word_1_44' title='bbox 1461 665 1665 749; x_wconf 82' lang='lat' dir='ltr'>fungebatur.</span> <span class='ocrx_word' id='word_1_45' title='bbox 1711 663 1782 731; x_wconf 83' lang='lat' dir='ltr'>Sibi</span> <span class='ocrx_word' id='word_1_46' title='bbox 1803 685 1893 745; x_wconf 87' lang='lat' dir='ltr'>vero,</span> <span class='ocrx_word' id='word_1_47' title='bbox 1923 667 2001 731; x_wconf 94' lang='lat' dir='ltr'><strong>dum</strong></span> <span class='ocrx_word' id='word_1_48' title='bbox 2023 662 2135 731; x_wconf 87' lang='lat' dir='ltr'>adhuc</span> <span class='ocrx_word' id='word_1_49' title='bbox 2158 667 2191 730; x_wconf 95' lang='lat' dir='ltr'><strong>in</strong></span> 
     </span>
     <span class='ocr_line' id='line_1_5' title="bbox 191 750 2191 835; baseline 0 -18"><span class='ocrx_word' id='word_1_50' title='bbox 191 761 308 817; x_wconf 87' lang='lat' dir='ltr'>servet.</span> <span class='ocrx_word' id='word_1_51' title='bbox 340 750 483 816; x_wconf 79' lang='lat' dir='ltr'>Perinde</span> <span class='ocrx_word' id='word_1_52' title='bbox 506 772 543 816; x_wconf 90' lang='lat' dir='ltr'><strong>ac</strong></span> <span class='ocrx_word' id='word_1_53' title='bbox 565 752 593 816; x_wconf 91' lang='lat' dir='ltr'><strong>si</strong></span> <span class='ocrx_word' id='word_1_54' title='bbox 615 751 737 817; x_wconf 89' lang='lat' dir='ltr'>diceret</span> <span class='ocrx_word' id='word_1_55' title='bbox 753 750 936 816; x_wconf 88' lang='lat' dir='ltr'>Dominus:</span> <span class='ocrx_word' id='word_1_56' title='bbox 958 751 1009 817; x_wconf 81' lang='lat' dir='ltr'><strong>uu</strong></span> <span class='ocrx_word' id='word_1_57' title='bbox 1032 751 1161 835; x_wconf 88' lang='lat' dir='ltr'>quidem</span> <span class='ocrx_word' id='word_1_58' title='bbox 1214 750 1280 816; x_wconf 94' lang='lat' dir='ltr'><strong>Dio</strong></span> <span class='ocrx_word' id='word_1_59' title='bbox 1301 751 1434 818; x_wconf 89' lang='lat' dir='ltr'>civitate</span> <span class='ocrx_word' id='word_1_60' title='bbox 1455 751 1666 816; x_wconf 83' lang='lat' dir='ltr'>Macedoniae</span> <span class='ocrx_word' id='word_1_61' title='bbox 1688 756 1783 828; x_wconf 88' lang='lat' dir='ltr'>esset,</span> <span class='ocrx_word' id='word_1_62' title='bbox 1805 751 1903 816; x_wconf 90' lang='lat' dir='ltr'>talem</span> <span class='ocrx_word' id='word_1_63' title='bbox 1926 751 2070 817; x_wconf 86' lang='lat' dir='ltr'>hominis</span> <span class='ocrx_word' id='word_1_64' title='bbox 2092 763 2191 834; x_wconf 87' lang='lat' dir='ltr'>atque</span> 
     </span>
     <span class='ocr_line' id='line_1_6' title="bbox 190 836 2190 920; baseline 0.001 -19"><span class='ocrx_word' id='word_1_65' title='bbox 190 837 325 920; x_wconf 91' lang='lat' dir='ltr'>potieris</span> <span class='ocrx_word' id='word_1_66' title='bbox 364 837 486 920; x_wconf 77' lang='lat' dir='ltr'>insigni</span> <span class='ocrx_word' id='word_1_67' title='bbox 526 837 680 920; x_wconf 88' lang='lat' dir='ltr'>victoria,</span> <span class='ocrx_word' id='word_1_68' title='bbox 719 836 776 903; x_wconf 89' lang='lat' dir='ltr'><strong>sed</strong></span> <span class='ocrx_word' id='word_1_69' title='bbox 814 838 973 902; x_wconf 89' lang='lat' dir='ltr'>rationem</span> <span class='ocrx_word' id='word_1_70' title='bbox 1015 857 1162 902; x_wconf 91' lang='lat' dir='ltr'>meorum</span> <span class='ocrx_word' id='word_1_71' title='bbox 1213 837 1259 902; x_wconf 90' lang='lat' dir='ltr'><strong>ita</strong></span> <span class='ocrx_word' id='word_1_72' title='bbox 1281 837 1389 901; x_wconf 86' lang='lat' dir='ltr'>ornati</span> <span class='ocrx_word' id='word_1_73' title='bbox 1411 846 1565 918; x_wconf 87' lang='lat' dir='ltr'>tanquam</span> <span class='ocrx_word' id='word_1_74' title='bbox 1582 836 1645 901; x_wconf 94' lang='lat' dir='ltr'><strong>Dei</strong></span> <span class='ocrx_word' id='word_1_75' title='bbox 1667 837 1819 919; x_wconf 90' lang='lat' dir='ltr'>speciem,</span> <span class='ocrx_word' id='word_1_76' title='bbox 1841 838 1877 902; x_wconf 93' lang='lat' dir='ltr'><strong>in</strong></span> <span class='ocrx_word' id='word_1_77' title='bbox 1892 836 2029 903; x_wconf 89' lang='lat' dir='ltr'>somniis</span> <span class='ocrx_word' id='word_1_78' title='bbox 2044 836 2190 903; x_wconf 84' lang='lat' dir='ltr'>oblatam</span> 
     </span>
     <span class='ocr_line' id='line_1_7' title="bbox 191 922 2191 1007; baseline 0.001 -20"><span class='ocrx_word' id='word_1_79' title='bbox 191 922 297 1005; x_wconf 90' lang='lat' dir='ltr'>potius</span> <span class='ocrx_word' id='word_1_80' title='bbox 329 943 425 1005; x_wconf 91' lang='lat' dir='ltr'>quam</span> <span class='ocrx_word' id='word_1_81' title='bbox 459 922 508 986; x_wconf 90' lang='lat' dir='ltr'><strong>tui</strong></span> <span class='ocrx_word' id='word_1_82' title='bbox 541 943 615 987; x_wconf 92' lang='grc'><strong>6111</strong></span> <span class='ocrx_word' id='word_1_83' title='bbox 648 922 836 1002; x_wconf 90' lang='lat' dir='ltr'>habiturus,</span> <span class='ocrx_word' id='word_1_84' title='bbox 874 943 949 988; x_wconf 91' lang='lat' dir='ltr'><strong>nam</strong></span> <span class='ocrx_word' id='word_1_85' title='bbox 982 923 1018 987; x_wconf 95' lang='lat' dir='ltr'><strong>in</strong></span> <span class='ocrx_word' id='word_1_86' title='bbox 1049 943 1162 987; x_wconf 92' lang='lat' dir='ltr'>eorum</span> <span class='ocrx_word' id='word_1_87' title='bbox 1213 943 1293 996; x_wconf 89' lang='grc'><strong>6666,</strong></span> <span class='ocrx_word' id='word_1_88' title='bbox 1316 922 1469 1006; x_wconf 91' lang='grc'><strong>6616611</strong></span> <span class='ocrx_word' id='word_1_89' title='bbox 1491 922 1532 988; x_wconf 89' lang='lat' dir='ltr'><strong>ad</strong></span> <span class='ocrx_word' id='word_1_90' title='bbox 1555 922 1745 1006; x_wconf 89' lang='lat' dir='ltr'>capiendam</span> <span class='ocrx_word' id='word_1_91' title='bbox 1762 922 1875 989; x_wconf 76' lang='lat' dir='ltr'>Asiam</span> <span class='ocrx_word' id='word_1_92' title='bbox 1897 922 2068 1007; x_wconf 85' lang='lat' dir='ltr'>incitabat,</span> <span class='ocrx_word' id='word_1_93' title='bbox 2088 943 2191 1006; x_wconf 89' lang='grc'><strong>666116</strong></span> 
     </span>
     <span class='ocr_line' id='line_1_8' title="bbox 189 1006 2190 1092; baseline 0 -20"><span class='ocrx_word' id='word_1_94' title='bbox 189 1009 330 1092; x_wconf 88' lang='lat' dir='ltr'>gratiam</span> <span class='ocrx_word' id='word_1_95' title='bbox 352 1028 446 1091; x_wconf 87' lang='lat' dir='ltr'>reges</span> <span class='ocrx_word' id='word_1_96' title='bbox 467 1029 505 1073; x_wconf 91' lang='lat' dir='ltr'><strong>ac</strong></span> <span class='ocrx_word' id='word_1_97' title='bbox 523 1008 657 1091; x_wconf 91' lang='lat' dir='ltr'>populos</span> <span class='ocrx_word' id='word_1_98' title='bbox 676 1009 709 1072; x_wconf 96' lang='lat' dir='ltr'><strong>in</strong></span> <span class='ocrx_word' id='word_1_99' title='bbox 724 1016 921 1092; x_wconf 88' lang='lat' dir='ltr'>potestatem</span> <span class='ocrx_word' id='word_1_100' title='bbox 935 1017 1026 1073; x_wconf 90' lang='lat' dir='ltr'>tuam</span> <span class='ocrx_word' id='word_1_101' title='bbox 1041 1006 1161 1091; x_wconf 89' lang='lat' dir='ltr'>redigo.</span> <span class='ocrx_word' id='word_1_102' title='bbox 1213 1006 1328 1074; x_wconf 89' lang='lat' dir='ltr'>ducem</span> <span class='ocrx_word' id='word_1_103' title='bbox 1350 1006 1513 1073; x_wconf 88' lang='lat' dir='ltr'>exercitus</span> <span class='ocrx_word' id='word_1_104' title='bbox 1534 1008 1602 1072; x_wconf 87' lang='grc'><strong>1616</strong></span> <span class='ocrx_word' id='word_1_105' title='bbox 1624 1007 1845 1090; x_wconf 90' lang='lat' dir='ltr'>pollicebatur,</span> <span class='ocrx_word' id='word_1_106' title='bbox 1876 1029 1917 1074; x_wconf 93' lang='lat' dir='ltr'><strong>ne</strong></span> <span class='ocrx_word' id='word_1_107' title='bbox 1940 1008 2006 1074; x_wconf 93' lang='lat' dir='ltr'>ullo</span> <span class='ocrx_word' id='word_1_108' title='bbox 2027 1008 2127 1074; x_wconf 92' lang='lat' dir='ltr'>modo</span> <span class='ocrx_word' id='word_1_109' title='bbox 2152 1010 2190 1073; x_wconf 91' lang='lat' dir='ltr'>ds</span> 
     </span>
     <span class='ocr_line' id='line_1_9' title="bbox 189 1093 2189 1178; baseline 0.001 -19"><span class='ocrx_word' id='word_1_110' title='bbox 189 1093 256 1159; x_wconf 91' lang='lat' dir='ltr'><strong>His</strong></span> <span class='ocrx_word' id='word_1_111' title='bbox 295 1093 426 1176; x_wconf 93' lang='lat' dir='ltr'>quidem</span> <span class='ocrx_word' id='word_1_112' title='bbox 464 1094 627 1160; x_wconf 91' lang='lat' dir='ltr'>vaticiniis</span> <span class='ocrx_word' id='word_1_113' title='bbox 667 1094 828 1159; x_wconf 82' lang='lat' dir='ltr'>Dominus</span> <span class='ocrx_word' id='word_1_114' title='bbox 867 1095 994 1176; x_wconf 91' lang='lat' dir='ltr'>piorum</span> <span class='ocrx_word' id='word_1_115' title='bbox 1035 1095 1162 1159; x_wconf 90' lang='lat' dir='ltr'>animos</span> <span class='ocrx_word' id='word_1_116' title='bbox 1214 1094 1349 1161; x_wconf 88' lang='grc'><strong>11616116</strong></span> <span class='ocrx_word' id='word_1_117' title='bbox 1382 1093 1554 1159; x_wconf 88' lang='grc'><strong>161116161.</strong></span> <span class='ocrx_word' id='word_1_118' title='bbox 1606 1093 1721 1176; x_wconf 89' lang='grc'><strong>116616</strong></span> <span class='ocrx_word' id='word_1_119' title='bbox 1750 1095 1821 1159; x_wconf 90' lang='grc'><strong>6166</strong></span> <span class='ocrx_word' id='word_1_120' title='bbox 1850 1106 2027 1178; x_wconf 89' lang='lat' dir='ltr'>conspectu</span> <span class='ocrx_word' id='word_1_121' title='bbox 2056 1116 2092 1160; x_wconf 90' lang='grc'><strong>66</strong></span> <span class='ocrx_word' id='word_1_122' title='bbox 2124 1116 2189 1160; x_wconf 90' lang='grc'><strong>661</strong></span> 
     </span>
     <span class='ocr_line' id='line_1_10' title="bbox 191 1178 2189 1265; baseline 0.001 -21"><span class='ocrx_word' id='word_1_123' title='bbox 191 1181 317 1263; x_wconf 89' lang='lat' dir='ltr'>erigere</span> <span class='ocrx_word' id='word_1_124' title='bbox 334 1178 470 1265; x_wconf 76' lang='lat' dir='ltr'>voluit,</span> <span class='ocrx_word' id='word_1_125' title='bbox 505 1201 545 1243; x_wconf 92' lang='lat' dir='ltr'><strong>ne</strong></span> <span class='ocrx_word' id='word_1_126' title='bbox 578 1180 614 1244; x_wconf 93' lang='lat' dir='ltr'><strong>in</strong></span> <span class='ocrx_word' id='word_1_127' title='bbox 647 1179 809 1262; x_wconf 89' lang='lat' dir='ltr'>angustiis</span> <span class='ocrx_word' id='word_1_128' title='bbox 841 1179 906 1245; x_wconf 90' lang='lat' dir='ltr'>illis</span> <span class='ocrx_word' id='word_1_129' title='bbox 934 1179 1161 1262; x_wconf 74' lang='lat' dir='ltr'>desperarent:</span> <span class='ocrx_word' id='word_1_130' title='bbox 1215 1180 1359 1262; x_wconf 87' lang='lat' dir='ltr'>potuisse</span> <span class='ocrx_word' id='word_1_131' title='bbox 1380 1200 1448 1243; x_wconf 92' lang='lat' dir='ltr'><strong>non</strong></span> <span class='ocrx_word' id='word_1_132' title='bbox 1470 1178 1683 1244; x_wconf 88' lang='lat' dir='ltr'>vehementer</span> <span class='ocrx_word' id='word_1_133' title='bbox 1705 1180 1910 1246; x_wconf 79' lang='lat' dir='ltr'>commoveri.</span> <span class='ocrx_word' id='word_1_134' title='bbox 1943 1179 2088 1246; x_wconf 83' lang='lat' dir='ltr'>Proinde</span> <span class='ocrx_word' id='word_1_135' title='bbox 2110 1180 2189 1246; x_wconf 90' lang='lat' dir='ltr'>libe·</span> 
     </span>
     <span class='ocr_line' id='line_1_11' title="bbox 190 1264 2188 1349; baseline 0.001 -19"><span class='ocrx_word' id='word_1_136' title='bbox 190 1264 247 1330; x_wconf 90' lang='lat' dir='ltr'><strong>sed</strong></span> <span class='ocrx_word' id='word_1_137' title='bbox 271 1264 403 1330; x_wconf 94' lang='lat' dir='ltr'>dubium</span> <span class='ocrx_word' id='word_1_138' title='bbox 425 1287 489 1328; x_wconf 92' lang='lat' dir='ltr'><strong>non</strong></span> <span class='ocrx_word' id='word_1_139' title='bbox 512 1275 562 1329; x_wconf 89' lang='grc'><strong>661</strong></span> <span class='ocrx_word' id='word_1_140' title='bbox 579 1266 657 1348; x_wconf 89' lang='grc'><strong>6611</strong></span> <span class='ocrx_word' id='word_1_141' title='bbox 678 1265 802 1349; x_wconf 81' lang='lat' dir='ltr'>Cyrum</span> <span class='ocrx_word' id='word_1_142' title='bbox 821 1284 951 1347; x_wconf 90' lang='lat' dir='ltr'>qnoque</span> <span class='ocrx_word' id='word_1_143' title='bbox 970 1285 1161 1347; x_wconf 86' lang='lat' dir='ltr'>permovere</span> <span class='ocrx_word' id='word_1_144' title='bbox 1213 1275 1284 1329; x_wconf 86' lang='lat' dir='ltr'>rata</span> <span class='ocrx_word' id='word_1_145' title='bbox 1313 1278 1362 1331; x_wconf 89' lang='lat' dir='ltr'><strong>est</strong></span> <span class='ocrx_word' id='word_1_146' title='bbox 1395 1265 1456 1329; x_wconf 93' lang='lat' dir='ltr'><strong>hoc</strong></span> <span class='ocrx_word' id='word_1_147' title='bbox 1485 1265 1581 1329; x_wconf 93' lang='lat' dir='ltr'>modo</span> <span class='ocrx_word' id='word_1_148' title='bbox 1602 1264 1803 1348; x_wconf 86' lang='lat' dir='ltr'>Ierosolyma</span> <span class='ocrx_word' id='word_1_149' title='bbox 1824 1286 1842 1330; x_wconf 93' lang='grc'><strong>6</strong></span> <span class='ocrx_word' id='word_1_150' title='bbox 1863 1266 2011 1331; x_wconf 86' lang='grc'><strong>16111116</strong></span> <span class='ocrx_word' id='word_1_151' title='bbox 2032 1266 2188 1333; x_wconf 88' lang='lat' dir='ltr'>immanis</span> 
     </span>
     <span class='ocr_line' id='line_1_12' title="bbox 190 1349 2187 1433; baseline -0.001 -16"><span class='ocrx_word' id='word_1_152' title='bbox 190 1350 339 1431; x_wconf 90' lang='grc'><strong>16116111,</strong></span> <span class='ocrx_word' id='word_1_153' title='bbox 370 1361 405 1415; x_wconf 92' lang='grc'><strong>61</strong></span> <span class='ocrx_word' id='word_1_154' title='bbox 433 1363 623 1433; x_wconf 88' lang='lat' dir='ltr'>agnosceret</span> <span class='ocrx_word' id='word_1_155' title='bbox 644 1372 680 1416; x_wconf 90' lang='grc'><strong>66</strong></span> <span class='ocrx_word' id='word_1_156' title='bbox 702 1351 749 1414; x_wconf 89' lang='grc'><strong>1111</strong></span> <span class='ocrx_word' id='word_1_157' title='bbox 773 1350 890 1433; x_wconf 91' lang='lat' dir='ltr'>populo</span> <span class='ocrx_word' id='word_1_158' title='bbox 913 1349 1029 1415; x_wconf 91' lang='lat' dir='ltr'>debere</span> <span class='ocrx_word' id='word_1_159' title='bbox 1052 1352 1161 1414; x_wconf 88' lang='lat' dir='ltr'>omnia</span> <span class='ocrx_word' id='word_1_160' title='bbox 1213 1350 1300 1415; x_wconf 88' lang='lat' dir='ltr'>illins</span> <span class='ocrx_word' id='word_1_161' title='bbox 1321 1349 1503 1433; x_wconf 90' lang='lat' dir='ltr'>praedonis,</span> <span class='ocrx_word' id='word_1_162' title='bbox 1527 1349 1582 1433; x_wconf 92' lang='lat' dir='ltr'><strong>qui</strong></span> <span class='ocrx_word' id='word_1_163' title='bbox 1605 1350 1687 1414; x_wconf 88' lang='lat' dir='ltr'>nihil</span> <span class='ocrx_word' id='word_1_164' title='bbox 1710 1351 1799 1415; x_wconf 89' lang='lat' dir='ltr'>aliud</span> <span class='ocrx_word' id='word_1_165' title='bbox 1821 1371 1917 1433; x_wconf 90' lang='lat' dir='ltr'>quam</span> <span class='ocrx_word' id='word_1_166' title='bbox 1940 1350 2058 1418; x_wconf 88' lang='grc'><strong>666166</strong></span> <span class='ocrx_word' id='word_1_167' title='bbox 2080 1365 2115 1415; x_wconf 88' lang='grc'><strong>61</strong></span> <span class='ocrx_word' id='word_1_168' title='bbox 2138 1354 2187 1416; x_wconf 83' lang='grc'><strong>11·</strong></span> 
     </span>
     <span class='ocr_line' id='line_1_13' title="bbox 190 1435 2187 1520; baseline 0.001 -19"><span class='ocrx_word' id='word_1_169' title='bbox 190 1455 275 1518; x_wconf 88' lang='grc'><strong>6166</strong></span> <span class='ocrx_word' id='word_1_170' title='bbox 297 1450 515 1517; x_wconf 88' lang='lat' dir='ltr'>consequutus</span> <span class='ocrx_word' id='word_1_171' title='bbox 537 1446 615 1509; x_wconf 87' lang='lat' dir='ltr'>erat,</span> <span class='ocrx_word' id='word_1_172' title='bbox 639 1456 702 1519; x_wconf 92' lang='grc'><strong>616</strong></span> <span class='ocrx_word' id='word_1_173' title='bbox 723 1437 911 1519; x_wconf 90' lang='grc'><strong>6166616161</strong></span> <span class='ocrx_word' id='word_1_174' title='bbox 932 1435 1161 1520; x_wconf 88' lang='grc'><strong>6161666166·</strong></span> <span class='ocrx_word' id='word_1_175' title='bbox 1212 1436 1328 1502; x_wconf 88' lang='lat' dir='ltr'>cendia</span> <span class='ocrx_word' id='word_1_176' title='bbox 1354 1436 1513 1518; x_wconf 90' lang='lat' dir='ltr'>cupiebat.</span> <span class='ocrx_word' id='word_1_177' title='bbox 1556 1436 1627 1500; x_wconf 94' lang='lat' dir='ltr'><strong>Imo</strong></span> <span class='ocrx_word' id='word_1_178' title='bbox 1657 1439 1810 1500; x_wconf 88' lang='lat' dir='ltr'>maiorem</span> <span class='ocrx_word' id='word_1_179' title='bbox 1839 1457 1936 1520; x_wconf 89' lang='lat' dir='ltr'>quam</span> <span class='ocrx_word' id='word_1_180' title='bbox 1964 1447 2063 1502; x_wconf 89' lang='lat' dir='ltr'>antea</span> <span class='ocrx_word' id='word_1_181' title='bbox 2088 1438 2187 1502; x_wconf 90' lang='lat' dir='ltr'>liber·</span> 
     </span>
     <span class='ocr_line' id='line_1_14' title="bbox 191 1520 2186 1606; baseline 0.002 -20"><span class='ocrx_word' id='word_1_182' title='bbox 191 1523 266 1586; x_wconf 87' lang='lat' dir='ltr'><strong>dam</strong></span> <span class='ocrx_word' id='word_1_183' title='bbox 288 1542 418 1587; x_wconf 91' lang='lat' dir='ltr'>omnem</span> <span class='ocrx_word' id='word_1_184' title='bbox 441 1520 677 1587; x_wconf 88' lang='lat' dir='ltr'>humanitatem</span> <span class='ocrx_word' id='word_1_185' title='bbox 700 1522 792 1586; x_wconf 86' lang='lat' dir='ltr'>foret.</span> <span class='ocrx_word' id='word_1_186' title='bbox 832 1521 873 1585; x_wconf 94' lang='lat' dir='ltr'><strong>In</strong></span> <span class='ocrx_word' id='word_1_187' title='bbox 896 1520 1038 1586; x_wconf 91' lang='lat' dir='ltr'>secundo</span> <span class='ocrx_word' id='word_1_188' title='bbox 1060 1542 1161 1586; x_wconf 91' lang='lat' dir='ltr'>mem·</span> <span class='ocrx_word' id='word_1_189' title='bbox 1215 1532 1324 1600; x_wconf 90' lang='grc'><strong>161611,</strong></span> <span class='ocrx_word' id='word_1_190' title='bbox 1359 1522 1444 1587; x_wconf 89' lang='grc'><strong>1616</strong></span> <span class='ocrx_word' id='word_1_191' title='bbox 1477 1522 1577 1586; x_wconf 89' lang='grc'><strong>611611</strong></span> <span class='ocrx_word' id='word_1_192' title='bbox 1611 1532 1643 1586; x_wconf 92' lang='grc'><strong>61</strong></span> <span class='ocrx_word' id='word_1_193' title='bbox 1671 1521 1842 1606; x_wconf 89' lang='lat' dir='ltr'>privilegia</span> <span class='ocrx_word' id='word_1_194' title='bbox 1870 1521 1912 1587; x_wconf 83' lang='lat' dir='ltr'><strong>ab</strong></span> <span class='ocrx_word' id='word_1_195' title='bbox 1939 1522 2010 1606; x_wconf 91' lang='lat' dir='ltr'>ipso</span> <span class='ocrx_word' id='word_1_196' title='bbox 2033 1524 2186 1589; x_wconf 85' lang='lat' dir='ltr'>obtinuit.</span> 
     </span>
     <span class='ocr_line' id='line_1_15' title="bbox 189 1606 2188 1690; baseline 0.002 -18"><span class='ocrx_word' id='word_1_197' title='bbox 189 1608 249 1672; x_wconf 94' lang='lat' dir='ltr'><strong>bro</strong></span> <span class='ocrx_word' id='word_1_198' title='bbox 278 1607 428 1689; x_wconf 89' lang='lat' dir='ltr'>repetitio</span> <span class='ocrx_word' id='word_1_199' title='bbox 462 1619 511 1671; x_wconf 91' lang='grc'><strong>661</strong></span> <span class='ocrx_word' id='word_1_200' title='bbox 532 1628 596 1690; x_wconf 89' lang='grc'><strong>616</strong></span> <span class='ocrx_word' id='word_1_201' title='bbox 617 1628 749 1674; x_wconf 89' lang='grc'><strong>6666611</strong></span> <span class='ocrx_word' id='word_1_202' title='bbox 769 1606 858 1671; x_wconf 88' lang='lat' dir='ltr'>illam</span> <span class='ocrx_word' id='word_1_203' title='bbox 883 1607 987 1690; x_wconf 89' lang='lat' dir='ltr'>magis</span> <span class='ocrx_word' id='word_1_204' title='bbox 1008 1607 1160 1673; x_wconf 82' lang='lat' dir='ltr'>inculcet.</span> <span class='ocrx_word' id='word_1_205' title='bbox 1213 1607 1286 1674; x_wconf 91' lang='lat' dir='ltr'><strong>Hoc</strong></span> <span class='ocrx_word' id='word_1_206' title='bbox 1308 1607 1496 1689; x_wconf 89' lang='lat' dir='ltr'>exemplum</span> <span class='ocrx_word' id='word_1_207' title='bbox 1519 1606 1650 1685; x_wconf 89' lang='lat' dir='ltr'>adduxi,</span> <span class='ocrx_word' id='word_1_208' title='bbox 1682 1622 1718 1671; x_wconf 90' lang='lat' dir='ltr'><strong>ut</strong></span> <span class='ocrx_word' id='word_1_209' title='bbox 1739 1607 1905 1673; x_wconf 88' lang='lat' dir='ltr'>ostendam</span> <span class='ocrx_word' id='word_1_210' title='bbox 1929 1607 2098 1675; x_wconf 90' lang='lat' dir='ltr'>ecclesiam</span> <span class='ocrx_word' id='word_1_211' title='bbox 2125 1608 2188 1675; x_wconf 91' lang='lat' dir='ltr'><strong>Dei</strong></span> 
     </span>
     <span class='ocr_line' id='line_1_16' title="bbox 191 1692 2188 1776; baseline 0 -18"><span class='ocrx_word' id='word_1_212' title='bbox 191 1692 330 1758; x_wconf 90' lang='lat' dir='ltr'>Interim</span> <span class='ocrx_word' id='word_1_213' title='bbox 364 1693 506 1757; x_wconf 89' lang='lat' dir='ltr'>ostendit</span> <span class='ocrx_word' id='word_1_214' title='bbox 540 1715 604 1775; x_wconf 91' lang='lat' dir='ltr'><strong>qno</strong></span> <span class='ocrx_word' id='word_1_215' title='bbox 636 1693 708 1758; x_wconf 90' lang='lat' dir='ltr'>iure</span> <span class='ocrx_word' id='word_1_216' title='bbox 741 1714 853 1759; x_wconf 91' lang='lat' dir='ltr'>servos</span> <span class='ocrx_word' id='word_1_217' title='bbox 886 1714 962 1758; x_wconf 91' lang='lat' dir='ltr'>suos</span> <span class='ocrx_word' id='word_1_218' title='bbox 993 1692 1162 1758; x_wconf 80' lang='lat' dir='ltr'>Israeliten</span> <span class='ocrx_word' id='word_1_219' title='bbox 1213 1694 1306 1760; x_wconf 92' lang='lat' dir='ltr'>novis</span> <span class='ocrx_word' id='word_1_220' title='bbox 1329 1703 1363 1757; x_wconf 92' lang='lat' dir='ltr'><strong>et</strong></span> <span class='ocrx_word' id='word_1_221' title='bbox 1384 1692 1525 1758; x_wconf 90' lang='lat' dir='ltr'>insolitis</span> <span class='ocrx_word' id='word_1_222' title='bbox 1546 1692 1724 1758; x_wconf 86' lang='lat' dir='ltr'>rationibus</span> <span class='ocrx_word' id='word_1_223' title='bbox 1747 1693 1781 1757; x_wconf 94' lang='lat' dir='ltr'><strong>in</strong></span> <span class='ocrx_word' id='word_1_224' title='bbox 1803 1693 1919 1758; x_wconf 92' lang='lat' dir='ltr'>mediis</span> <span class='ocrx_word' id='word_1_225' title='bbox 1938 1694 2092 1776; x_wconf 88' lang='lat' dir='ltr'>periculis</span> <span class='ocrx_word' id='word_1_226' title='bbox 2110 1716 2188 1761; x_wconf 90' lang='lat' dir='ltr'>con·</span> 
     </span>
     <span class='ocr_line' id='line_1_17' title="bbox 192 1776 2186 1871; baseline 0.002 -29"><span class='ocrx_word' id='word_1_227' title='bbox 192 1790 338 1843; x_wconf 89' lang='lat' dir='ltr'>censeat:</span> <span class='ocrx_word' id='word_1_228' title='bbox 373 1799 489 1860; x_wconf 88' lang='lat' dir='ltr'>nempe</span> <span class='ocrx_word' id='word_1_229' title='bbox 522 1780 597 1861; x_wconf 91' lang='lat' dir='ltr'>quie</span> <span class='ocrx_word' id='word_1_230' title='bbox 630 1780 732 1871; x_wconf 74' lang='lat' dir='ltr'>gretip</span> <span class='ocrx_word' id='word_1_231' title='bbox 764 1778 885 1862; x_wconf 86' lang='lat' dir='ltr'>eligere</span> <span class='ocrx_word' id='word_1_232' title='bbox 918 1778 1074 1859; x_wconf 89' lang='lat' dir='ltr'>dignatus</span> <span class='ocrx_word' id='word_1_233' title='bbox 1103 1791 1161 1845; x_wconf 86' lang='grc'><strong>661.</strong></span> <span class='ocrx_word' id='word_1_234' title='bbox 1213 1778 1349 1845; x_wconf 89' lang='lat' dir='ltr'>servari.</span> <span class='ocrx_word' id='word_1_235' title='bbox 1372 1777 1465 1844; x_wconf 77' lang='grc'><strong>1116</strong></span> <span class='ocrx_word' id='word_1_236' title='bbox 1481 1779 1567 1842; x_wconf 91' lang='lat' dir='ltr'>enim</span> <span class='ocrx_word' id='word_1_237' title='bbox 1584 1776 1865 1843; x_wconf 90' lang='lat' dir='ltr'>turbulentissima</span> <span class='ocrx_word' id='word_1_238' title='bbox 1880 1782 2186 1861; x_wconf 80' lang='lat' dir='ltr'>temporaIuernnt:</span> 
     </span>
     <span class='ocr_line' id='line_1_18' title="bbox 191 1863 2187 1948; baseline 0.001 -19"><span class='ocrx_word' id='word_1_239' title='bbox 191 1863 307 1946; x_wconf 87' lang='lat' dir='ltr'>Neque</span> <span class='ocrx_word' id='word_1_240' title='bbox 328 1864 416 1927; x_wconf 94' lang='lat' dir='ltr'>enim</span> <span class='ocrx_word' id='word_1_241' title='bbox 439 1877 489 1928; x_wconf 92' lang='grc'><strong>661</strong></span> <span class='ocrx_word' id='word_1_242' title='bbox 511 1865 544 1928; x_wconf 90' lang='grc'><strong>16</strong></span> <span class='ocrx_word' id='word_1_243' title='bbox 567 1864 737 1929; x_wconf 92' lang='lat' dir='ltr'>hominum</span> <span class='ocrx_word' id='word_1_244' title='bbox 759 1864 891 1928; x_wconf 88' lang='lat' dir='ltr'>arbitrio</span> <span class='ocrx_word' id='word_1_245' title='bbox 913 1886 948 1929; x_wconf 89' lang='lat' dir='ltr'><strong>se</strong></span> <span class='ocrx_word' id='word_1_246' title='bbox 970 1865 1075 1930; x_wconf 86' lang='lat' dir='ltr'>facere</span> <span class='ocrx_word' id='word_1_247' title='bbox 1097 1863 1161 1929; x_wconf 92' lang='lat' dir='ltr'><strong>Dei</strong></span> <span class='ocrx_word' id='word_1_248' title='bbox 1214 1864 1324 1929; x_wconf 90' lang='lat' dir='ltr'>nullus</span> <span class='ocrx_word' id='word_1_249' title='bbox 1364 1863 1598 1946; x_wconf 89' lang='lat' dir='ltr'>propemodum</span> <span class='ocrx_word' id='word_1_250' title='bbox 1632 1873 1740 1929; x_wconf 88' lang='lat' dir='ltr'>terrae</span> <span class='ocrx_word' id='word_1_251' title='bbox 1773 1863 1914 1948; x_wconf 88' lang='lat' dir='ltr'>angulus</span> <span class='ocrx_word' id='word_1_252' title='bbox 1946 1866 2081 1947; x_wconf 88' lang='lat' dir='ltr'>quietus</span> <span class='ocrx_word' id='word_1_253' title='bbox 2116 1866 2187 1931; x_wconf 88' lang='lat' dir='ltr'>fuit.</span> 
     </span>
     <span class='ocr_line' id='line_1_19' title="bbox 191 1940 2186 2035; baseline -0.001 -19"><span class='ocrx_word' id='word_1_254' title='bbox 191 1971 313 2025; x_wconf 88' lang='lat' dir='ltr'>servos,</span> <span class='ocrx_word' id='word_1_255' title='bbox 333 1949 386 2014; x_wconf 89' lang='lat' dir='ltr'><strong>vel</strong></span> <span class='ocrx_word' id='word_1_256' title='bbox 403 1951 535 2032; x_wconf 90' lang='lat' dir='ltr'>proprio</span> <span class='ocrx_word' id='word_1_257' title='bbox 550 1958 653 2014; x_wconf 90' lang='lat' dir='ltr'>marte</span> <span class='ocrx_word' id='word_1_258' title='bbox 668 1959 797 2014; x_wconf 89' lang='lat' dir='ltr'>tantum</span> <span class='ocrx_word' id='word_1_259' title='bbox 813 1949 970 2014; x_wconf 89' lang='lat' dir='ltr'>honorem</span> <span class='ocrx_word' id='word_1_260' title='bbox 985 1950 1161 2033; x_wconf 73' lang='lat' dir='ltr'>acquirere.</span> <span class='ocrx_word' id='word_1_261' title='bbox 1213 1949 1336 2015; x_wconf 87' lang='lat' dir='ltr'>Iudaea</span> <span class='ocrx_word' id='word_1_262' title='bbox 1362 1958 1472 2014; x_wconf 89' lang='lat' dir='ltr'>autem</span> <span class='ocrx_word' id='word_1_263' title='bbox 1495 1950 1580 2013; x_wconf 89' lang='lat' dir='ltr'>inter</span> <span class='ocrx_word' id='word_1_264' title='bbox 1602 1947 1683 2014; x_wconf 88' lang='lat' dir='ltr'>elias</span> <span class='ocrx_word' id='word_1_265' title='bbox 1705 1961 1808 2015; x_wconf 88' lang='lat' dir='ltr'>terras</span> <span class='ocrx_word' id='word_1_266' title='bbox 1831 1940 2006 2032; x_wconf 73' lang='lat' dir='ltr'>direp&#39;tioni</span> <span class='ocrx_word' id='word_1_267' title='bbox 2028 1952 2186 2035; x_wconf 88' lang='lat' dir='ltr'>quodam·</span> 
     </span>
     <span class='ocr_line' id='line_1_20' title="bbox 191 2033 2188 2120; baseline 0.001 -20"><span class='ocrx_word' id='word_1_268' title='bbox 191 2035 369 2120; x_wconf 85' lang='lat' dir='ltr'>Exegetice</span> <span class='ocrx_word' id='word_1_269' title='bbox 386 2056 463 2117; x_wconf 88' lang='lat' dir='ltr'>ergo</span> <span class='ocrx_word' id='word_1_270' title='bbox 481 2034 625 2100; x_wconf 89' lang='lat' dir='ltr'>additum</span> <span class='ocrx_word' id='word_1_271' title='bbox 644 2041 695 2100; x_wconf 89' lang='lat' dir='ltr'><strong>est</strong></span> <span class='ocrx_word' id='word_1_272' title='bbox 712 2034 772 2101; x_wconf 91' lang='lat' dir='ltr'><strong>hoo</strong></span> <span class='ocrx_word' id='word_1_273' title='bbox 789 2034 982 2112; x_wconf 89' lang='lat' dir='ltr'>membrum,</span> <span class='ocrx_word' id='word_1_274' title='bbox 1002 2046 1037 2100; x_wconf 88' lang='lat' dir='ltr'><strong>ut</strong></span> <span class='ocrx_word' id='word_1_275' title='bbox 1055 2047 1161 2100; x_wconf 88' lang='lat' dir='ltr'>antee.</span> <span class='ocrx_word' id='word_1_276' title='bbox 1213 2034 1309 2101; x_wconf 93' lang='lat' dir='ltr'>modo</span> <span class='ocrx_word' id='word_1_277' title='bbox 1348 2033 1485 2101; x_wconf 85' lang='lat' dir='ltr'>addicta.</span> <span class='ocrx_word' id='word_1_278' title='bbox 1540 2034 1592 2097; x_wconf 79' lang='lat' dir='ltr'><strong>En</strong></span> <span class='ocrx_word' id='word_1_279' title='bbox 1634 2033 1767 2100; x_wconf 87' lang='lat' dir='ltr'>ecclesia</span> <span class='ocrx_word' id='word_1_280' title='bbox 1804 2035 1944 2101; x_wconf 88' lang='lat' dir='ltr'>mirabili</span> <span class='ocrx_word' id='word_1_281' title='bbox 1978 2037 2122 2118; x_wconf 89' lang='lat' dir='ltr'>quadam</span> <span class='ocrx_word' id='word_1_282' title='bbox 2156 2047 2188 2101; x_wconf 91' lang='lat' dir='ltr'><strong>et</strong></span> 
     </span>
     <span class='ocr_line' id='line_1_21' title="bbox 191 2118 2187 2207; baseline -0.001 -20"><span class='ocrx_word' id='word_1_283' title='bbox 191 2118 258 2187; x_wconf 82' lang='lat' dir='ltr'><strong>Sed</strong></span> <span class='ocrx_word' id='word_1_284' title='bbox 289 2121 420 2186; x_wconf 90' lang='lat' dir='ltr'>interim</span> <span class='ocrx_word' id='word_1_285' title='bbox 450 2131 584 2185; x_wconf 90' lang='lat' dir='ltr'>notatur</span> <span class='ocrx_word' id='word_1_286' title='bbox 610 2141 736 2204; x_wconf 90' lang='lat' dir='ltr'>quoque</span> <span class='ocrx_word' id='word_1_287' title='bbox 759 2120 925 2185; x_wconf 88' lang='lat' dir='ltr'>electionis</span> <span class='ocrx_word' id='word_1_288' title='bbox 947 2122 1032 2185; x_wconf 92' lang='grc'><strong>1116.</strong></span> <span class='ocrx_word' id='word_1_289' title='bbox 1076 2121 1161 2185; x_wconf 88' lang='lat' dir='ltr'><strong>Nam</strong></span> <span class='ocrx_word' id='word_1_290' title='bbox 1214 2141 1300 2187; x_wconf 90' lang='lat' dir='ltr'>nova</span> <span class='ocrx_word' id='word_1_291' title='bbox 1331 2121 1458 2185; x_wconf 88' lang='lat' dir='ltr'>ratione</span> <span class='ocrx_word' id='word_1_292' title='bbox 1492 2120 1645 2201; x_wconf 89' lang='lat' dir='ltr'>eripitur,</span> <span class='ocrx_word' id='word_1_293' title='bbox 1680 2119 1758 2184; x_wconf 93' lang='lat' dir='ltr'><strong>dum</strong></span> <span class='ocrx_word' id='word_1_294' title='bbox 1791 2120 1846 2185; x_wconf 87' lang='lat' dir='ltr'>alii</span> <span class='ocrx_word' id='word_1_295' title='bbox 1878 2120 2029 2187; x_wconf 87' lang='lat' dir='ltr'>delentur</span> <span class='ocrx_word' id='word_1_296' title='bbox 2062 2123 2187 2207; x_wconf 86' lang='lat' dir='ltr'>populi,</span> 
     </span>
     <span class='ocr_line' id='line_1_22' title="bbox 190 2204 2187 2290; baseline 0.001 -18"><span class='ocrx_word' id='word_1_297' title='bbox 190 2228 292 2290; x_wconf 91' lang='lat' dir='ltr'>quum</span> <span class='ocrx_word' id='word_1_298' title='bbox 331 2207 434 2271; x_wconf 91' lang='lat' dir='ltr'>simus</span> <span class='ocrx_word' id='word_1_299' title='bbox 471 2205 664 2271; x_wconf 88' lang='lat' dir='ltr'>naturaliter</span> <span class='ocrx_word' id='word_1_300' title='bbox 696 2207 860 2288; x_wconf 87' lang='lat' dir='ltr'>mancipia</span> <span class='ocrx_word' id='word_1_301' title='bbox 892 2204 1050 2283; x_wconf 83' lang='lat' dir='ltr'>Satanae,</span> <span class='ocrx_word' id='word_1_302' title='bbox 1091 2205 1162 2271; x_wconf 92' lang='lat' dir='ltr'>ideo</span> <span class='ocrx_word' id='word_1_303' title='bbox 1213 2215 1311 2289; x_wconf 90' lang='lat' dir='ltr'>atque</span> <span class='ocrx_word' id='word_1_304' title='bbox 1333 2207 1488 2270; x_wconf 91' lang='lat' dir='ltr'>universe</span> <span class='ocrx_word' id='word_1_305' title='bbox 1509 2205 1740 2289; x_wconf 88' lang='lat' dir='ltr'>propemodum</span> <span class='ocrx_word' id='word_1_306' title='bbox 1763 2206 1850 2272; x_wconf 91' lang='lat' dir='ltr'>orbis</span> <span class='ocrx_word' id='word_1_307' title='bbox 1864 2206 1961 2273; x_wconf 83' lang='grc'><strong>166166</strong></span> <span class='ocrx_word' id='word_1_308' title='bbox 1978 2207 2187 2274; x_wconf 88' lang='lat' dir='ltr'>immutetur.</span> 
     </span>
     <span class='ocr_line' id='line_1_23' title="bbox 190 2290 2187 2374; baseline -0.001 -14"><span class='ocrx_word' id='word_1_309' title='bbox 190 2314 346 2360; x_wconf 89' lang='lat' dir='ltr'>vocamur</span> <span class='ocrx_word' id='word_1_310' title='bbox 375 2303 411 2357; x_wconf 92' lang='grc'><strong>11</strong></span> <span class='ocrx_word' id='word_1_311' title='bbox 438 2293 473 2356; x_wconf 90' lang='grc'><strong>16</strong></span> <span class='ocrx_word' id='word_1_312' title='bbox 495 2291 678 2357; x_wconf 90' lang='lat' dir='ltr'>libertatem</span> <span class='ocrx_word' id='word_1_313' title='bbox 703 2292 855 2356; x_wconf 88' lang='lat' dir='ltr'>vindicati</span> <span class='ocrx_word' id='word_1_314' title='bbox 877 2290 949 2356; x_wconf 92' lang='lat' dir='ltr'><strong>Deo</strong></span> <span class='ocrx_word' id='word_1_315' title='bbox 971 2292 1161 2358; x_wconf 88' lang='grc'><strong>6611161166.</strong></span> <span class='ocrx_word' id='word_1_316' title='bbox 1214 2290 1310 2373; x_wconf 80' lang='lat' dir='ltr'>Quod</span> <span class='ocrx_word' id='word_1_317' title='bbox 1332 2290 1462 2356; x_wconf 90' lang='lat' dir='ltr'>additur</span> <span class='ocrx_word' id='word_1_318' title='bbox 1483 2290 1518 2354; x_wconf 94' lang='lat' dir='ltr'><strong>in</strong></span> <span class='ocrx_word' id='word_1_319' title='bbox 1539 2292 1605 2355; x_wconf 91' lang='lat' dir='ltr'><strong>fine</strong></span> <span class='ocrx_word' id='word_1_320' title='bbox 1628 2311 1749 2368; x_wconf 91' lang='lat' dir='ltr'>versus,</span> <span class='ocrx_word' id='word_1_321' title='bbox 1771 2312 1866 2374; x_wconf 84' lang='grc'><strong>66666</strong></span> <span class='ocrx_word' id='word_1_322' title='bbox 1882 2297 1986 2358; x_wconf 84' lang='grc'><strong>166166</strong></span> <span class='ocrx_word' id='word_1_323' title='bbox 1999 2295 2116 2360; x_wconf 76' lang='lat' dir='ltr'>novisti</span> <span class='ocrx_word' id='word_1_324' title='bbox 2130 2314 2187 2371; x_wconf 81' lang='grc'><strong>1116,</strong></span> 
     </span>
     <span class='ocr_line' id='line_1_24' title="bbox 190 2376 2188 2460; baseline -0.001 -16"><span class='ocrx_word' id='word_1_325' title='bbox 190 2379 241 2444; x_wconf 85' lang='lat' dir='ltr'><strong>Eo</strong></span> <span class='ocrx_word' id='word_1_326' title='bbox 270 2388 380 2442; x_wconf 83' lang='lat' dir='ltr'>tamen</span> <span class='ocrx_word' id='word_1_327' title='bbox 409 2377 546 2455; x_wconf 89' lang='lat' dir='ltr'>honore,</span> <span class='ocrx_word' id='word_1_328' title='bbox 579 2376 850 2459; x_wconf 89' lang='lat' dir='ltr'>quemadmodum</span> <span class='ocrx_word' id='word_1_329' title='bbox 880 2377 965 2460; x_wconf 87' lang='lat' dir='ltr'>dixi,</span> <span class='ocrx_word' id='word_1_330' title='bbox 998 2378 1161 2441; x_wconf 92' lang='lat' dir='ltr'>neminem</span> <span class='ocrx_word' id='word_1_331' title='bbox 1213 2377 1253 2441; x_wconf 89' lang='lat' dir='ltr'><strong>ed</strong></span> <span class='ocrx_word' id='word_1_332' title='bbox 1286 2377 1440 2442; x_wconf 88' lang='lat' dir='ltr'>maiorem</span> <span class='ocrx_word' id='word_1_333' title='bbox 1475 2376 1756 2458; x_wconf 87' lang='lat' dir='ltr'>amplificationem</span> <span class='ocrx_word' id='word_1_334' title='bbox 1786 2377 1889 2443; x_wconf 88' lang='lat' dir='ltr'>valet:</span> <span class='ocrx_word' id='word_1_335' title='bbox 1923 2399 1989 2443; x_wconf 93' lang='lat' dir='ltr'><strong>non</strong></span> <span class='ocrx_word' id='word_1_336' title='bbox 2019 2378 2118 2445; x_wconf 93' lang='lat' dir='ltr'>modo</span> <span class='ocrx_word' id='word_1_337' title='bbox 2150 2391 2188 2444; x_wconf 91' lang='lat' dir='ltr'><strong>ut</strong></span> 
     </span>
     <span class='ocr_line' id='line_1_25' title="bbox 191 2461 2188 2548; baseline 0.002 -21"><span class='ocrx_word' id='word_1_338' title='bbox 191 2464 326 2548; x_wconf 89' lang='lat' dir='ltr'>dignum</span> <span class='ocrx_word' id='word_1_339' title='bbox 366 2484 437 2529; x_wconf 88' lang='lat' dir='ltr'>esee</span> <span class='ocrx_word' id='word_1_340' title='bbox 476 2462 617 2528; x_wconf 88' lang='lat' dir='ltr'>ostendit</span> <span class='ocrx_word' id='word_1_341' title='bbox 658 2463 721 2527; x_wconf 91' lang='grc'><strong>1161</strong></span> <span class='ocrx_word' id='word_1_342' title='bbox 756 2462 811 2545; x_wconf 91' lang='grc'><strong>611</strong></span> <span class='ocrx_word' id='word_1_343' title='bbox 844 2463 884 2526; x_wconf 94' lang='grc'><strong>61</strong></span> <span class='ocrx_word' id='word_1_344' title='bbox 917 2464 987 2545; x_wconf 88' lang='grc'><strong>1666</strong></span> <span class='ocrx_word' id='word_1_345' title='bbox 1018 2462 1160 2546; x_wconf 90' lang='lat' dir='ltr'>eligitur.</span> <span class='ocrx_word' id='word_1_346' title='bbox 1213 2462 1376 2546; x_wconf 83' lang='lat' dir='ltr'>intelliget</span> <span class='ocrx_word' id='word_1_347' title='bbox 1413 2463 1521 2546; x_wconf 78' lang='lat' dir='ltr'>Cyrus</span> <span class='ocrx_word' id='word_1_348' title='bbox 1558 2461 1658 2527; x_wconf 92' lang='lat' dir='ltr'>nullis</span> <span class='ocrx_word' id='word_1_349' title='bbox 1691 2462 1753 2526; x_wconf 89' lang='lat' dir='ltr'><strong>hoo</strong></span> <span class='ocrx_word' id='word_1_350' title='bbox 1785 2463 1852 2528; x_wconf 90' lang='lat' dir='ltr'>sais</span> <span class='ocrx_word' id='word_1_351' title='bbox 1884 2464 2010 2529; x_wconf 87' lang='lat' dir='ltr'>merit-ia</span> <span class='ocrx_word' id='word_1_352' title='bbox 2043 2465 2188 2545; x_wconf 92' lang='lat' dir='ltr'>oonoedi,</span> 
     </span>
     <span class='ocr_line' id='line_1_26' title="bbox 191 2546 2188 2633; baseline 0.002 -20"><span class='ocrx_word' id='word_1_353' title='bbox 191 2549 275 2630; x_wconf 79' lang='lat' dir='ltr'>Quis</span> <span class='ocrx_word' id='word_1_354' title='bbox 305 2548 392 2617; x_wconf 89' lang='lat' dir='ltr'>enim</span> <span class='ocrx_word' id='word_1_355' title='bbox 423 2549 560 2632; x_wconf 91' lang='lat' dir='ltr'>dignum</span> <span class='ocrx_word' id='word_1_356' title='bbox 589 2570 624 2613; x_wconf 90' lang='grc'><strong>66</strong></span> <span class='ocrx_word' id='word_1_357' title='bbox 650 2546 781 2613; x_wconf 87' lang='grc'><strong>16616111</strong></span> <span class='ocrx_word' id='word_1_358' title='bbox 803 2558 894 2612; x_wconf 88' lang='grc'><strong>16116</strong></span> <span class='ocrx_word' id='word_1_359' title='bbox 917 2547 1075 2613; x_wconf 83' lang='lat' dir='ltr'>munere?</span> <span class='ocrx_word' id='word_1_360' title='bbox 1105 2560 1162 2613; x_wconf 91' lang='lat' dir='ltr'><strong>aut</strong></span> <span class='ocrx_word' id='word_1_361' title='bbox 1213 2550 1269 2614; x_wconf 91' lang='grc'><strong>661</strong></span> <span class='ocrx_word' id='word_1_362' title='bbox 1300 2569 1342 2614; x_wconf 90' lang='grc'><strong>16</strong></span> <span class='ocrx_word' id='word_1_363' title='bbox 1364 2546 1473 2612; x_wconf 91' lang='lat' dir='ltr'>Deum</span> <span class='ocrx_word' id='word_1_364' title='bbox 1495 2547 1597 2612; x_wconf 81' lang='lat' dir='ltr'>Israel</span> <span class='ocrx_word' id='word_1_365' title='bbox 1627 2548 1775 2630; x_wconf 89' lang='lat' dir='ltr'>quemvis</span> <span class='ocrx_word' id='word_1_366' title='bbox 1802 2548 1863 2614; x_wconf 89' lang='lat' dir='ltr'>eibi</span> <span class='ocrx_word' id='word_1_367' title='bbox 1885 2549 2089 2633; x_wconf 88' lang='lat' dir='ltr'>incognitum</span> <span class='ocrx_word' id='word_1_368' title='bbox 2112 2574 2188 2617; x_wconf 90' lang='lat' dir='ltr'>oon·</span> 
     </span>
     <span class='ocr_line' id='line_1_27' title="bbox 190 2632 2188 2718; baseline 0.001 -18"><span class='ocrx_word' id='word_1_369' title='bbox 190 2636 268 2718; x_wconf 92' lang='lat' dir='ltr'>quid</span> <span class='ocrx_word' id='word_1_370' title='bbox 290 2656 310 2699; x_wconf 90' lang='grc'><strong>6</strong></span> <span class='ocrx_word' id='word_1_371' title='bbox 332 2635 425 2699; x_wconf 92' lang='grc'><strong>16116</strong></span> <span class='ocrx_word' id='word_1_372' title='bbox 444 2636 515 2699; x_wconf 88' lang='lat' dir='ltr'><strong>Deo</strong></span> <span class='ocrx_word' id='word_1_373' title='bbox 537 2635 694 2717; x_wconf 88' lang='lat' dir='ltr'>praestari</span> <span class='ocrx_word' id='word_1_374' title='bbox 717 2634 770 2699; x_wconf 89' lang='lat' dir='ltr'><strong>vel</strong></span> <span class='ocrx_word' id='word_1_375' title='bbox 793 2634 902 2698; x_wconf 85' lang='lat' dir='ltr'>offerri</span> <span class='ocrx_word' id='word_1_376' title='bbox 925 2633 1054 2716; x_wconf 83' lang='lat' dir='ltr'>potest?</span> <span class='ocrx_word' id='word_1_377' title='bbox 1085 2634 1160 2715; x_wconf 83' lang='lat' dir='ltr'><strong>Non</strong></span> <span class='ocrx_word' id='word_1_378' title='bbox 1214 2644 1348 2699; x_wconf 87' lang='lat' dir='ltr'>temnat.</span> <span class='ocrx_word' id='word_1_379' title='bbox 1391 2634 1460 2699; x_wconf 88' lang='lat' dir='ltr'>Nos</span> <span class='ocrx_word' id='word_1_380' title='bbox 1488 2632 1616 2716; x_wconf 90' lang='lat' dir='ltr'>quidem</span> <span class='ocrx_word' id='word_1_381' title='bbox 1646 2655 1742 2715; x_wconf 89' lang='lat' dir='ltr'>saepe</span> <span class='ocrx_word' id='word_1_382' title='bbox 1770 2633 1832 2700; x_wconf 89' lang='lat' dir='ltr'><strong>heo</strong></span> <span class='ocrx_word' id='word_1_383' title='bbox 1861 2635 1901 2698; x_wconf 94' lang='lat' dir='ltr'><strong>de</strong></span> <span class='ocrx_word' id='word_1_384' title='bbox 1928 2655 1964 2699; x_wconf 92' lang='grc'><strong>16</strong></span> <span class='ocrx_word' id='word_1_385' title='bbox 1986 2648 2098 2701; x_wconf 91' lang='lat' dir='ltr'>monet</span> <span class='ocrx_word' id='word_1_386' title='bbox 2120 2636 2188 2701; x_wconf 93' lang='lat' dir='ltr'><strong>Do·</strong></span> 
     </span>
     <span class='ocr_line' id='line_1_28' title="bbox 189 2719 2188 2803; baseline 0.001 -17"><span class='ocrx_word' id='word_1_387' title='bbox 189 2742 303 2787; x_wconf 89' lang='lat' dir='ltr'>sumus</span> <span class='ocrx_word' id='word_1_388' title='bbox 343 2742 421 2803; x_wconf 90' lang='lat' dir='ltr'>ergo</span> <span class='ocrx_word' id='word_1_389' title='bbox 453 2719 563 2784; x_wconf 90' lang='lat' dir='ltr'>idonei</span> <span class='ocrx_word' id='word_1_390' title='bbox 595 2742 635 2785; x_wconf 90' lang='lat' dir='ltr'><strong>ex</strong></span> <span class='ocrx_word' id='word_1_391' title='bbox 669 2720 777 2784; x_wconf 91' lang='lat' dir='ltr'>nobis:</span> <span class='ocrx_word' id='word_1_392' title='bbox 817 2719 874 2785; x_wconf 89' lang='lat' dir='ltr'>scd</span> <span class='ocrx_word' id='word_1_393' title='bbox 908 2741 967 2784; x_wconf 91' lang='lat' dir='ltr'>uos</span> <span class='ocrx_word' id='word_1_394' title='bbox 998 2721 1161 2785; x_wconf 90' lang='lat' dir='ltr'>Dominus</span> <span class='ocrx_word' id='word_1_395' title='bbox 1214 2722 1339 2800; x_wconf 91' lang='lat' dir='ltr'>minus,</span> <span class='ocrx_word' id='word_1_396' title='bbox 1373 2740 1408 2784; x_wconf 91' lang='lat' dir='ltr'><strong>se</strong></span> <span class='ocrx_word' id='word_1_397' title='bbox 1440 2720 1631 2802; x_wconf 87' lang='lat' dir='ltr'>praevenire</span> <span class='ocrx_word' id='word_1_398' title='bbox 1664 2719 1818 2802; x_wconf 89' lang='lat' dir='ltr'>quidquid</span> <span class='ocrx_word' id='word_1_399' title='bbox 1852 2730 1902 2786; x_wconf 87' lang='lat' dir='ltr'><strong>est</strong></span> <span class='ocrx_word' id='word_1_400' title='bbox 1932 2721 1967 2784; x_wconf 92' lang='lat' dir='ltr'><strong>in</strong></span> <span class='ocrx_word' id='word_1_401' title='bbox 1998 2720 2188 2787; x_wconf 89' lang='lat' dir='ltr'>hominibus</span> 
     </span>
     <span class='ocr_line' id='line_1_29' title="bbox 189 2803 2189 2891; baseline 0 -20"><span class='ocrx_word' id='word_1_402' title='bbox 189 2807 323 2873; x_wconf 91' lang='lat' dir='ltr'>idoneos</span> <span class='ocrx_word' id='word_1_403' title='bbox 355 2806 512 2885; x_wconf 89' lang='lat' dir='ltr'>reddidit,</span> <span class='ocrx_word' id='word_1_404' title='bbox 546 2816 583 2871; x_wconf 94' lang='lat' dir='ltr'><strong>ut</strong></span> <span class='ocrx_word' id='word_1_405' title='bbox 615 2806 721 2888; x_wconf 91' lang='lat' dir='ltr'>inquit</span> <span class='ocrx_word' id='word_1_406' title='bbox 750 2805 873 2871; x_wconf 88' lang='lat' dir='ltr'>Paulus</span> <span class='ocrx_word' id='word_1_407' title='bbox 902 2803 1160 2891; x_wconf 68' lang='grc'><strong>(106615).</strong></span> <span class='ocrx_word' id='word_1_408' title='bbox 1212 2806 1401 2882; x_wconf 85' lang='lat' dir='ltr'>industriae,</span> <span class='ocrx_word' id='word_1_409' title='bbox 1432 2816 1469 2869; x_wconf 92' lang='lat' dir='ltr'><strong>ut</strong></span> <span class='ocrx_word' id='word_1_410' title='bbox 1497 2825 1626 2869; x_wconf 89' lang='lat' dir='ltr'>omnem</span> <span class='ocrx_word' id='word_1_411' title='bbox 1655 2807 1763 2870; x_wconf 89' lang='grc'><strong>661116</strong></span> <span class='ocrx_word' id='word_1_412' title='bbox 1784 2805 1989 2871; x_wconf 76' lang='lat' dir='ltr'>altitudinem</span> <span class='ocrx_word' id='word_1_413' title='bbox 2012 2807 2189 2872; x_wconf 84' lang='lat' dir='ltr'>retundat:</span> 
     </span>
     <span class='ocr_line' id='line_1_30' title="bbox 190 2891 2191 2975; baseline 0.001 -18"><span class='ocrx_word' id='word_1_414' title='bbox 190 2892 306 2974; x_wconf 89' lang='lat' dir='ltr'>Itaque</span> <span class='ocrx_word' id='word_1_415' title='bbox 340 2892 468 2955; x_wconf 90' lang='lat' dir='ltr'>initium</span> <span class='ocrx_word' id='word_1_416' title='bbox 497 2891 614 2956; x_wconf 91' lang='lat' dir='ltr'>salutis</span> <span class='ocrx_word' id='word_1_417' title='bbox 645 2898 775 2955; x_wconf 89' lang='grc'><strong>1661166</strong></span> <span class='ocrx_word' id='word_1_418' title='bbox 804 2901 854 2956; x_wconf 92' lang='grc'><strong>661</strong></span> <span class='ocrx_word' id='word_1_419' title='bbox 882 2892 1026 2974; x_wconf 89' lang='lat' dir='ltr'>gratuita</span> <span class='ocrx_word' id='word_1_420' title='bbox 1048 2892 1161 2958; x_wconf 86' lang='lat' dir='ltr'>electio</span> <span class='ocrx_word' id='word_1_421' title='bbox 1214 2892 1270 2957; x_wconf 89' lang='grc'><strong>661</strong></span> <span class='ocrx_word' id='word_1_422' title='bbox 1301 2892 1365 2956; x_wconf 87' lang='grc'><strong>6116</strong></span> <span class='ocrx_word' id='word_1_423' title='bbox 1393 2892 1427 2955; x_wconf 92' lang='grc'><strong>16</strong></span> <span class='ocrx_word' id='word_1_424' title='bbox 1450 2891 1538 2974; x_wconf 83' lang='lat' dir='ltr'>Cyro</span> <span class='ocrx_word' id='word_1_425' title='bbox 1561 2891 1645 2956; x_wconf 87' lang='lat' dir='ltr'>ratio</span> <span class='ocrx_word' id='word_1_426' title='bbox 1667 2908 1732 2955; x_wconf 91' lang='lat' dir='ltr'>est:</span> <span class='ocrx_word' id='word_1_427' title='bbox 1764 2912 1839 2955; x_wconf 88' lang='lat' dir='ltr'><strong>nem</strong></span> <span class='ocrx_word' id='word_1_428' title='bbox 1862 2893 1888 2956; x_wconf 94' lang='lat' dir='ltr'><strong>si</strong></span> <span class='ocrx_word' id='word_1_429' title='bbox 1911 2891 2060 2957; x_wconf 88' lang='lat' dir='ltr'>insuam</span> <span class='ocrx_word' id='word_1_430' title='bbox 2083 2895 2191 2975; x_wconf 89' lang='lat' dir='ltr'>ipsius</span> 
     </span>
     <span class='ocr_line' id='line_1_31' title="bbox 190 2975 2191 3060; baseline 0 -18"><span class='ocrx_word' id='word_1_431' title='bbox 190 2978 269 3042; x_wconf 90' lang='lat' dir='ltr'>Dei:</span> <span class='ocrx_word' id='word_1_432' title='bbox 303 2977 377 3040; x_wconf 89' lang='lat' dir='ltr'>finis</span> <span class='ocrx_word' id='word_1_433' title='bbox 406 2987 465 3050; x_wconf 90' lang='lat' dir='ltr'>est,</span> <span class='ocrx_word' id='word_1_434' title='bbox 495 2975 684 3057; x_wconf 88' lang='lat' dir='ltr'>obsequium</span> <span class='ocrx_word' id='word_1_435' title='bbox 716 2976 802 3058; x_wconf 93' lang='lat' dir='ltr'>quod</span> <span class='ocrx_word' id='word_1_436' title='bbox 825 2977 854 3040; x_wconf 90' lang='lat' dir='ltr'><strong>ei</strong></span> <span class='ocrx_word' id='word_1_437' title='bbox 877 2985 1043 3060; x_wconf 85' lang='lat' dir='ltr'>praestare</span> <span class='ocrx_word' id='word_1_438' title='bbox 1066 2976 1162 3041; x_wconf 91' lang='lat' dir='ltr'>debe·</span> <span class='ocrx_word' id='word_1_439' title='bbox 1214 2977 1352 3060; x_wconf 88' lang='lat' dir='ltr'>gretiam</span> <span class='ocrx_word' id='word_1_440' title='bbox 1383 2977 1462 3040; x_wconf 89' lang='lat' dir='ltr'>haec</span> <span class='ocrx_word' id='word_1_441' title='bbox 1492 2975 1553 3041; x_wconf 94' lang='lat' dir='ltr'>sibi</span> <span class='ocrx_word' id='word_1_442' title='bbox 1583 2996 1736 3042; x_wconf 90' lang='lat' dir='ltr'>concessa</span> <span class='ocrx_word' id='word_1_443' title='bbox 1762 2998 1780 3040; x_wconf 88' lang='lat' dir='ltr'><strong>a</strong></span> <span class='ocrx_word' id='word_1_444' title='bbox 1803 2978 1945 3041; x_wconf 92' lang='lat' dir='ltr'>Domino</span> <span class='ocrx_word' id='word_1_445' title='bbox 1974 2998 2046 3043; x_wconf 88' lang='grc'><strong>6666</strong></span> <span class='ocrx_word' id='word_1_446' title='bbox 2077 2978 2191 3044; x_wconf 84' lang='lat' dir='ltr'>existi·</span> 
     </span>
     <span class='ocr_line' id='line_1_32' title="bbox 188 3060 2191 3147; baseline 0.001 -20"><span class='ocrx_word' id='word_1_447' title='bbox 188 3060 274 3127; x_wconf 87' lang='lat' dir='ltr'>mus.</span> <span class='ocrx_word' id='word_1_448' title='bbox 319 3062 461 3126; x_wconf 83' lang='lat' dir='ltr'>&#39;Pemetei</span> <span class='ocrx_word' id='word_1_449' title='bbox 493 3082 569 3125; x_wconf 91' lang='lat' dir='ltr'>vero</span> <span class='ocrx_word' id='word_1_450' title='bbox 591 3061 652 3125; x_wconf 93' lang='lat' dir='ltr'><strong>hoc</strong></span> <span class='ocrx_word' id='word_1_451' title='bbox 673 3061 713 3124; x_wconf 89' lang='lat' dir='ltr'><strong>ad</strong></span> <span class='ocrx_word' id='word_1_452' title='bbox 737 3060 906 3126; x_wconf 88' lang='lat' dir='ltr'>historiam</span> <span class='ocrx_word' id='word_1_453' title='bbox 931 3061 1008 3143; x_wconf 83' lang='lat' dir='ltr'>Cyri</span> <span class='ocrx_word' id='word_1_454' title='bbox 1028 3063 1162 3126; x_wconf 90' lang='lat' dir='ltr'>restrin·</span> <span class='ocrx_word' id='word_1_455' title='bbox 1214 3072 1344 3141; x_wconf 86' lang='lat' dir='ltr'>messet,</span> <span class='ocrx_word' id='word_1_456' title='bbox 1367 3061 1565 3145; x_wconf 81' lang='lat' dir='ltr'>neglexisset</span> <span class='ocrx_word' id='word_1_457' title='bbox 1588 3061 1734 3136; x_wconf 88' lang='lat' dir='ltr'>ludaeos,</span> <span class='ocrx_word' id='word_1_458' title='bbox 1765 3063 1870 3145; x_wconf 92' lang='lat' dir='ltr'>iisque</span> <span class='ocrx_word' id='word_1_459' title='bbox 1893 3063 1994 3128; x_wconf 90' lang='lat' dir='ltr'>veluti</span> <span class='ocrx_word' id='word_1_460' title='bbox 2015 3065 2191 3147; x_wconf 88' lang='lat' dir='ltr'>mancipiis</span> 
     </span>
     <span class='ocr_line' id='line_1_33' title="bbox 191 3145 2191 3231; baseline 0.002 -21"><span class='ocrx_word' id='word_1_461' title='bbox 191 3147 292 3231; x_wconf 90' lang='lat' dir='ltr'>gitur,</span> <span class='ocrx_word' id='word_1_462' title='bbox 322 3157 432 3211; x_wconf 87' lang='lat' dir='ltr'>tamen</span> <span class='ocrx_word' id='word_1_463' title='bbox 462 3145 645 3228; x_wconf 86' lang='lat' dir='ltr'>generalem</span> <span class='ocrx_word' id='word_1_464' title='bbox 675 3167 715 3209; x_wconf 92' lang='lat' dir='ltr'><strong>ex</strong></span> <span class='ocrx_word' id='word_1_465' title='bbox 744 3167 781 3210; x_wconf 91' lang='grc'><strong>66</strong></span> <span class='ocrx_word' id='word_1_466' title='bbox 809 3145 990 3210; x_wconf 87' lang='lat' dir='ltr'>doctrinam</span> <span class='ocrx_word' id='word_1_467' title='bbox 1012 3145 1164 3230; x_wconf 87' lang='lat' dir='ltr'>colligere</span> <span class='ocrx_word' id='word_1_468' title='bbox 1215 3147 1335 3211; x_wconf 89' lang='grc'><strong>616616</strong></span> <span class='ocrx_word' id='word_1_469' title='bbox 1357 3155 1450 3210; x_wconf 86' lang='lat' dir='ltr'>esset</span> <span class='ocrx_word' id='word_1_470' title='bbox 1484 3147 1663 3228; x_wconf 88' lang='lat' dir='ltr'>Propterea</span> <span class='ocrx_word' id='word_1_471' title='bbox 1685 3156 1821 3213; x_wconf 84' lang='lat' dir='ltr'>testetur</span> <span class='ocrx_word' id='word_1_472' title='bbox 1841 3148 1931 3214; x_wconf 89' lang='lat' dir='ltr'>nullo</span> <span class='ocrx_word' id='word_1_473' title='bbox 1948 3149 2052 3231; x_wconf 87' lang='lat' dir='ltr'>ipsius</span> <span class='ocrx_word' id='word_1_474' title='bbox 2070 3151 2191 3215; x_wconf 89' lang='lat' dir='ltr'>merito</span> 
     </span>
     <span class='ocr_line' id='line_1_34' title="bbox 191 3230 2190 3318; baseline 0.002 -21"><span class='ocrx_word' id='word_1_475' title='bbox 191 3253 373 3315; x_wconf 88' lang='lat' dir='ltr'>possumus.</span> <span class='ocrx_word' id='word_1_476' title='bbox 426 3230 536 3310; x_wconf 78' lang='lat' dir='ltr'>Quum</span> <span class='ocrx_word' id='word_1_477' title='bbox 566 3233 675 3296; x_wconf 89' lang='grc'><strong>161166</strong></span> <span class='ocrx_word' id='word_1_478' title='bbox 705 3230 857 3297; x_wconf 88' lang='grc'><strong>66611611</strong></span> <span class='ocrx_word' id='word_1_479' title='bbox 889 3232 921 3295; x_wconf 91' lang='grc'><strong>11</strong></span> <span class='ocrx_word' id='word_1_480' title='bbox 949 3231 1027 3295; x_wconf 87' lang='grc'><strong>6116</strong></span> <span class='ocrx_word' id='word_1_481' title='bbox 1056 3242 1163 3296; x_wconf 90' lang='lat' dir='ltr'>muta·</span> <span class='ocrx_word' id='word_1_482' title='bbox 1216 3231 1249 3295; x_wconf 96' lang='lat' dir='ltr'><strong>id</strong></span> <span class='ocrx_word' id='word_1_483' title='bbox 1278 3231 1440 3297; x_wconf 89' lang='lat' dir='ltr'>accidere:</span> <span class='ocrx_word' id='word_1_484' title='bbox 1470 3231 1527 3297; x_wconf 91' lang='lat' dir='ltr'><strong>sed</strong></span> <span class='ocrx_word' id='word_1_485' title='bbox 1557 3243 1684 3297; x_wconf 90' lang='lat' dir='ltr'>tentum</span> <span class='ocrx_word' id='word_1_486' title='bbox 1713 3233 1749 3297; x_wconf 90' lang='lat' dir='ltr'><strong>in</strong></span> <span class='ocrx_word' id='word_1_487' title='bbox 1778 3235 1915 3316; x_wconf 89' lang='lat' dir='ltr'>gratiam</span> <span class='ocrx_word' id='word_1_488' title='bbox 1938 3234 2060 3316; x_wconf 91' lang='lat' dir='ltr'>populi,</span> <span class='ocrx_word' id='word_1_489' title='bbox 2091 3255 2190 3318; x_wconf 91' lang='grc'><strong>61661</strong></span> 
     </span>
     <span class='ocr_line' id='line_1_35' title="bbox 192 3315 2192 3398; baseline 0.002 -16"><span class='ocrx_word' id='word_1_490' title='bbox 192 3319 307 3392; x_wconf 89' lang='lat' dir='ltr'>tiones,</span> <span class='ocrx_word' id='word_1_491' title='bbox 336 3315 428 3380; x_wconf 92' lang='lat' dir='ltr'>Deus</span> <span class='ocrx_word' id='word_1_492' title='bbox 458 3317 592 3382; x_wconf 90' lang='lat' dir='ltr'>interim</span> <span class='ocrx_word' id='word_1_493' title='bbox 622 3316 760 3380; x_wconf 89' lang='lat' dir='ltr'>salutem</span> <span class='ocrx_word' id='word_1_494' title='bbox 783 3337 914 3381; x_wconf 88' lang='lat' dir='ltr'>suorum</span> <span class='ocrx_word' id='word_1_495' title='bbox 938 3326 1100 3398; x_wconf 91' lang='lat' dir='ltr'>procurat,</span> <span class='ocrx_word' id='word_1_496' title='bbox 1131 3328 1164 3380; x_wconf 92' lang='lat' dir='ltr'><strong>et</strong></span> <span class='ocrx_word' id='word_1_497' title='bbox 1216 3318 1330 3382; x_wconf 89' lang='lat' dir='ltr'>statuit</span> <span class='ocrx_word' id='word_1_498' title='bbox 1358 3339 1376 3381; x_wconf 92' lang='lat' dir='ltr'><strong>e</strong></span> <span class='ocrx_word' id='word_1_499' title='bbox 1404 3317 1553 3383; x_wconf 88' lang='lat' dir='ltr'>manibus</span> <span class='ocrx_word' id='word_1_500' title='bbox 1583 3317 1727 3383; x_wconf 90' lang='lat' dir='ltr'>hostium</span> <span class='ocrx_word' id='word_1_501' title='bbox 1758 3318 1905 3386; x_wconf 89' lang='lat' dir='ltr'>liberare.</span> <span class='ocrx_word' id='word_1_502' title='bbox 1949 3317 2082 3385; x_wconf 93' lang='lat' dir='ltr'>Deinde</span> <span class='ocrx_word' id='word_1_503' title='bbox 2104 3320 2192 3385; x_wconf 88' lang='lat' dir='ltr'>nihil</span> 
     </span>
     <span class='ocr_line' id='line_1_36' title="bbox 191 3401 2194 3487; baseline 0 -16"><span class='ocrx_word' id='word_1_504' title='bbox 191 3403 390 3473; x_wconf 90' lang='lat' dir='ltr'>turbulentis</span> <span class='ocrx_word' id='word_1_505' title='bbox 431 3401 629 3484; x_wconf 90' lang='lat' dir='ltr'>temporibus</span> <span class='ocrx_word' id='word_1_506' title='bbox 661 3401 854 3466; x_wconf 89' lang='lat' dir='ltr'>mirabiliter</span> <span class='ocrx_word' id='word_1_507' title='bbox 887 3401 1054 3467; x_wconf 88' lang='lat' dir='ltr'>ecclesiam</span> <span class='ocrx_word' id='word_1_508' title='bbox 1087 3422 1163 3467; x_wconf 93' lang='lat' dir='ltr'>oon·</span> <span class='ocrx_word' id='word_1_509' title='bbox 1215 3402 1392 3485; x_wconf 87' lang='lat' dir='ltr'>proclivius</span> <span class='ocrx_word' id='word_1_510' title='bbox 1421 3402 1481 3467; x_wconf 91' lang='grc'><strong>1611</strong></span> <span class='ocrx_word' id='word_1_511' title='bbox 1508 3402 1633 3467; x_wconf 92' lang='lat' dir='ltr'>homini</span> <span class='ocrx_word' id='word_1_512' title='bbox 1662 3425 1765 3481; x_wconf 89' lang='lat' dir='ltr'>caeco,</span> <span class='ocrx_word' id='word_1_513' title='bbox 1794 3425 1890 3487; x_wconf 91' lang='lat' dir='ltr'>quam</span> <span class='ocrx_word' id='word_1_514' title='bbox 1918 3425 2035 3487; x_wconf 88' lang='lat' dir='ltr'>rapere</span> <span class='ocrx_word' id='word_1_515' title='bbox 2065 3404 2194 3472; x_wconf 86' lang='grc'><strong>61666</strong></span> 
     </span>
     <span class='ocr_line' id='line_1_37' title="bbox 191 3485 2193 3574; baseline 0 -19"><span class='ocrx_word' id='word_1_516' title='bbox 191 3500 310 3556; x_wconf 88' lang='lat' dir='ltr'>servet.</span> <span class='ocrx_word' id='word_1_517' title='bbox 360 3488 429 3553; x_wconf 90' lang='lat' dir='ltr'>Nos</span> <span class='ocrx_word' id='word_1_518' title='bbox 459 3487 589 3570; x_wconf 89' lang='lat' dir='ltr'>quidem</span> <span class='ocrx_word' id='word_1_519' title='bbox 619 3489 653 3551; x_wconf 91' lang='lat' dir='ltr'><strong>in</strong></span> <span class='ocrx_word' id='word_1_520' title='bbox 683 3487 836 3569; x_wconf 91' lang='lat' dir='ltr'>operibus</span> <span class='ocrx_word' id='word_1_521' title='bbox 863 3485 928 3552; x_wconf 90' lang='lat' dir='ltr'><strong>Dei</strong></span> <span class='ocrx_word' id='word_1_522' title='bbox 957 3488 1163 3568; x_wconf 88' lang='lat' dir='ltr'>caecutimus,</span> <span class='ocrx_word' id='word_1_523' title='bbox 1215 3487 1302 3553; x_wconf 90' lang='lat' dir='ltr'>idola</span> <span class='ocrx_word' id='word_1_524' title='bbox 1335 3488 1420 3569; x_wconf 92' lang='lat' dir='ltr'>quod</span> <span class='ocrx_word' id='word_1_525' title='bbox 1454 3490 1619 3571; x_wconf 90' lang='lat' dir='ltr'>proprium</span> <span class='ocrx_word' id='word_1_526' title='bbox 1653 3501 1723 3554; x_wconf 91' lang='lat' dir='ltr'>eret</span> <span class='ocrx_word' id='word_1_527' title='bbox 1757 3490 1824 3554; x_wconf 87' lang='lat' dir='ltr'>veri</span> <span class='ocrx_word' id='word_1_528' title='bbox 1855 3490 1937 3555; x_wconf 89' lang='lat' dir='ltr'>Dei:</span> <span class='ocrx_word' id='word_1_529' title='bbox 1969 3492 2044 3572; x_wconf 88' lang='lat' dir='ltr'>quia</span> <span class='ocrx_word' id='word_1_530' title='bbox 2075 3493 2193 3574; x_wconf 90' lang='lat' dir='ltr'>pravis</span> 
     </span>
     <span class='ocr_line' id='line_1_38' title="bbox 191 3573 2190 3659; baseline 0.001 -18"><span class='ocrx_word' id='word_1_531' title='bbox 191 3585 287 3659; x_wconf 89' lang='lat' dir='ltr'>etque</span> <span class='ocrx_word' id='word_1_532' title='bbox 310 3574 567 3640; x_wconf 89' lang='lat' dir='ltr'>hallucinamur:</span> <span class='ocrx_word' id='word_1_533' title='bbox 591 3573 651 3638; x_wconf 92' lang='lat' dir='ltr'><strong>hoc</strong></span> <span class='ocrx_word' id='word_1_534' title='bbox 674 3585 782 3637; x_wconf 86' lang='lat' dir='ltr'>temen</span> <span class='ocrx_word' id='word_1_535' title='bbox 800 3581 888 3638; x_wconf 90' lang='grc'><strong>66116</strong></span> <span class='ocrx_word' id='word_1_536' title='bbox 907 3573 997 3637; x_wconf 90' lang='grc'><strong>16116</strong></span> <span class='ocrx_word' id='word_1_537' title='bbox 1016 3580 1162 3638; x_wconf 81' lang='grc'><strong>6161161·</strong></span> <span class='ocrx_word' id='word_1_538' title='bbox 1215 3573 1501 3659; x_wconf 87' lang='lat' dir='ltr'>superstitionibus</span> <span class='ocrx_word' id='word_1_539' title='bbox 1528 3575 1673 3639; x_wconf 93' lang='lat' dir='ltr'>imbutus</span> <span class='ocrx_word' id='word_1_540' title='bbox 1703 3574 1839 3641; x_wconf 88' lang='lat' dir='ltr'>obscuro</span> <span class='ocrx_word' id='word_1_541' title='bbox 1869 3591 1902 3639; x_wconf 90' lang='lat' dir='ltr'><strong>et</strong></span> <span class='ocrx_word' id='word_1_542' title='bbox 1922 3576 2092 3659; x_wconf 90' lang='lat' dir='ltr'>incognito</span> <span class='ocrx_word' id='word_1_543' title='bbox 2116 3578 2190 3642; x_wconf 90' lang='lat' dir='ltr'><strong>Deo</strong></span> 
     </span>
     <span class='ocr_line' id='line_1_39' title="bbox 191 3656 2191 3742; baseline 0.001 -16"><span class='ocrx_word' id='word_1_544' title='bbox 191 3660 269 3726; x_wconf 92' lang='lat' dir='ltr'><strong>dum</strong></span> <span class='ocrx_word' id='word_1_545' title='bbox 298 3672 355 3738; x_wconf 89' lang='lat' dir='ltr'>est,</span> <span class='ocrx_word' id='word_1_546' title='bbox 388 3681 488 3742; x_wconf 93' lang='lat' dir='ltr'>quum</span> <span class='ocrx_word' id='word_1_547' title='bbox 517 3670 637 3724; x_wconf 90' lang='lat' dir='ltr'>temere</span> <span class='ocrx_word' id='word_1_548' title='bbox 666 3659 776 3724; x_wconf 91' lang='lat' dir='ltr'>omnia</span> <span class='ocrx_word' id='word_1_549' title='bbox 801 3656 890 3722; x_wconf 89' lang='grc'><strong>16111</strong></span> <span class='ocrx_word' id='word_1_550' title='bbox 911 3679 1104 3742; x_wconf 86' lang='grc'><strong>6116111666</strong></span> <span class='ocrx_word' id='word_1_551' title='bbox 1125 3679 1162 3725; x_wconf 87' lang='lat' dir='ltr'><strong>ec</strong></span> <span class='ocrx_word' id='word_1_552' title='bbox 1215 3682 1279 3725; x_wconf 90' lang='lat' dir='ltr'><strong>non</strong></span> <span class='ocrx_word' id='word_1_553' title='bbox 1319 3660 1458 3726; x_wconf 90' lang='lat' dir='ltr'>libenter</span> <span class='ocrx_word' id='word_1_554' title='bbox 1497 3660 1603 3726; x_wconf 92' lang='lat' dir='ltr'>locum</span> <span class='ocrx_word' id='word_1_555' title='bbox 1645 3659 1800 3740; x_wconf 87' lang='lat' dir='ltr'>dedisset,</span> <span class='ocrx_word' id='word_1_556' title='bbox 1839 3660 1902 3727; x_wconf 89' lang='lat' dir='ltr'>nisi</span> <span class='ocrx_word' id='word_1_557' title='bbox 1936 3660 1997 3727; x_wconf 90' lang='lat' dir='ltr'><strong>hoc</strong></span> <span class='ocrx_word' id='word_1_558' title='bbox 2029 3662 2191 3728; x_wconf 89' lang='lat' dir='ltr'>vaticinio</span> 
     </span>
     <span class='ocr_line' id='line_1_40' title="bbox 192 3743 1353 3826; baseline -0.001 -16"><span class='ocrx_word' id='word_1_559' title='bbox 192 3745 343 3811; x_wconf 88' lang='lat' dir='ltr'>deorsum</span> <span class='ocrx_word' id='word_1_560' title='bbox 375 3744 450 3808; x_wconf 87' lang='grc'><strong>16111</strong></span> <span class='ocrx_word' id='word_1_561' title='bbox 482 3744 651 3822; x_wconf 87' lang='grc'><strong>11161111,</strong></span> <span class='ocrx_word' id='word_1_562' title='bbox 682 3745 790 3808; x_wconf 91' lang='lat' dir='ltr'>Deum</span> <span class='ocrx_word' id='word_1_563' title='bbox 821 3765 985 3826; x_wconf 89' lang='lat' dir='ltr'>nunquam</span> <span class='ocrx_word' id='word_1_564' title='bbox 1016 3743 1163 3811; x_wconf 90' lang='lat' dir='ltr'>oblivisci</span> <span class='ocrx_word' id='word_1_565' title='bbox 1214 3746 1353 3811; x_wconf 88' lang='lat' dir='ltr'>edoctus.</span> 
     </span>
     <span class='ocr_line' id='line_1_41' title="bbox 191 3828 2192 3915; baseline 0.001 -19"><span class='ocrx_word' id='word_1_566' title='bbox 191 3831 344 3896; x_wconf 88' lang='lat' dir='ltr'>ecclesiae</span> <span class='ocrx_word' id='word_1_567' title='bbox 362 3851 456 3895; x_wconf 89' lang='lat' dir='ltr'>suae:</span> <span class='ocrx_word' id='word_1_568' title='bbox 480 3832 557 3912; x_wconf 91' lang='lat' dir='ltr'>quin</span> <span class='ocrx_word' id='word_1_569' title='bbox 577 3832 683 3912; x_wconf 92' lang='lat' dir='ltr'>potius</span> <span class='ocrx_word' id='word_1_570' title='bbox 701 3829 834 3895; x_wconf 92' lang='lat' dir='ltr'>occultis</span> <span class='ocrx_word' id='word_1_571' title='bbox 852 3829 955 3894; x_wconf 89' lang='lat' dir='ltr'>modis</span> <span class='ocrx_word' id='word_1_572' title='bbox 973 3850 1163 3912; x_wconf 88' lang='lat' dir='ltr'>promovere</span> <span class='ocrx_word' id='word_1_573' title='bbox 1300 3831 1330 3896; x_wconf 88' lang='lat'><strong>5.</strong></span> <span class='ocrx_word' id='word_1_574' title='bbox 1359 3828 1444 3915; x_wconf 76' lang='lat' dir='ltr'>(Epo</span> <span class='ocrx_word' id='word_1_575' title='bbox 1475 3829 1612 3915; x_wconf 83' lang='grc'><strong>161666.)</strong></span> <span class='ocrx_word' id='word_1_576' title='bbox 1665 3829 1845 3897; x_wconf 80' lang='lat' dir='ltr'>Confirmat</span> <span class='ocrx_word' id='word_1_577' title='bbox 1877 3832 2080 3915; x_wconf 87' lang='lat' dir='ltr'>superiorem</span> <span class='ocrx_word' id='word_1_578' title='bbox 2111 3855 2192 3899; x_wconf 89' lang='lat' dir='ltr'>sen·</span> 
     </span>
     <span class='ocr_line' id='line_1_42' title="bbox 192 3914 2191 4001; baseline 0.002 -21"><span class='ocrx_word' id='word_1_579' title='bbox 192 3918 261 3980; x_wconf 93' lang='lat' dir='ltr'>eius</span> <span class='ocrx_word' id='word_1_580' title='bbox 294 3915 448 3994; x_wconf 87' lang='lat' dir='ltr'>salutem,</span> <span class='ocrx_word' id='word_1_581' title='bbox 480 3928 518 3978; x_wconf 89' lang='lat' dir='ltr'><strong>ut</strong></span> <span class='ocrx_word' id='word_1_582' title='bbox 545 3914 675 3979; x_wconf 89' lang='lat' dir='ltr'>tandem</span> <span class='ocrx_word' id='word_1_583' title='bbox 704 3915 808 3998; x_wconf 89' lang='lat' dir='ltr'>ipsius</span> <span class='ocrx_word' id='word_1_584' title='bbox 837 3926 925 3980; x_wconf 90' lang='lat' dir='ltr'>tutor</span> <span class='ocrx_word' id='word_1_585' title='bbox 952 3935 989 3980; x_wconf 90' lang='grc'><strong>66</strong></span> <span class='ocrx_word' id='word_1_586' title='bbox 1017 3914 1164 3981; x_wconf 88' lang='grc'><strong>16161661</strong></span> <span class='ocrx_word' id='word_1_587' title='bbox 1215 3919 1368 3981; x_wconf 90' lang='lat' dir='ltr'>tentiam:</span> <span class='ocrx_word' id='word_1_588' title='bbox 1392 3937 1451 3981; x_wconf 92' lang='lat' dir='ltr'><strong>nec</strong></span> <span class='ocrx_word' id='word_1_589' title='bbox 1474 3936 1550 3980; x_wconf 87' lang='lat' dir='ltr'>vero</span> <span class='ocrx_word' id='word_1_590' title='bbox 1572 3937 1814 3999; x_wconf 89' lang='lat' dir='ltr'>supervacanea</span> <span class='ocrx_word' id='word_1_591' title='bbox 1834 3918 1986 4001; x_wconf 91' lang='lat' dir='ltr'>repetitio</span> <span class='ocrx_word' id='word_1_592' title='bbox 2005 3926 2066 3985; x_wconf 84' lang='lat' dir='ltr'><strong>est</strong></span> <span class='ocrx_word' id='word_1_593' title='bbox 2100 3918 2191 3984; x_wconf 87' lang='lat' dir='ltr'><strong>Nam</strong></span> 
     </span>
     <span class='ocr_line' id='line_1_43' title="bbox 193 3999 2190 4086; baseline 0.002 -18"><span class='ocrx_word' id='word_1_594' title='bbox 193 4012 356 4085; x_wconf 89' lang='lat' dir='ltr'>appareat.</span> <span class='ocrx_word' id='word_1_595' title='bbox 407 4000 566 4082; x_wconf 89' lang='lat' dir='ltr'>Iosephus</span> <span class='ocrx_word' id='word_1_596' title='bbox 595 3999 699 4084; x_wconf 85' lang='lat' dir='ltr'>(Libr.</span> <span class='ocrx_word' id='word_1_597' title='bbox 732 4000 781 4078; x_wconf 87' lang='grc'><strong>11,</strong></span> <span class='ocrx_word' id='word_1_598' title='bbox 810 4021 836 4066; x_wconf 93' lang='grc'><strong>6.</strong></span> <span class='ocrx_word' id='word_1_599' title='bbox 858 3999 892 4086; x_wconf 88' lang='lat'><strong>3)</strong></span> <span class='ocrx_word' id='word_1_600' title='bbox 920 4001 1164 4065; x_wconf 85' lang='lat' dir='ltr'>memorabilem</span> <span class='ocrx_word' id='word_1_601' title='bbox 1214 4005 1358 4083; x_wconf 88' lang='lat' dir='ltr'>oportuit</span> <span class='ocrx_word' id='word_1_602' title='bbox 1385 4001 1472 4084; x_wconf 77' lang='lat' dir='ltr'>Cyro</span> <span class='ocrx_word' id='word_1_603' title='bbox 1505 4001 1660 4079; x_wconf 83' lang='lat' dir='ltr'>inculcari</span> <span class='ocrx_word' id='word_1_604' title='bbox 1693 4024 1797 4068; x_wconf 91' lang='lat' dir='ltr'>unum</span> <span class='ocrx_word' id='word_1_605' title='bbox 1828 4023 1898 4068; x_wconf 86' lang='grc'><strong>6666</strong></span> <span class='ocrx_word' id='word_1_606' title='bbox 1932 4004 2056 4084; x_wconf 92' lang='lat' dir='ltr'>Deum,</span> <span class='ocrx_word' id='word_1_607' title='bbox 2094 4006 2190 4071; x_wconf 85' lang='lat' dir='ltr'>cuius</span> 
     </span>
     <span class='ocr_line' id='line_1_44' title="bbox 191 4085 2192 4173; baseline 0.001 -21"><span class='ocrx_word' id='word_1_608' title='bbox 191 4088 360 4153; x_wconf 88' lang='lat' dir='ltr'>historiam</span> <span class='ocrx_word' id='word_1_609' title='bbox 383 4098 496 4151; x_wconf 87' lang='grc'><strong>661161</strong></span> <span class='ocrx_word' id='word_1_610' title='bbox 519 4085 558 4151; x_wconf 92' lang='grc'><strong>16</strong></span> <span class='ocrx_word' id='word_1_611' title='bbox 580 4085 779 4164; x_wconf 88' lang='lat' dir='ltr'>Alexandro,</span> <span class='ocrx_word' id='word_1_612' title='bbox 802 4086 856 4168; x_wconf 91' lang='lat' dir='ltr'><strong>qui</strong></span> <span class='ocrx_word' id='word_1_613' title='bbox 878 4106 979 4169; x_wconf 92' lang='grc'><strong>61611</strong></span> <span class='ocrx_word' id='word_1_614' title='bbox 1002 4086 1166 4153; x_wconf 88' lang='lat' dir='ltr'>obsideret</span> <span class='ocrx_word' id='word_1_615' title='bbox 1216 4108 1315 4151; x_wconf 88' lang='lat' dir='ltr'>manu</span> <span class='ocrx_word' id='word_1_616' title='bbox 1345 4107 1457 4151; x_wconf 88' lang='lat' dir='ltr'>omnes</span> <span class='ocrx_word' id='word_1_617' title='bbox 1487 4087 1687 4170; x_wconf 88' lang='lat' dir='ltr'>principatus</span> <span class='ocrx_word' id='word_1_618' title='bbox 1715 4099 1748 4153; x_wconf 91' lang='lat' dir='ltr'><strong>et</strong></span> <span class='ocrx_word' id='word_1_619' title='bbox 1769 4088 1880 4173; x_wconf 89' lang='lat' dir='ltr'>populi</span> <span class='ocrx_word' id='word_1_620' title='bbox 1902 4087 2192 4170; x_wconf 86' lang='lat' dir='ltr'>administrantur,</span> 
     </span>
     <span class='ocr_line' id='line_1_45' title="bbox 193 4170 2192 4257; baseline 0.002 -19"><span class='ocrx_word' id='word_1_621' title='bbox 193 4174 333 4257; x_wconf 77' lang='lat' dir='ltr'>I&#39;yrum,</span> <span class='ocrx_word' id='word_1_622' title='bbox 366 4172 490 4256; x_wconf 89' lang='lat' dir='ltr'>legatos</span> <span class='ocrx_word' id='word_1_623' title='bbox 524 4171 758 4255; x_wconf 84' lang='lat' dir='ltr'>lerosolymam</span> <span class='ocrx_word' id='word_1_624' title='bbox 794 4171 881 4236; x_wconf 91' lang='lat' dir='ltr'>misit</span> <span class='ocrx_word' id='word_1_625' title='bbox 914 4172 955 4236; x_wconf 91' lang='grc'><strong>61</strong></span> <span class='ocrx_word' id='word_1_626' title='bbox 989 4171 1164 4254; x_wconf 89' lang='lat' dir='ltr'>petendum</span> <span class='ocrx_word' id='word_1_627' title='bbox 1216 4182 1253 4237; x_wconf 92' lang='grc'><strong>11</strong></span> <span class='ocrx_word' id='word_1_628' title='bbox 1274 4171 1314 4235; x_wconf 91' lang='grc'><strong>61</strong></span> <span class='ocrx_word' id='word_1_629' title='bbox 1332 4171 1481 4236; x_wconf 88' lang='grc'><strong>61161116</strong></span> <span class='ocrx_word' id='word_1_630' title='bbox 1496 4170 1631 4237; x_wconf 87' lang='lat' dir='ltr'>fallaciis</span> <span class='ocrx_word' id='word_1_631' title='bbox 1646 4183 1807 4240; x_wconf 87' lang='lat' dir='ltr'>retractus</span> <span class='ocrx_word' id='word_1_632' title='bbox 1822 4183 1964 4240; x_wconf 90' lang='lat' dir='ltr'>mentem</span> <span class='ocrx_word' id='word_1_633' title='bbox 1980 4185 2192 4241; x_wconf 87' lang='lat' dir='ltr'>converteret</span> 
     </span>
    </p>
   </div>
   <div class='ocr_carea' id='block_1_3' title="bbox 193 4255 2190 4409">
    <p class='ocr_par' dir='ltr' id='par_1_3' title="bbox 193 4255 2190 4409">
     <span class='ocr_line' id='line_1_46' title="bbox 193 4255 2190 4409; baseline 0.001 -83"><span class='ocrx_word' id='word_1_634' title='bbox 193 4260 362 4339; x_wconf 91' lang='lat' dir='ltr'>tributum,</span> <span class='ocrx_word' id='word_1_635' title='bbox 383 4256 468 4341; x_wconf 94' lang='lat' dir='ltr'>quod</span> <span class='ocrx_word' id='word_1_636' title='bbox 490 4277 510 4320; x_wconf 88' lang='grc'><strong>6</strong></span> <span class='ocrx_word' id='word_1_637' title='bbox 530 4257 661 4321; x_wconf 90' lang='grc'><strong>1116616</strong></span> <span class='ocrx_word' id='word_1_638' title='bbox 684 4257 787 4322; x_wconf 87' lang='lat' dir='ltr'>Dario</span> <span class='ocrx_word' id='word_1_639' title='bbox 808 4255 1003 4321; x_wconf 85' lang='lat' dir='ltr'>solvebatur.</span> <span class='ocrx_word' id='word_1_640' title='bbox 1043 4256 1165 4322; x_wconf 89' lang='lat' dir='ltr'>Ieddue</span> <span class='ocrx_word' id='word_1_641' title='bbox 1216 4255 1257 4321; x_wconf 91' lang='lat' dir='ltr'><strong>ad</strong></span> <span class='ocrx_word' id='word_1_642' title='bbox 1286 4256 1395 4322; x_wconf 90' lang='lat' dir='ltr'>Deum</span> <span class='ocrx_word' id='word_1_643' title='bbox 1426 4256 1539 4322; x_wconf 81' lang='lat' dir='ltr'>Israel.</span> <span class='ocrx_word' id='word_1_644' title='bbox 1590 4257 1719 4324; x_wconf 91' lang='lat' dir='ltr'>Deinde</span> <span class='ocrx_word' id='word_1_645' title='bbox 1746 4258 1867 4326; x_wconf 88' lang='lat' dir='ltr'>clarius</span> <span class='ocrx_word' id='word_1_646' title='bbox 1895 4259 2093 4409; x_wconf 64' lang='lat' dir='ltr'>exqrimitnr</span> <span class='ocrx_word' id='word_1_647' title='bbox 2119 4282 2190 4327; x_wconf 92' lang='lat' dir='ltr'><strong>non</strong></span> 
     </span>
    </p>
   </div>
   <div class='ocr_carea' id='block_1_4' title="bbox 192 4340 2192 5113">
    <p class='ocr_par' dir='ltr' id='par_1_4' title="bbox 192 4340 2192 5113">
     <span class='ocr_line' id='line_1_47' title="bbox 192 4340 2192 4428; baseline 0.001 -18"><span class='ocrx_word' id='word_1_648' title='bbox 192 4345 349 4428; x_wconf 86' lang='lat' dir='ltr'>pontifex,</span> <span class='ocrx_word' id='word_1_649' title='bbox 372 4343 426 4425; x_wconf 92' lang='lat' dir='ltr'><strong>qui</strong></span> <span class='ocrx_word' id='word_1_650' title='bbox 449 4343 613 4407; x_wconf 90' lang='lat' dir='ltr'>iuraverat</span> <span class='ocrx_word' id='word_1_651' title='bbox 635 4362 670 4406; x_wconf 91' lang='lat' dir='ltr'><strong>se</strong></span> <span class='ocrx_word' id='word_1_652' title='bbox 688 4342 845 4406; x_wconf 90' lang='lat' dir='ltr'>tributum</span> <span class='ocrx_word' id='word_1_653' title='bbox 869 4340 949 4406; x_wconf 91' lang='lat' dir='ltr'>illud</span> <span class='ocrx_word' id='word_1_654' title='bbox 972 4341 1165 4421; x_wconf 89' lang='lat' dir='ltr'>soluturum,</span> <span class='ocrx_word' id='word_1_655' title='bbox 1217 4342 1293 4407; x_wconf 87' lang='lat' dir='ltr'>alibi</span> <span class='ocrx_word' id='word_1_656' title='bbox 1316 4342 1533 4424; x_wconf 88' lang='lat' dir='ltr'>quaerendam</span> <span class='ocrx_word' id='word_1_657' title='bbox 1556 4364 1626 4408; x_wconf 91' lang='lat' dir='ltr'>esse</span> <span class='ocrx_word' id='word_1_658' title='bbox 1645 4344 1809 4420; x_wconf 89' lang='lat' dir='ltr'>deitatem,</span> <span class='ocrx_word' id='word_1_659' title='bbox 1833 4346 1916 4411; x_wconf 87' lang='lat' dir='ltr'>acsi</span> <span class='ocrx_word' id='word_1_660' title='bbox 1956 4345 2071 4411; x_wconf 84' lang='lat' dir='ltr'>iceret:</span> <span class='ocrx_word' id='word_1_661' title='bbox 2095 4344 2192 4412; x_wconf 86' lang='grc'><strong>0616</strong></span> 
     </span>
     <span class='ocr_line' id='line_1_48' title="bbox 192 4426 2190 4514; baseline 0.001 -19"><span class='ocrx_word' id='word_1_662' title='bbox 192 4432 227 4495; x_wconf 90' lang='grc'><strong>11</strong></span> <span class='ocrx_word' id='word_1_663' title='bbox 258 4439 450 4514; x_wconf 90' lang='lat' dir='ltr'>potestatem</span> <span class='ocrx_word' id='word_1_664' title='bbox 480 4427 661 4492; x_wconf 87' lang='lat' dir='ltr'>Alexandri</span> <span class='ocrx_word' id='word_1_665' title='bbox 692 4428 803 4492; x_wconf 90' lang='lat' dir='ltr'>venire</span> <span class='ocrx_word' id='word_1_666' title='bbox 832 4426 950 4506; x_wconf 89' lang='lat' dir='ltr'>noluit,</span> <span class='ocrx_word' id='word_1_667' title='bbox 980 4429 1074 4509; x_wconf 91' lang='lat' dir='ltr'>eique</span> <span class='ocrx_word' id='word_1_668' title='bbox 1106 4427 1164 4490; x_wconf 90' lang='lat' dir='ltr'>tri·</span> <span class='ocrx_word' id='word_1_669' title='bbox 1217 4426 2104 4508; x_wconf 83' lang='grc'><strong>16116116111166616161161611611,661666166611</strong></span> <span class='ocrx_word' id='word_1_670' title='bbox 2126 4432 2190 4498; x_wconf 84' lang='lat' dir='ltr'>ali·</span> 
     </span>
     <span class='ocr_line' id='line_1_49' title="bbox 193 4511 2190 4600; baseline 0.001 -18"><span class='ocrx_word' id='word_1_671' title='bbox 193 4516 310 4583; x_wconf 89' lang='lat' dir='ltr'>butum</span> <span class='ocrx_word' id='word_1_672' title='bbox 340 4513 523 4597; x_wconf 87' lang='lat' dir='ltr'>denegavit.</span> <span class='ocrx_word' id='word_1_673' title='bbox 568 4511 708 4596; x_wconf 82' lang='lat' dir='ltr'>Indigna</span> <span class='ocrx_word' id='word_1_674' title='bbox 737 4511 814 4577; x_wconf 91' lang='lat' dir='ltr'>tulit</span> <span class='ocrx_word' id='word_1_675' title='bbox 844 4511 1040 4591; x_wconf 84' lang='lat' dir='ltr'>Alexander,</span> <span class='ocrx_word' id='word_1_676' title='bbox 1068 4521 1165 4593; x_wconf 90' lang='grc'><strong>61666</strong></span> <span class='ocrx_word' id='word_1_677' title='bbox 1216 4512 1304 4595; x_wconf 90' lang='grc'><strong>6661</strong></span> <span class='ocrx_word' id='word_1_678' title='bbox 1327 4534 1446 4578; x_wconf 89' lang='grc'><strong>166161</strong></span> <span class='ocrx_word' id='word_1_679' title='bbox 1469 4515 1639 4597; x_wconf 90' lang='lat' dir='ltr'>concipies,</span> <span class='ocrx_word' id='word_1_680' title='bbox 1662 4516 1757 4597; x_wconf 87' lang='lat' dir='ltr'>quale</span> <span class='ocrx_word' id='word_1_681' title='bbox 1779 4513 1928 4580; x_wconf 90' lang='lat' dir='ltr'>homines</span> <span class='ocrx_word' id='word_1_682' title='bbox 1944 4516 2190 4600; x_wconf 80' lang='lat' dir='ltr'>imaginantur:</span> 
     </span>
     <span class='ocr_line' id='line_1_50' title="bbox 194 4596 2190 4681; baseline 0.001 -12"><span class='ocrx_word' id='word_1_683' title='bbox 194 4602 298 4669; x_wconf 91' lang='grc'><strong>616116</strong></span> <span class='ocrx_word' id='word_1_684' title='bbox 321 4600 440 4666; x_wconf 80' lang='lat' dir='ltr'>ferocia</span> <span class='ocrx_word' id='word_1_685' title='bbox 458 4598 692 4681; x_wconf 82' lang='lat' dir='ltr'>Ierosolymem</span> <span class='ocrx_word' id='word_1_686' title='bbox 716 4596 851 4680; x_wconf 88' lang='lat' dir='ltr'>perdere</span> <span class='ocrx_word' id='word_1_687' title='bbox 868 4598 1000 4662; x_wconf 87' lang='lat' dir='ltr'>statuit:</span> <span class='ocrx_word' id='word_1_688' title='bbox 1023 4617 1060 4662; x_wconf 93' lang='lat' dir='ltr'><strong>ac</strong></span> <span class='ocrx_word' id='word_1_689' title='bbox 1080 4597 1165 4663; x_wconf 88' lang='lat' dir='ltr'>victo</span> <span class='ocrx_word' id='word_1_690' title='bbox 1216 4600 1295 4664; x_wconf 91' lang='lat' dir='ltr'>scito</span> <span class='ocrx_word' id='word_1_691' title='bbox 1318 4598 1425 4663; x_wconf 90' lang='lat' dir='ltr'>Deum</span> <span class='ocrx_word' id='word_1_692' title='bbox 1448 4598 1550 4665; x_wconf 88' lang='lat' dir='ltr'>Israel</span> <span class='ocrx_word' id='word_1_693' title='bbox 1579 4601 1713 4666; x_wconf 92' lang='lat' dir='ltr'>unicum</span> <span class='ocrx_word' id='word_1_694' title='bbox 1743 4602 1839 4667; x_wconf 90' lang='lat' dir='ltr'>huius</span> <span class='ocrx_word' id='word_1_695' title='bbox 1862 4601 2016 4668; x_wconf 89' lang='lat' dir='ltr'>victoriae</span> <span class='ocrx_word' id='word_1_696' title='bbox 2038 4615 2190 4669; x_wconf 85' lang='lat' dir='ltr'>sutorem</span> 
     </span>
     <span class='ocr_line' id='line_1_51' title="bbox 194 4681 2190 4770; baseline 0 -16"><span class='ocrx_word' id='word_1_697' title='bbox 194 4687 328 4754; x_wconf 91' lang='lat' dir='ltr'>tandem</span> <span class='ocrx_word' id='word_1_698' title='bbox 351 4685 454 4749; x_wconf 91' lang='lat' dir='ltr'>Dario</span> <span class='ocrx_word' id='word_1_699' title='bbox 477 4683 516 4749; x_wconf 91' lang='lat' dir='ltr'><strong>ad</strong></span> <span class='ocrx_word' id='word_1_700' title='bbox 540 4705 611 4748; x_wconf 88' lang='lat' dir='ltr'><strong>eam</strong></span> <span class='ocrx_word' id='word_1_701' title='bbox 634 4682 807 4756; x_wconf 88' lang='lat' dir='ltr'>contendit,</span> <span class='ocrx_word' id='word_1_702' title='bbox 836 4682 927 4766; x_wconf 91' lang='lat' dir='ltr'>quasi</span> <span class='ocrx_word' id='word_1_703' title='bbox 949 4683 1052 4765; x_wconf 90' lang='lat' dir='ltr'>ipsam</span> <span class='ocrx_word' id='word_1_704' title='bbox 1077 4681 1164 4746; x_wconf 88' lang='lat' dir='ltr'>dele·</span> <span class='ocrx_word' id='word_1_705' title='bbox 1216 4704 1297 4749; x_wconf 90' lang='lat' dir='ltr'>esse.</span> <span class='ocrx_word' id='word_1_706' title='bbox 1341 4684 1414 4749; x_wconf 85' lang='lat' dir='ltr'>Etsi</span> <span class='ocrx_word' id='word_1_707' title='bbox 1441 4696 1548 4749; x_wconf 90' lang='lat' dir='ltr'>eutem</span> <span class='ocrx_word' id='word_1_708' title='bbox 1570 4706 1633 4751; x_wconf 94' lang='lat' dir='ltr'><strong>non</strong></span> <span class='ocrx_word' id='word_1_709' title='bbox 1656 4707 1799 4770; x_wconf 90' lang='grc'><strong>6616666</strong></span> <span class='ocrx_word' id='word_1_710' title='bbox 1821 4687 1856 4751; x_wconf 87' lang='grc'><strong>11</strong></span> <span class='ocrx_word' id='word_1_711' title='bbox 1879 4687 1941 4753; x_wconf 85' lang='lat' dir='ltr'><strong>hac</strong></span> <span class='ocrx_word' id='word_1_712' title='bbox 1963 4686 2190 4754; x_wconf 88' lang='lat' dir='ltr'>admonitione</span> 
     </span>
     <span class='ocr_line' id='line_1_52' title="bbox 195 4767 2189 4850; baseline 0.001 -11"><span class='ocrx_word' id='word_1_713' title='bbox 195 4784 298 4840; x_wconf 88' lang='lat' dir='ltr'>turus.</span> <span class='ocrx_word' id='word_1_714' title='bbox 342 4771 484 4838; x_wconf 91' lang='lat' dir='ltr'>Obviam</span> <span class='ocrx_word' id='word_1_715' title='bbox 512 4769 543 4833; x_wconf 94' lang='lat' dir='ltr'><strong>ei</strong></span> <span class='ocrx_word' id='word_1_716' title='bbox 571 4768 689 4850; x_wconf 89' lang='lat' dir='ltr'>prodiit</span> <span class='ocrx_word' id='word_1_717' title='bbox 710 4768 833 4834; x_wconf 88' lang='lat' dir='ltr'>Ieddue</span> <span class='ocrx_word' id='word_1_718' title='bbox 861 4787 934 4833; x_wconf 91' lang='lat' dir='ltr'><strong>cum</strong></span> <span class='ocrx_word' id='word_1_719' title='bbox 964 4767 1036 4832; x_wconf 89' lang='lat' dir='ltr'>aliis</span> <span class='ocrx_word' id='word_1_720' title='bbox 1058 4788 1163 4833; x_wconf 90' lang='lat' dir='ltr'>sacer·</span> <span class='ocrx_word' id='word_1_721' title='bbox 1239 4769 1353 4834; x_wconf 89' lang='grc'><strong>1616611</strong></span> <span class='ocrx_word' id='word_1_722' title='bbox 1386 4768 1409 4833; x_wconf 90' lang='lat' dir='ltr'>C</span> <span class='ocrx_word' id='word_1_723' title='bbox 1436 4791 1506 4848; x_wconf 88' lang='lat' dir='ltr'>rus,</span> <span class='ocrx_word' id='word_1_724' title='bbox 1541 4781 1577 4835; x_wconf 88' lang='lat' dir='ltr'><strong>ut</strong></span> <span class='ocrx_word' id='word_1_725' title='bbox 1609 4771 1704 4838; x_wconf 91' lang='lat' dir='ltr'>idolis</span> <span class='ocrx_word' id='word_1_726' title='bbox 1733 4774 1801 4837; x_wconf 90' lang='grc'><strong>6616</strong></span> <span class='ocrx_word' id='word_1_727' title='bbox 1835 4772 1944 4838; x_wconf 88' lang='grc'><strong>161616</strong></span> <span class='ocrx_word' id='word_1_728' title='bbox 1975 4773 2074 4839; x_wconf 87' lang='lat' dir='ltr'>iussis</span> <span class='ocrx_word' id='word_1_729' title='bbox 2106 4796 2189 4842; x_wconf 90' lang='lat' dir='ltr'>vero</span> 
     </span>
     <span class='ocr_line' id='line_1_53' title="bbox 196 4851 2191 4941; baseline 0.001 -17"><span class='ocrx_word' id='word_1_730' title='bbox 196 4859 324 4925; x_wconf 88' lang='lat' dir='ltr'>dotibus</span> <span class='ocrx_word' id='word_1_731' title='bbox 362 4871 395 4922; x_wconf 89' lang='lat' dir='ltr'><strong>et</strong></span> <span class='ocrx_word' id='word_1_732' title='bbox 428 4854 597 4932; x_wconf 88' lang='lat' dir='ltr'>sacrificis,</span> <span class='ocrx_word' id='word_1_733' title='bbox 636 4853 769 4917; x_wconf 90' lang='lat' dir='ltr'>indutus</span> <span class='ocrx_word' id='word_1_734' title='bbox 807 4851 997 4920; x_wconf 89' lang='lat' dir='ltr'>sacerdotali</span> <span class='ocrx_word' id='word_1_735' title='bbox 1030 4865 1164 4918; x_wconf 87' lang='lat' dir='ltr'>ornatu:</span> <span class='ocrx_word' id='word_1_736' title='bbox 1251 4873 1288 4918; x_wconf 92' lang='lat' dir='ltr'><strong>eo</strong></span> <span class='ocrx_word' id='word_1_737' title='bbox 1318 4875 1353 4919; x_wconf 92' lang='lat' dir='ltr'><strong>se</strong></span> <span class='ocrx_word' id='word_1_738' title='bbox 1379 4874 1398 4918; x_wconf 92' lang='grc'><strong>6</strong></span> <span class='ocrx_word' id='word_1_739' title='bbox 1422 4855 1549 4933; x_wconf 88' lang='grc'><strong>1166161,</strong></span> <span class='ocrx_word' id='word_1_740' title='bbox 1579 4858 1718 4940; x_wconf 89' lang='grc'><strong>66161111</strong></span> <span class='ocrx_word' id='word_1_741' title='bbox 1740 4871 1849 4923; x_wconf 88' lang='grc'><strong>161166</strong></span> <span class='ocrx_word' id='word_1_742' title='bbox 1872 4860 1942 4924; x_wconf 88' lang='grc'><strong>6116</strong></span> <span class='ocrx_word' id='word_1_743' title='bbox 1963 4861 2122 4941; x_wconf 89' lang='lat' dir='ltr'>animum,</span> <span class='ocrx_word' id='word_1_744' title='bbox 2152 4873 2191 4927; x_wconf 90' lang='grc'><strong>11</strong></span> 
     </span>
     <span class='ocr_line' id='line_1_54' title="bbox 195 4939 2190 5088; baseline 0.001 -78"><span class='ocrx_word' id='word_1_745' title='bbox 195 4966 291 5028; x_wconf 87' lang='grc'><strong>61611</strong></span> <span class='ocrx_word' id='word_1_746' title='bbox 321 4964 420 5028; x_wconf 91' lang='grc'><strong>61611</strong></span> <span class='ocrx_word' id='word_1_747' title='bbox 451 4940 586 5006; x_wconf 90' lang='grc'><strong>11116661</strong></span> <span class='ocrx_word' id='word_1_748' title='bbox 607 4939 805 5014; x_wconf 88' lang='lat' dir='ltr'>Alexander,</span> <span class='ocrx_word' id='word_1_749' title='bbox 839 4939 990 5004; x_wconf 90' lang='lat' dir='ltr'>desiliens</span> <span class='ocrx_word' id='word_1_750' title='bbox 1020 4959 1060 5003; x_wconf 89' lang='lat' dir='ltr'><strong>ex</strong></span> <span class='ocrx_word' id='word_1_751' title='bbox 1083 4958 1165 5088; x_wconf 74' lang='lat' dir='ltr'>equo</span> <span class='ocrx_word' id='word_1_752' title='bbox 1216 4960 1381 5005; x_wconf 91' lang='lat' dir='ltr'>summum</span> <span class='ocrx_word' id='word_1_753' title='bbox 1410 4941 1479 5006; x_wconf 91' lang='lat' dir='ltr'>eius</span> <span class='ocrx_word' id='word_1_754' title='bbox 1508 4942 1681 5024; x_wconf 89' lang='lat' dir='ltr'>imperium</span> <span class='ocrx_word' id='word_1_755' title='bbox 1711 4954 1744 5008; x_wconf 92' lang='grc'><strong>61</strong></span> <span class='ocrx_word' id='word_1_756' title='bbox 1767 4964 1888 5008; x_wconf 91' lang='lat' dir='ltr'>numen</span> <span class='ocrx_word' id='word_1_757' title='bbox 1911 4944 2107 5026; x_wconf 90' lang='lat' dir='ltr'>suspiceret:</span> <span class='ocrx_word' id='word_1_758' title='bbox 2137 4949 2190 5011; x_wconf 92' lang='lat' dir='ltr'><strong>in·</strong></span> 
     </span>
     <span class='ocr_line' id='line_1_55' title="bbox 196 5023 2190 5113; baseline 0.001 -18"><span class='ocrx_word' id='word_1_759' title='bbox 196 5030 285 5096; x_wconf 89' lang='lat' dir='ltr'>velut</span> <span class='ocrx_word' id='word_1_760' title='bbox 313 5029 450 5113; x_wconf 92' lang='lat' dir='ltr'>supplex</span> <span class='ocrx_word' id='word_1_761' title='bbox 479 5026 519 5092; x_wconf 89' lang='lat' dir='ltr'><strong>ed</strong></span> <span class='ocrx_word' id='word_1_762' title='bbox 549 5025 618 5089; x_wconf 91' lang='lat' dir='ltr'>eius</span> <span class='ocrx_word' id='word_1_763' title='bbox 648 5024 745 5106; x_wconf 90' lang='lat' dir='ltr'>pedes</span> <span class='ocrx_word' id='word_1_764' title='bbox 776 5023 920 5106; x_wconf 91' lang='lat' dir='ltr'>procidit.</span> <span class='ocrx_word' id='word_1_765' title='bbox 972 5023 1055 5088; x_wconf 89' lang='lat' dir='ltr'><strong>Rem</strong></span> <span class='ocrx_word' id='word_1_766' title='bbox 1086 5043 1166 5089; x_wconf 89' lang='lat' dir='ltr'><strong>aso</strong></span> <span class='ocrx_word' id='word_1_767' title='bbox 1218 5033 1307 5089; x_wconf 88' lang='lat' dir='ltr'>terea</span> <span class='ocrx_word' id='word_1_768' title='bbox 1345 5024 1538 5092; x_wconf 89' lang='lat' dir='ltr'>domesticos</span> <span class='ocrx_word' id='word_1_769' title='bbox 1578 5027 1731 5093; x_wconf 88' lang='lat' dir='ltr'>ecclesiae</span> <span class='ocrx_word' id='word_1_770' title='bbox 1771 5029 1856 5094; x_wconf 87' lang='lat' dir='ltr'>hanc</span> <span class='ocrx_word' id='word_1_771' title='bbox 1895 5029 2077 5096; x_wconf 86' lang='lat' dir='ltr'>doctrinam</span> <span class='ocrx_word' id='word_1_772' title='bbox 2118 5052 2190 5097; x_wconf 83' lang='lat' dir='ltr'><strong>em·</strong></span> 
     </span>
    </p>
   </div>
   <div class='ocr_carea' id='block_1_5' title="bbox 195 5108 2193 5280">
    <p class='ocr_par' dir='ltr' id='par_1_5' title="bbox 195 5108 2193 5280">
     <span class='ocr_line' id='line_1_56' title="bbox 195 5108 2193 5198; baseline 0.003 -18"><span class='ocrx_word' id='word_1_773' title='bbox 195 5116 361 5181; x_wconf 89' lang='lat' dir='ltr'>insolitam</span> <span class='ocrx_word' id='word_1_774' title='bbox 383 5126 480 5198; x_wconf 89' lang='lat' dir='ltr'>etque</span> <span class='ocrx_word' id='word_1_775' title='bbox 502 5114 542 5178; x_wconf 91' lang='lat' dir='ltr'><strong>ab</strong></span> <span class='ocrx_word' id='word_1_776' title='bbox 565 5111 633 5176; x_wconf 92' lang='lat' dir='ltr'>eius</span> <span class='ocrx_word' id='word_1_777' title='bbox 656 5111 766 5173; x_wconf 89' lang='lat' dir='ltr'>animo</span> <span class='ocrx_word' id='word_1_778' title='bbox 789 5109 927 5174; x_wconf 91' lang='lat' dir='ltr'>alienam</span> <span class='ocrx_word' id='word_1_779' title='bbox 950 5128 1049 5191; x_wconf 91' lang='grc'><strong>61616</strong></span> <span class='ocrx_word' id='word_1_780' title='bbox 1068 5109 1165 5173; x_wconf 90' lang='lat' dir='ltr'>mire·</span> <span class='ocrx_word' id='word_1_781' title='bbox 1216 5108 1312 5192; x_wconf 89' lang='lat' dir='ltr'>plecti</span> <span class='ocrx_word' id='word_1_782' title='bbox 1345 5113 1503 5194; x_wconf 89' lang='lat' dir='ltr'>oportuit,</span> <span class='ocrx_word' id='word_1_783' title='bbox 1543 5124 1580 5176; x_wconf 92' lang='lat' dir='ltr'><strong>ut</strong></span> <span class='ocrx_word' id='word_1_784' title='bbox 1612 5113 1741 5179; x_wconf 86' lang='lat' dir='ltr'>fictitios</span> <span class='ocrx_word' id='word_1_785' title='bbox 1774 5135 1887 5181; x_wconf 90' lang='lat' dir='ltr'>omnes</span> <span class='ocrx_word' id='word_1_786' title='bbox 1920 5115 1996 5180; x_wconf 88' lang='lat' dir='ltr'>deos</span> <span class='ocrx_word' id='word_1_787' title='bbox 2033 5116 2193 5185; x_wconf 79' lang='lat' dir='ltr'>audacter</span> 
     </span>
     <span class='ocr_line' id='line_1_57' title="bbox 196 5192 1419 5280; baseline -0.005 -13"><span class='ocrx_word' id='word_1_788' title='bbox 196 5213 312 5267; x_wconf 91' lang='lat' dir='ltr'>rentur</span> <span class='ocrx_word' id='word_1_789' title='bbox 333 5221 454 5277; x_wconf 88' lang='lat' dir='ltr'>omnes,</span> <span class='ocrx_word' id='word_1_790' title='bbox 484 5218 622 5280; x_wconf 90' lang='lat' dir='ltr'>eumque</span> <span class='ocrx_word' id='word_1_791' title='bbox 645 5196 790 5277; x_wconf 87' lang='lat' dir='ltr'>desipere</span> <span class='ocrx_word' id='word_1_792' title='bbox 812 5193 1052 5263; x_wconf 89' lang='lat' dir='ltr'>existimarent:</span> <span class='ocrx_word' id='word_1_793' title='bbox 1083 5192 1164 5260; x_wconf 90' lang='lat' dir='ltr'>Par·</span> <span class='ocrx_word' id='word_1_794' title='bbox 1218 5212 1419 5278; x_wconf 88' lang='lat' dir='ltr'>spernerent.</span> 
     </span>
    </p>
   </div>
   <div class='ocr_carea' id='block_1_6' title="bbox 0 0 2400 5970">
    <p class='ocr_par' dir='ltr' id='par_1_6' title="bbox 0 0 2400 5970">
     <span class='ocr_line' id='line_1_58' title="bbox 0 0 2400 5970; baseline 0 0"><span class='ocrx_word' id='word_1_795' title='bbox 0 0 2400 5970; x_wconf 95' lang='lat' dir='ltr'><strong> </strong></span> 
     </span>
    </p>
   </div>
  </div>
 </body>
</html>
