<?xml version="1.0" encoding="UTF-8"?>
<!DOCTYPE html PUBLIC "-//W3C//DTD XHTML 1.0 Transitional//EN"
    "http://www.w3.org/TR/xhtml1/DTD/xhtml1-transitional.dtd">
<html xmlns="http://www.w3.org/1999/xhtml" xml:lang="en" lang="en">
 <head>
  <title>
</title>
<meta http-equiv="Content-Type" content="text/html;charset=utf-8" />
  <meta name='ocr-system' content='tesseract 3.04.00' />
  <meta name='ocr-capabilities' content='ocr_page ocr_carea ocr_par ocr_line ocrx_word'/>
</head>
<body>
  <div class='ocr_page' id='page_1' title='image "./corpusreformato04melagoog_0304.png"; bbox 0 0 4786 5976; ppageno 0'>
   <div class='ocr_carea' id='block_1_1' title="bbox 56 365 2160 437">
    <p class='ocr_par' dir='ltr' id='par_1_1' title="bbox 56 365 2160 437">
     <span class='ocr_line' id='line_1_1' title="bbox 56 365 2160 437; baseline 0.001 -3"><span class='ocrx_word' id='word_1_1' title='bbox 56 407 69 419; x_wconf 70' lang='lat'>=</span> <span class='ocrx_word' id='word_1_2' title='bbox 161 370 223 435; x_wconf 77' lang='lat'>577</span> <span class='ocrx_word' id='word_1_3' title='bbox 886 367 936 432; x_wconf 91' lang='lat' dir='ltr'>IN</span> <span class='ocrx_word' id='word_1_4' title='bbox 959 367 1209 432; x_wconf 80' lang='lat' dir='ltr'>IllllllllllIIAII.</span> <span class='ocrx_word' id='word_1_5' title='bbox 1253 367 1352 433; x_wconf 84' lang='lat' dir='ltr'><strong>OAP.</strong></span> <span class='ocrx_word' id='word_1_6' title='bbox 1373 365 1435 430; x_wconf 84' lang='lat' dir='ltr'>IV.</span> <span class='ocrx_word' id='word_1_7' title='bbox 2096 371 2160 437; x_wconf 75' lang='lat'>578</span> 
     </span>
    </p>
   </div>
   <div class='ocr_carea' id='block_1_2' title="bbox 157 553 2208 5308">
    <p class='ocr_par' dir='ltr' id='par_1_2' title="bbox 161 553 2184 2420">
     <span class='ocr_line' id='line_1_2' title="bbox 161 553 2161 640; baseline 0.001 -19"><span class='ocrx_word' id='word_1_8' title='bbox 161 557 364 640; x_wconf 80' lang='lat' dir='ltr'>impietatem</span> <span class='ocrx_word' id='word_1_9' title='bbox 386 569 419 620; x_wconf 88' lang='lat' dir='ltr'>et</span> <span class='ocrx_word' id='word_1_10' title='bbox 440 565 662 637; x_wconf 91' lang='lat' dir='ltr'>oontemptum</span> <span class='ocrx_word' id='word_1_11' title='bbox 686 554 769 631; x_wconf 90' lang='lat' dir='ltr'>Dei,</span> <span class='ocrx_word' id='word_1_12' title='bbox 802 566 835 620; x_wconf 90' lang='lat' dir='ltr'>et</span> <span class='ocrx_word' id='word_1_13' title='bbox 864 556 929 620; x_wconf 88' lang='lat' dir='ltr'>alia</span> <span class='ocrx_word' id='word_1_14' title='bbox 953 554 1076 620; x_wconf 90' lang='lat' dir='ltr'>seelera</span> <span class='ocrx_word' id='word_1_15' title='bbox 1097 553 1132 617; x_wconf 94' lang='lat' dir='ltr'>in</span> <span class='ocrx_word' id='word_1_16' title='bbox 1185 553 1319 618; x_wconf 92' lang='lat' dir='ltr'>eumeisi</span> <span class='ocrx_word' id='word_1_17' title='bbox 1341 553 1455 619; x_wconf 88' lang='lat' dir='ltr'>essetis</span> <span class='ocrx_word' id='word_1_18' title='bbox 1476 553 1582 619; x_wconf 89' lang='lat' dir='ltr'>eorde.</span> <span class='ocrx_word' id='word_1_19' title='bbox 1626 553 1666 617; x_wconf 95' lang='lat' dir='ltr'>In</span> <span class='ocrx_word' id='word_1_20' title='bbox 1688 574 1826 632; x_wconf 92' lang='lat' dir='ltr'>summa,</span> <span class='ocrx_word' id='word_1_21' title='bbox 1848 554 1902 619; x_wconf 91' lang='lat' dir='ltr'>hie</span> <span class='ocrx_word' id='word_1_22' title='bbox 1923 555 2084 638; x_wconf 89' lang='lat' dir='ltr'>propheta</span> <span class='ocrx_word' id='word_1_23' title='bbox 2106 555 2161 623; x_wconf 91' lang='lat' dir='ltr'>de·</span> 
     </span>
     <span class='ocr_line' id='line_1_3' title="bbox 161 637 2184 726; baseline 0 -19"><span class='ocrx_word' id='word_1_24' title='bbox 161 641 280 726; x_wconf 92' lang='lat' dir='ltr'>populo</span> <span class='ocrx_word' id='word_1_25' title='bbox 302 641 493 706; x_wconf 81' lang='lat' dir='ltr'>israelitico:</span> <span class='ocrx_word' id='word_1_26' title='bbox 526 640 583 705; x_wconf 86' lang='lat' dir='ltr'>sed</span> <span class='ocrx_word' id='word_1_27' title='bbox 606 640 870 705; x_wconf 78' lang='lat' dir='ltr'><strong>obstinationem:</strong></span> <span class='ocrx_word' id='word_1_28' title='bbox 901 640 1052 722; x_wconf 88' lang='lat' dir='ltr'>quoniam</span> <span class='ocrx_word' id='word_1_29' title='bbox 1075 659 1133 722; x_wconf 90' lang='lat' dir='ltr'>per</span> <span class='ocrx_word' id='word_1_30' title='bbox 1185 649 1237 702; x_wconf 91' lang='lat' dir='ltr'>eet</span> <span class='ocrx_word' id='word_1_31' title='bbox 1268 637 1355 720; x_wconf 90' lang='lat' dir='ltr'>quod</span> <span class='ocrx_word' id='word_1_32' title='bbox 1389 638 1513 704; x_wconf 90' lang='lat' dir='ltr'>Paulus</span> <span class='ocrx_word' id='word_1_33' title='bbox 1545 637 1654 723; x_wconf 86' lang='lat' dir='ltr'>(Rom</span> <span class='ocrx_word' id='word_1_34' title='bbox 1685 640 1716 714; x_wconf 83' lang='lat'>2,</span> <span class='ocrx_word' id='word_1_35' title='bbox 1746 638 1802 724; x_wconf 82' lang='lat'>29)</span> <span class='ocrx_word' id='word_1_36' title='bbox 1841 639 1961 705; x_wconf 88' lang='lat' dir='ltr'>elarius</span> <span class='ocrx_word' id='word_1_37' title='bbox 1994 638 2184 724; x_wconf 57' lang='lat' dir='ltr'>explieuit&#39;</span> 
     </span>
     <span class='ocr_line' id='line_1_4' title="bbox 161 722 2158 811; baseline 0 -20"><span class='ocrx_word' id='word_1_38' title='bbox 161 727 284 792; x_wconf 88' lang='lat' dir='ltr'>multos</span> <span class='ocrx_word' id='word_1_39' title='bbox 306 745 410 790; x_wconf 90' lang='lat' dir='ltr'>annos</span> <span class='ocrx_word' id='word_1_40' title='bbox 434 728 479 790; x_wconf 91' lang='lat' dir='ltr'>ita</span> <span class='ocrx_word' id='word_1_41' title='bbox 501 724 722 790; x_wconf 89' lang='lat' dir='ltr'>obduruerant</span> <span class='ocrx_word' id='word_1_42' title='bbox 743 724 776 790; x_wconf 92' lang='lat' dir='ltr'>in</span> <span class='ocrx_word' id='word_1_43' title='bbox 801 726 867 791; x_wconf 88' lang='lat' dir='ltr'>suis</span> <span class='ocrx_word' id='word_1_44' title='bbox 887 724 1072 799; x_wconf 90' lang='lat' dir='ltr'>seelerihus,</span> <span class='ocrx_word' id='word_1_45' title='bbox 1096 731 1134 787; x_wconf 93' lang='lat' dir='ltr'>ut</span> <span class='ocrx_word' id='word_1_46' title='bbox 1185 744 1321 806; x_wconf 82' lang='lat' dir='ltr'>nempe,</span> <span class='ocrx_word' id='word_1_47' title='bbox 1355 724 1484 787; x_wconf 78' lang='lat' dir='ltr'><strong>literam</strong></span> <span class='ocrx_word' id='word_1_48' title='bbox 1513 722 1638 789; x_wconf 91' lang='lat' dir='ltr'>nullius</span> <span class='ocrx_word' id='word_1_49' title='bbox 1668 745 1740 788; x_wconf 89' lang='lat' dir='ltr'>esee</span> <span class='ocrx_word' id='word_1_50' title='bbox 1762 726 1920 790; x_wconf 81' lang='lat' dir='ltr'><strong>momenti</strong></span> <span class='ocrx_word' id='word_1_51' title='bbox 1943 744 2053 790; x_wconf 93' lang='lat' dir='ltr'>eoram</span> <span class='ocrx_word' id='word_1_52' title='bbox 2078 726 2158 811; x_wconf 87' lang='lat' dir='ltr'>Dee,</span> 
     </span>
     <span class='ocr_line' id='line_1_5' title="bbox 162 807 2159 895; baseline -0.001 -18"><span class='ocrx_word' id='word_1_53' title='bbox 162 833 243 895; x_wconf 91' lang='lat' dir='ltr'>opus</span> <span class='ocrx_word' id='word_1_54' title='bbox 265 821 351 876; x_wconf 89' lang='lat' dir='ltr'>esset</span> <span class='ocrx_word' id='word_1_55' title='bbox 374 833 438 875; x_wconf 93' lang='lat' dir='ltr'>non</span> <span class='ocrx_word' id='word_1_56' title='bbox 461 820 571 874; x_wconf 89' lang='lat' dir='ltr'>aratro</span> <span class='ocrx_word' id='word_1_57' title='bbox 594 820 740 888; x_wconf 89' lang='lat' dir='ltr'>tantum,</span> <span class='ocrx_word' id='word_1_58' title='bbox 770 811 826 875; x_wconf 87' lang='lat' dir='ltr'>sed</span> <span class='ocrx_word' id='word_1_59' title='bbox 857 811 956 874; x_wconf 92' lang='lat' dir='ltr'>etiam</span> <span class='ocrx_word' id='word_1_60' title='bbox 986 810 1060 873; x_wconf 87' lang='lat' dir='ltr'>aliis</span> <span class='ocrx_word' id='word_1_61' title='bbox 1086 810 1134 872; x_wconf 91' lang='lat' dir='ltr'>in·</span> <span class='ocrx_word' id='word_1_62' title='bbox 1185 807 1241 872; x_wconf 89' lang='lat' dir='ltr'>sed</span> <span class='ocrx_word' id='word_1_63' title='bbox 1263 808 1384 890; x_wconf 83' lang='lat' dir='ltr'>requiri</span> <span class='ocrx_word' id='word_1_64' title='bbox 1407 809 1568 891; x_wconf 92' lang='lat' dir='ltr'>spiritum.</span> <span class='ocrx_word' id='word_1_65' title='bbox 1613 809 1739 873; x_wconf 91' lang='lat' dir='ltr'>Paulus</span> <span class='ocrx_word' id='word_1_66' title='bbox 1769 810 1856 873; x_wconf 93' lang='lat' dir='ltr'>enim</span> <span class='ocrx_word' id='word_1_67' title='bbox 1886 808 1939 873; x_wconf 89' lang='lat' dir='ltr'>his</span> <span class='ocrx_word' id='word_1_68' title='bbox 1968 810 2078 876; x_wconf 88' lang='lat' dir='ltr'>verbis</span> <span class='ocrx_word' id='word_1_69' title='bbox 2107 812 2159 876; x_wconf 92' lang='lat' dir='ltr'>in·</span> 
     </span>
     <span class='ocr_line' id='line_1_6' title="bbox 161 892 2161 976; baseline 0 -15"><span class='ocrx_word' id='word_1_70' title='bbox 161 898 355 962; x_wconf 88' lang='lat' dir='ltr'>strumentis</span> <span class='ocrx_word' id='word_1_71' title='bbox 377 896 419 960; x_wconf 90' lang='lat' dir='ltr'>ad</span> <span class='ocrx_word' id='word_1_72' title='bbox 440 895 626 959; x_wconf 90' lang='lat' dir='ltr'>evellendas</span> <span class='ocrx_word' id='word_1_73' title='bbox 648 896 776 976; x_wconf 87' lang='lat' dir='ltr'>spinae,</span> <span class='ocrx_word' id='word_1_74' title='bbox 807 909 840 960; x_wconf 89' lang='lat' dir='ltr'>et</span> <span class='ocrx_word' id='word_1_75' title='bbox 861 894 1056 959; x_wconf 87' lang='lat' dir='ltr'>eradieanda</span> <span class='ocrx_word' id='word_1_76' title='bbox 1077 893 1134 957; x_wconf 92' lang='lat' dir='ltr'>illa</span> <span class='ocrx_word' id='word_1_77' title='bbox 1158 922 1162 943; x_wconf 61' lang='grc' dir='ltr'>ι</span> <span class='ocrx_word' id='word_1_78' title='bbox 1185 892 1311 976; x_wconf 79' lang='lat' dir='ltr'>telligit,</span> <span class='ocrx_word' id='word_1_79' title='bbox 1334 905 1507 958; x_wconf 85' lang='lat' dir='ltr'>externum</span> <span class='ocrx_word' id='word_1_80' title='bbox 1526 895 1656 976; x_wconf 88' lang='lat' dir='ltr'>signum</span> <span class='ocrx_word' id='word_1_81' title='bbox 1674 915 1745 959; x_wconf 87' lang='lat' dir='ltr'>esse</span> <span class='ocrx_word' id='word_1_82' title='bbox 1760 895 1924 970; x_wconf 83' lang='lat' dir='ltr'>frivolum,</span> <span class='ocrx_word' id='word_1_83' title='bbox 1949 895 2011 960; x_wconf 90' lang='lat' dir='ltr'>nisi</span> <span class='ocrx_word' id='word_1_84' title='bbox 2027 897 2161 962; x_wconf 86' lang='lat' dir='ltr'>aeeedat</span> 
     </span>
     <span class='ocr_line' id='line_1_7' title="bbox 162 977 2160 1063; baseline 0.001 -19"><span class='ocrx_word' id='word_1_85' title='bbox 162 984 251 1059; x_wconf 87' lang='lat' dir='ltr'>vitia,</span> <span class='ocrx_word' id='word_1_86' title='bbox 274 1001 357 1063; x_wconf 89' lang='lat' dir='ltr'>quae</span> <span class='ocrx_word' id='word_1_87' title='bbox 379 981 557 1063; x_wconf 83' lang='lat' dir='ltr'>profundas</span> <span class='ocrx_word' id='word_1_88' title='bbox 575 980 699 1045; x_wconf 89' lang='lat' dir='ltr'>radiees</span> <span class='ocrx_word' id='word_1_89' title='bbox 715 990 892 1045; x_wconf 80' lang='lat' dir='ltr'>traxerant.</span> <span class='ocrx_word' id='word_1_90' title='bbox 927 977 1034 1044; x_wconf 83' lang='lat' dir='ltr'>Siouti</span> <span class='ocrx_word' id='word_1_91' title='bbox 1056 997 1133 1061; x_wconf 90' lang='lat' dir='ltr'>ergo</span> <span class='ocrx_word' id='word_1_92' title='bbox 1184 979 1320 1043; x_wconf 90' lang='lat' dir='ltr'>interior</span> <span class='ocrx_word' id='word_1_93' title='bbox 1361 979 1497 1043; x_wconf 88' lang='lat' dir='ltr'>veritas:</span> <span class='ocrx_word' id='word_1_94' title='bbox 1539 999 1615 1043; x_wconf 90' lang='lat' dir='ltr'>nam</span> <span class='ocrx_word' id='word_1_95' title='bbox 1656 978 1792 1044; x_wconf 91' lang='lat' dir='ltr'>literalis</span> <span class='ocrx_word' id='word_1_96' title='bbox 1832 980 2034 1045; x_wconf 90' lang='lat' dir='ltr'>eireumoisio</span> <span class='ocrx_word' id='word_1_97' title='bbox 2072 980 2160 1063; x_wconf 91' lang='lat' dir='ltr'>apud</span> 
     </span>
     <span class='ocr_line' id='line_1_8' title="bbox 161 1063 2160 1149; baseline -0.001 -17"><span class='ocrx_word' id='word_1_98' title='bbox 161 1069 253 1149; x_wconf 88' lang='lat' dir='ltr'>prius</span> <span class='ocrx_word' id='word_1_99' title='bbox 274 1078 448 1131; x_wconf 81' lang='lat' dir='ltr'>monuerat</span> <span class='ocrx_word' id='word_1_100' title='bbox 470 1087 525 1130; x_wconf 91' lang='lat' dir='ltr'>eos</span> <span class='ocrx_word' id='word_1_101' title='bbox 547 1086 678 1147; x_wconf 91' lang='lat' dir='ltr'>operam</span> <span class='ocrx_word' id='word_1_102' title='bbox 703 1065 824 1145; x_wconf 86' lang='lat' dir='ltr'>ludere,</span> <span class='ocrx_word' id='word_1_103' title='bbox 851 1065 913 1129; x_wconf 91' lang='lat' dir='ltr'>nisi</span> <span class='ocrx_word' id='word_1_104' title='bbox 936 1064 1063 1128; x_wconf 89' lang='lat' dir='ltr'>sineere</span> <span class='ocrx_word' id='word_1_105' title='bbox 1086 1065 1132 1128; x_wconf 84' lang='lat' dir='ltr'>af·</span> <span class='ocrx_word' id='word_1_106' title='bbox 1185 1063 1327 1127; x_wconf 88' lang='lat' dir='ltr'>Paulum</span> <span class='ocrx_word' id='word_1_107' title='bbox 1350 1063 1541 1128; x_wconf 85' lang='lat' dir='ltr'>tantundem</span> <span class='ocrx_word' id='word_1_108' title='bbox 1564 1063 1660 1141; x_wconf 88' lang='lat' dir='ltr'>valet,</span> <span class='ocrx_word' id='word_1_109' title='bbox 1691 1074 1786 1146; x_wconf 91' lang='lat' dir='ltr'>atque</span> <span class='ocrx_word' id='word_1_110' title='bbox 1813 1075 1950 1128; x_wconf 87' lang='lat' dir='ltr'>externa</span> <span class='ocrx_word' id='word_1_111' title='bbox 1973 1065 2029 1128; x_wconf 89' lang='lat' dir='ltr'>illa</span> <span class='ocrx_word' id='word_1_112' title='bbox 2050 1084 2160 1131; x_wconf 88' lang='lat' dir='ltr'>eaere-</span> 
     </span>
     <span class='ocr_line' id='line_1_9' title="bbox 161 1146 2161 1232; baseline -0.001 -17"><span class='ocrx_word' id='word_1_113' title='bbox 161 1156 247 1218; x_wconf 87' lang='lat' dir='ltr'>feetu</span> <span class='ocrx_word' id='word_1_114' title='bbox 269 1150 415 1215; x_wconf 87' lang='lat' dir='ltr'>redirent</span> <span class='ocrx_word' id='word_1_115' title='bbox 436 1152 475 1214; x_wconf 89' lang='lat' dir='ltr'>ad</span> <span class='ocrx_word' id='word_1_116' title='bbox 500 1150 624 1231; x_wconf 90' lang='lat' dir='ltr'>Deum,</span> <span class='ocrx_word' id='word_1_117' title='bbox 659 1158 693 1215; x_wconf 90' lang='lat' dir='ltr'>et</span> <span class='ocrx_word' id='word_1_118' title='bbox 714 1151 748 1214; x_wconf 92' lang='lat' dir='ltr'>in</span> <span class='ocrx_word' id='word_1_119' title='bbox 771 1152 842 1232; x_wconf 92' lang='lat' dir='ltr'>ipso</span> <span class='ocrx_word' id='word_1_120' title='bbox 871 1151 1132 1231; x_wconf 86' lang='lat' dir='ltr'>aequieseerent:</span> <span class='ocrx_word' id='word_1_121' title='bbox 1186 1148 1313 1214; x_wconf 90' lang='lat' dir='ltr'>monia:</span> <span class='ocrx_word' id='word_1_122' title='bbox 1336 1148 1610 1230; x_wconf 81' lang='lat' dir='ltr'>quemadmodum</span> <span class='ocrx_word' id='word_1_123' title='bbox 1633 1148 1768 1214; x_wconf 89' lang='lat' dir='ltr'>literalis</span> <span class='ocrx_word' id='word_1_124' title='bbox 1792 1146 1971 1231; x_wconf 79' lang='lat' dir='ltr'>baptismus</span> <span class='ocrx_word' id='word_1_125' title='bbox 1994 1148 2081 1230; x_wconf 91' lang='lat' dir='ltr'>apud</span> <span class='ocrx_word' id='word_1_126' title='bbox 2100 1169 2161 1215; x_wconf 87' lang='lat' dir='ltr'>nos</span> 
     </span>
     <span class='ocr_line' id='line_1_10' title="bbox 161 1231 2160 1318; baseline -0.001 -17"><span class='ocrx_word' id='word_1_127' title='bbox 161 1241 208 1302; x_wconf 91' lang='lat' dir='ltr'>ita</span> <span class='ocrx_word' id='word_1_128' title='bbox 229 1236 283 1301; x_wconf 94' lang='lat' dir='ltr'>hie</span> <span class='ocrx_word' id='word_1_129' title='bbox 316 1235 405 1300; x_wconf 90' lang='lat' dir='ltr'>iubet</span> <span class='ocrx_word' id='word_1_130' title='bbox 438 1239 566 1318; x_wconf 90' lang='lat' dir='ltr'>penitus</span> <span class='ocrx_word' id='word_1_131' title='bbox 599 1237 786 1300; x_wconf 87' lang='lat' dir='ltr'>examinare</span> <span class='ocrx_word' id='word_1_132' title='bbox 818 1237 919 1300; x_wconf 89' lang='lat' dir='ltr'>vitam</span> <span class='ocrx_word' id='word_1_133' title='bbox 950 1255 1058 1310; x_wconf 90' lang='lat' dir='ltr'>suam,</span> <span class='ocrx_word' id='word_1_134' title='bbox 1093 1252 1133 1297; x_wconf 89' lang='lat' dir='ltr'>ne</span> <span class='ocrx_word' id='word_1_135' title='bbox 1186 1233 1293 1298; x_wconf 88' lang='lat' dir='ltr'>voeari</span> <span class='ocrx_word' id='word_1_136' title='bbox 1315 1239 1439 1314; x_wconf 89' lang='lat' dir='ltr'>potest,</span> <span class='ocrx_word' id='word_1_137' title='bbox 1468 1231 1525 1296; x_wconf 91' lang='lat' dir='ltr'>nbi</span> <span class='ocrx_word' id='word_1_138' title='bbox 1547 1234 1639 1297; x_wconf 90' lang='lat' dir='ltr'>nulla</span> <span class='ocrx_word' id='word_1_139' title='bbox 1661 1242 1712 1298; x_wconf 90' lang='lat' dir='ltr'>est</span> <span class='ocrx_word' id='word_1_140' title='bbox 1735 1234 1953 1316; x_wconf 92' lang='lat' dir='ltr'>poenitentia,</span> <span class='ocrx_word' id='word_1_141' title='bbox 1983 1235 2036 1299; x_wconf 90' lang='lat' dir='ltr'>vel</span> <span class='ocrx_word' id='word_1_142' title='bbox 2058 1235 2160 1301; x_wconf 86' lang='lat' dir='ltr'>fides:</span> 
     </span>
     <span class='ocr_line' id='line_1_11' title="bbox 162 1318 2160 1403; baseline -0.001 -15"><span class='ocrx_word' id='word_1_143' title='bbox 162 1323 333 1403; x_wconf 89' lang='lat' dir='ltr'>proiieiant</span> <span class='ocrx_word' id='word_1_144' title='bbox 355 1341 466 1385; x_wconf 91' lang='lat' dir='ltr'>semen</span> <span class='ocrx_word' id='word_1_145' title='bbox 490 1341 603 1384; x_wconf 88' lang='lat' dir='ltr'>suum:</span> <span class='ocrx_word' id='word_1_146' title='bbox 638 1318 910 1402; x_wconf 89' lang='lat' dir='ltr'>quemadmodum</span> <span class='ocrx_word' id='word_1_147' title='bbox 933 1318 1134 1383; x_wconf 87' lang='lat' dir='ltr'>deInnetorie</span> <span class='ocrx_word' id='word_1_148' title='bbox 1186 1319 1320 1400; x_wconf 86' lang='lat' dir='ltr'>spiritus</span> <span class='ocrx_word' id='word_1_149' title='bbox 1342 1329 1462 1394; x_wconf 89' lang='lat' dir='ltr'>autem,</span> <span class='ocrx_word' id='word_1_150' title='bbox 1488 1318 1539 1382; x_wconf 87' lang='lat' dir='ltr'>vel</span> <span class='ocrx_word' id='word_1_151' title='bbox 1561 1318 1741 1400; x_wconf 85' lang='lat' dir='ltr'>spiritualis</span> <span class='ocrx_word' id='word_1_152' title='bbox 1763 1319 1965 1383; x_wconf 86' lang='lat' dir='ltr'>oireumeisio</span> <span class='ocrx_word' id='word_1_153' title='bbox 1987 1330 2039 1384; x_wconf 87' lang='lat' dir='ltr'>eet</span> <span class='ocrx_word' id='word_1_154' title='bbox 2061 1318 2160 1386; x_wconf 89' lang='lat' dir='ltr'>abne·</span> 
     </span>
     <span class='ocr_line' id='line_1_12' title="bbox 162 1402 2161 1490; baseline -0.001 -19"><span class='ocrx_word' id='word_1_155' title='bbox 162 1407 353 1490; x_wconf 87' lang='lat' dir='ltr'>hypoeritae</span> <span class='ocrx_word' id='word_1_156' title='bbox 375 1417 558 1489; x_wconf 88' lang='lat' dir='ltr'>agnosennt</span> <span class='ocrx_word' id='word_1_157' title='bbox 580 1426 639 1470; x_wconf 91' lang='lat' dir='ltr'>sua</span> <span class='ocrx_word' id='word_1_158' title='bbox 662 1405 755 1470; x_wconf 87' lang='lat' dir='ltr'>mala.</span> <span class='ocrx_word' id='word_1_159' title='bbox 801 1404 897 1470; x_wconf 90' lang='lat' dir='ltr'>Iubet</span> <span class='ocrx_word' id='word_1_160' title='bbox 919 1405 1020 1486; x_wconf 88' lang='lat' dir='ltr'>igitur</span> <span class='ocrx_word' id='word_1_161' title='bbox 1042 1404 1132 1485; x_wconf 91' lang='lat' dir='ltr'>peni·</span> <span class='ocrx_word' id='word_1_162' title='bbox 1186 1405 1274 1486; x_wconf 89' lang='lat' dir='ltr'>gatio</span> <span class='ocrx_word' id='word_1_163' title='bbox 1297 1403 1363 1477; x_wconf 91' lang='lat' dir='ltr'>sui,</span> <span class='ocrx_word' id='word_1_164' title='bbox 1392 1403 1577 1479; x_wconf 88' lang='lat' dir='ltr'>renovatio,</span> <span class='ocrx_word' id='word_1_165' title='bbox 1608 1402 1747 1486; x_wconf 89' lang='lat' dir='ltr'>denique</span> <span class='ocrx_word' id='word_1_166' title='bbox 1770 1424 1848 1467; x_wconf 88' lang='lat' dir='ltr'>vera</span> <span class='ocrx_word' id='word_1_167' title='bbox 1878 1403 1919 1468; x_wconf 92' lang='lat' dir='ltr'>ad</span> <span class='ocrx_word' id='word_1_168' title='bbox 1942 1402 2053 1468; x_wconf 91' lang='lat' dir='ltr'>Deum</span> <span class='ocrx_word' id='word_1_169' title='bbox 2082 1425 2161 1470; x_wconf 91' lang='lat' dir='ltr'>eon·</span> 
     </span>
     <span class='ocr_line' id='line_1_13' title="bbox 161 1487 2158 1572; baseline 0.001 -18"><span class='ocrx_word' id='word_1_170' title='bbox 161 1504 215 1555; x_wconf 90' lang='lat' dir='ltr'>tus</span> <span class='ocrx_word' id='word_1_171' title='bbox 237 1499 388 1556; x_wconf 88' lang='lat' dir='ltr'>exeutere</span> <span class='ocrx_word' id='word_1_172' title='bbox 411 1491 510 1567; x_wconf 90' lang='lat' dir='ltr'>vitia,</span> <span class='ocrx_word' id='word_1_173' title='bbox 543 1510 626 1572; x_wconf 89' lang='lat' dir='ltr'>quae</span> <span class='ocrx_word' id='word_1_174' title='bbox 656 1491 773 1568; x_wconf 90' lang='lat' dir='ltr'>latent,</span> <span class='ocrx_word' id='word_1_175' title='bbox 807 1487 1083 1571; x_wconf 89' lang='lat' dir='ltr'>quemadmodum</span> <span class='ocrx_word' id='word_1_176' title='bbox 1105 1487 1133 1552; x_wconf 88' lang='lat' dir='ltr'>si</span> <span class='ocrx_word' id='word_1_177' title='bbox 1186 1489 1310 1564; x_wconf 91' lang='lat' dir='ltr'>versio,</span> <span class='ocrx_word' id='word_1_178' title='bbox 1342 1487 1382 1551; x_wconf 89' lang='lat' dir='ltr'>de</span> <span class='ocrx_word' id='word_1_179' title='bbox 1410 1508 1475 1569; x_wconf 93' lang='lat' dir='ltr'>qna</span> <span class='ocrx_word' id='word_1_180' title='bbox 1503 1487 1557 1553; x_wconf 93' lang='lat' dir='ltr'>hio</span> <span class='ocrx_word' id='word_1_181' title='bbox 1586 1489 1748 1571; x_wconf 90' lang='lat' dir='ltr'>propheta</span> <span class='ocrx_word' id='word_1_182' title='bbox 1777 1490 1997 1552; x_wconf 89' lang='lat' dir='ltr'>eoneionatur.</span> <span class='ocrx_word' id='word_1_183' title='bbox 2043 1488 2158 1572; x_wconf 91' lang='lat' dir='ltr'>Neque</span> 
     </span>
     <span class='ocr_line' id='line_1_14' title="bbox 161 1572 2161 1659; baseline 0 -19"><span class='ocrx_word' id='word_1_184' title='bbox 161 1577 339 1641; x_wconf 80' lang='lat' dir='ltr'>evellerent</span> <span class='ocrx_word' id='word_1_185' title='bbox 360 1577 470 1658; x_wconf 91' lang='lat' dir='ltr'>spinas</span> <span class='ocrx_word' id='word_1_186' title='bbox 493 1583 525 1638; x_wconf 91' lang='lat' dir='ltr'>et</span> <span class='ocrx_word' id='word_1_187' title='bbox 547 1587 657 1640; x_wconf 89' lang='lat' dir='ltr'>sentes</span> <span class='ocrx_word' id='word_1_188' title='bbox 680 1597 721 1639; x_wconf 88' lang='lat' dir='ltr'>ex</span> <span class='ocrx_word' id='word_1_189' title='bbox 739 1596 826 1659; x_wconf 87' lang='lat' dir='ltr'>agro,</span> <span class='ocrx_word' id='word_1_190' title='bbox 848 1577 904 1658; x_wconf 96' lang='lat' dir='ltr'>qui</span> <span class='ocrx_word' id='word_1_191' title='bbox 921 1573 976 1638; x_wconf 92' lang='lat' dir='ltr'>diu</span> <span class='ocrx_word' id='word_1_192' title='bbox 991 1573 1133 1638; x_wconf 89' lang='lat' dir='ltr'>earuerit</span> <span class='ocrx_word' id='word_1_193' title='bbox 1187 1573 1295 1638; x_wconf 85' lang='lat' dir='ltr'>Moses</span> <span class='ocrx_word' id='word_1_194' title='bbox 1317 1573 1378 1637; x_wconf 92' lang='lat' dir='ltr'>hoe</span> <span class='ocrx_word' id='word_1_195' title='bbox 1399 1581 1561 1638; x_wconf 88' lang='lat' dir='ltr'>taeuerat:</span> <span class='ocrx_word' id='word_1_196' title='bbox 1585 1594 1661 1637; x_wconf 92' lang='lat' dir='ltr'>nam</span> <span class='ocrx_word' id='word_1_197' title='bbox 1685 1573 1809 1640; x_wconf 91' lang='lat' dir='ltr'>deeimo</span> <span class='ocrx_word' id='word_1_198' title='bbox 1831 1572 1938 1654; x_wconf 89' lang='lat' dir='ltr'>eapite</span> <span class='ocrx_word' id='word_1_199' title='bbox 1959 1574 2161 1640; x_wconf 91' lang='lat' dir='ltr'>Deuterono-</span> 
     </span>
     <span class='ocr_line' id='line_1_15' title="bbox 162 1657 2160 1744; baseline 0.001 -20"><span class='ocrx_word' id='word_1_200' title='bbox 162 1660 290 1726; x_wconf 89' lang='lat' dir='ltr'>eultura</span> <span class='ocrx_word' id='word_1_201' title='bbox 312 1670 345 1724; x_wconf 92' lang='lat' dir='ltr'>et</span> <span class='ocrx_word' id='word_1_202' title='bbox 368 1661 486 1726; x_wconf 89' lang='lat' dir='ltr'>labore.</span> <span class='ocrx_word' id='word_1_203' title='bbox 531 1661 602 1724; x_wconf 93' lang='lat' dir='ltr'>Iam</span> <span class='ocrx_word' id='word_1_204' title='bbox 625 1661 782 1742; x_wconf 91' lang='lat' dir='ltr'>sequitur,</span> <span class='ocrx_word' id='word_1_205' title='bbox 1186 1659 1242 1721; x_wconf 94' lang='lat' dir='ltr'>mii</span> <span class='ocrx_word' id='word_1_206' title='bbox 1264 1657 1308 1743; x_wconf 92' lang='lat' dir='ltr'>(v.</span> <span class='ocrx_word' id='word_1_207' title='bbox 1334 1657 1387 1744; x_wconf 90' lang='grc'>16)</span> <span class='ocrx_word' id='word_1_208' title='bbox 1410 1657 1552 1722; x_wconf 78' lang='lat' dir='ltr'>ostendit</span> <span class='ocrx_word' id='word_1_209' title='bbox 1574 1657 1714 1724; x_wconf 91' lang='lat' dir='ltr'>Iudaeos</span> <span class='ocrx_word' id='word_1_210' title='bbox 1735 1659 1833 1742; x_wconf 89' lang='lat' dir='ltr'>longe</span> <span class='ocrx_word' id='word_1_211' title='bbox 1855 1657 1968 1739; x_wconf 92' lang='lat' dir='ltr'>deeipi,</span> <span class='ocrx_word' id='word_1_212' title='bbox 1999 1659 2026 1724; x_wconf 89' lang='lat' dir='ltr'>si</span> <span class='ocrx_word' id='word_1_213' title='bbox 2048 1658 2160 1725; x_wconf 87' lang='lat' dir='ltr'>existi·</span> 
     </span>
     <span class='ocr_line' id='line_1_16' title="bbox 1186 1743 2160 1823; baseline 0.001 -17"><span class='ocrx_word' id='word_1_214' title='bbox 1186 1754 1276 1807; x_wconf 92' lang='lat' dir='ltr'>ment</span> <span class='ocrx_word' id='word_1_215' title='bbox 1297 1743 1368 1808; x_wconf 92' lang='lat' dir='ltr'>Deo</span> <span class='ocrx_word' id='word_1_216' title='bbox 1391 1743 1592 1808; x_wconf 85' lang='lat' dir='ltr'>eatisiaetum</span> <span class='ocrx_word' id='word_1_217' title='bbox 1616 1764 1703 1823; x_wconf 89' lang='lat' dir='ltr'>esse,</span> <span class='ocrx_word' id='word_1_218' title='bbox 1739 1744 1792 1809; x_wconf 94' lang='lat' dir='ltr'>ubi</span> <span class='ocrx_word' id='word_1_219' title='bbox 1819 1745 1853 1807; x_wconf 95' lang='lat' dir='ltr'>in</span> <span class='ocrx_word' id='word_1_220' title='bbox 1876 1762 1975 1807; x_wconf 89' lang='lat' dir='ltr'>earne</span> <span class='ocrx_word' id='word_1_221' title='bbox 1997 1754 2075 1808; x_wconf 89' lang='lat' dir='ltr'>sunt</span> <span class='ocrx_word' id='word_1_222' title='bbox 2096 1744 2160 1808; x_wconf 91' lang='lat' dir='ltr'>eir·</span> 
     </span>
     <span class='ocr_line' id='line_1_17' title="bbox 1185 1826 2160 1911; baseline -0.001 -18"><span class='ocrx_word' id='word_1_223' title='bbox 1185 1828 1338 1893; x_wconf 88' lang='lat' dir='ltr'>eumeisi:</span> <span class='ocrx_word' id='word_1_224' title='bbox 1360 1826 1602 1907; x_wconf 81' lang='lat' dir='ltr'>Oireumeidite,</span> <span class='ocrx_word' id='word_1_225' title='bbox 1624 1829 1739 1911; x_wconf 89' lang='lat' dir='ltr'>inquit,</span> <span class='ocrx_word' id='word_1_226' title='bbox 1762 1829 1860 1893; x_wconf 89' lang='lat' dir='ltr'>eorda</span> <span class='ocrx_word' id='word_1_227' title='bbox 1881 1839 1991 1892; x_wconf 88' lang='lat' dir='ltr'>vestra</span> <span class='ocrx_word' id='word_1_228' title='bbox 2005 1827 2160 1894; x_wconf 89' lang='lat' dir='ltr'>Domino.</span> 
     </span>
     <span class='ocr_line' id='line_1_18' title="bbox 1186 1911 2159 1997; baseline -0.001 -20"><span class='ocrx_word' id='word_1_229' title='bbox 1186 1913 1274 1977; x_wconf 81' lang='lat' dir='ltr'>Alibi</span> <span class='ocrx_word' id='word_1_230' title='bbox 1295 1912 1427 1995; x_wconf 92' lang='lat' dir='ltr'>quidem</span> <span class='ocrx_word' id='word_1_231' title='bbox 1449 1913 1613 1991; x_wconf 90' lang='lat' dir='ltr'>admonet,</span> <span class='ocrx_word' id='word_1_232' title='bbox 1641 1913 1704 1978; x_wconf 91' lang='lat' dir='ltr'>hoe</span> <span class='ocrx_word' id='word_1_233' title='bbox 1726 1934 1858 1995; x_wconf 89' lang='lat' dir='ltr'>prorsus</span> <span class='ocrx_word' id='word_1_234' title='bbox 1881 1932 1952 1977; x_wconf 86' lang='lat' dir='ltr'>esse</span> <span class='ocrx_word' id='word_1_235' title='bbox 1973 1911 2039 1976; x_wconf 94' lang='lat' dir='ltr'>Dei</span> <span class='ocrx_word' id='word_1_236' title='bbox 2061 1931 2159 1997; x_wconf 89' lang='lat' dir='ltr'>opus:</span> 
     </span>
     <span class='ocr_line' id='line_1_19' title="bbox 1185 1996 2159 2079; baseline 0.001 -17"><span class='ocrx_word' id='word_1_237' title='bbox 1185 1997 1242 2062; x_wconf 93' lang='lat' dir='ltr'>sed</span> <span class='ocrx_word' id='word_1_238' title='bbox 1271 1999 1420 2079; x_wconf 85' lang='lat' dir='ltr'>quamvis</span> <span class='ocrx_word' id='word_1_239' title='bbox 1442 1996 1535 2062; x_wconf 89' lang='lat' dir='ltr'>Deus</span> <span class='ocrx_word' id='word_1_240' title='bbox 1562 1997 1660 2063; x_wconf 88' lang='lat' dir='ltr'>eorda</span> <span class='ocrx_word' id='word_1_241' title='bbox 1688 1997 1916 2072; x_wconf 89' lang='lat' dir='ltr'>eireumeidat,</span> <span class='ocrx_word' id='word_1_242' title='bbox 1952 2006 2062 2061; x_wconf 89' lang='lat' dir='ltr'>tamen</span> <span class='ocrx_word' id='word_1_243' title='bbox 2093 2018 2159 2063; x_wconf 93' lang='lat' dir='ltr'>non</span> 
     </span>
     <span class='ocr_line' id='line_1_20' title="bbox 1185 2082 2160 2166; baseline 0.003 -20"><span class='ocrx_word' id='word_1_244' title='bbox 1185 2089 1237 2147; x_wconf 91' lang='lat' dir='ltr'>est</span> <span class='ocrx_word' id='word_1_245' title='bbox 1259 2102 1461 2165; x_wconf 76' lang='lat' dir='ltr'>superruens</span> <span class='ocrx_word' id='word_1_246' title='bbox 1483 2082 1563 2147; x_wconf 91' lang='lat' dir='ltr'>haee</span> <span class='ocrx_word' id='word_1_247' title='bbox 1584 2084 1779 2159; x_wconf 86' lang='lat' dir='ltr'>exhortatio,</span> <span class='ocrx_word' id='word_1_248' title='bbox 1803 2093 1840 2147; x_wconf 94' lang='lat' dir='ltr'>ut</span> <span class='ocrx_word' id='word_1_249' title='bbox 1855 2082 2005 2148; x_wconf 89' lang='lat' dir='ltr'>homines</span> <span class='ocrx_word' id='word_1_250' title='bbox 2021 2102 2056 2147; x_wconf 91' lang='lat' dir='ltr'>se</span> <span class='ocrx_word' id='word_1_251' title='bbox 2072 2082 2160 2166; x_wconf 88' lang='lat' dir='ltr'>ipsos</span> 
     </span>
     <span class='ocr_line' id='line_1_21' title="bbox 1184 2166 2159 2250; baseline 0 -18"><span class='ocrx_word' id='word_1_252' title='bbox 1184 2168 1418 2233; x_wconf 89' lang='lat' dir='ltr'>eireumeidant</span> <span class='ocrx_word' id='word_1_253' title='bbox 1440 2167 1670 2249; x_wconf 86' lang='lat' dir='ltr'>spiritualiter,</span> <span class='ocrx_word' id='word_1_254' title='bbox 1704 2167 1975 2250; x_wconf 85' lang='lat' dir='ltr'>quemadmodum</span> <span class='ocrx_word' id='word_1_255' title='bbox 1998 2168 2096 2231; x_wconf 90' lang='lat' dir='ltr'>etiam</span> <span class='ocrx_word' id='word_1_256' title='bbox 2119 2166 2159 2232; x_wconf 88' lang='lat' dir='ltr'>de</span> 
     </span>
     <span class='ocr_line' id='line_1_22' title="bbox 1185 2250 2159 2336; baseline -0.002 -19"><span class='ocrx_word' id='word_1_257' title='bbox 1185 2253 1344 2334; x_wconf 87' lang='lat' dir='ltr'>baptismo</span> <span class='ocrx_word' id='word_1_258' title='bbox 1374 2260 1483 2336; x_wconf 88' lang='lat' dir='ltr'>potest</span> <span class='ocrx_word' id='word_1_259' title='bbox 1512 2251 1584 2317; x_wconf 92' lang='lat' dir='ltr'>diei.</span> <span class='ocrx_word' id='word_1_260' title='bbox 1635 2254 1719 2318; x_wconf 92' lang='lat' dir='ltr'>Nam</span> <span class='ocrx_word' id='word_1_261' title='bbox 1750 2253 1827 2316; x_wconf 92' lang='lat' dir='ltr'>dum</span> <span class='ocrx_word' id='word_1_262' title='bbox 1856 2251 1980 2316; x_wconf 90' lang='lat' dir='ltr'>Paulus</span> <span class='ocrx_word' id='word_1_263' title='bbox 2008 2250 2159 2317; x_wconf 88' lang='lat' dir='ltr'>hortatur</span> 
     </span>
     <span class='ocr_line' id='line_1_23' title="bbox 1183 2335 2159 2420; baseline -0.002 -18"><span class='ocrx_word' id='word_1_264' title='bbox 1183 2337 1295 2403; x_wconf 86' lang='lat' dir='ltr'>fideles</span> <span class='ocrx_word' id='word_1_265' title='bbox 1318 2335 1359 2400; x_wconf 87' lang='lat' dir='ltr'>ad</span> <span class='ocrx_word' id='word_1_266' title='bbox 1381 2336 1446 2402; x_wconf 89' lang='lat' dir='ltr'>Dei</span> <span class='ocrx_word' id='word_1_267' title='bbox 1469 2338 1620 2404; x_wconf 89' lang='lat' dir='ltr'>timorem</span> <span class='ocrx_word' id='word_1_268' title='bbox 1643 2348 1676 2402; x_wconf 91' lang='lat' dir='ltr'>et</span> <span class='ocrx_word' id='word_1_269' title='bbox 1698 2339 1786 2402; x_wconf 88' lang='lat' dir='ltr'>vitae</span> <span class='ocrx_word' id='word_1_270' title='bbox 1805 2336 2066 2413; x_wconf 87' lang='lat' dir='ltr'>sanetimoniam,</span> <span class='ocrx_word' id='word_1_271' title='bbox 2101 2357 2159 2420; x_wconf 90' lang='lat' dir='ltr'>pe·</span> 
     </span>
    </p>

    <p class='ocr_par' dir='ltr' id='par_1_3' title="bbox 157 2421 2208 5308">
     <span class='ocr_line' id='line_1_24' title="bbox 244 2421 2159 2506; baseline -0.001 -19"><span class='ocrx_word' id='word_1_272' title='bbox 244 2424 310 2489; x_wconf 93' lang='lat' dir='ltr'>Hie</span> <span class='ocrx_word' id='word_1_273' title='bbox 331 2425 452 2490; x_wconf 91' lang='lat' dir='ltr'>elarius</span> <span class='ocrx_word' id='word_1_274' title='bbox 474 2425 630 2506; x_wconf 84' lang='lat' dir='ltr'>exprimit</span> <span class='ocrx_word' id='word_1_275' title='bbox 651 2426 810 2506; x_wconf 90' lang='lat' dir='ltr'>propheta</span> <span class='ocrx_word' id='word_1_276' title='bbox 831 2424 916 2506; x_wconf 92' lang='lat' dir='ltr'>quod</span> <span class='ocrx_word' id='word_1_277' title='bbox 939 2445 1042 2506; x_wconf 88' lang='lat' dir='ltr'>nuper</span> <span class='ocrx_word' id='word_1_278' title='bbox 1064 2446 1131 2489; x_wconf 92' lang='lat' dir='ltr'>me·</span> <span class='ocrx_word' id='word_1_279' title='bbox 1184 2424 1235 2486; x_wconf 92' lang='lat' dir='ltr'>nit</span> <span class='ocrx_word' id='word_1_280' title='bbox 1261 2422 1327 2488; x_wconf 92' lang='lat' dir='ltr'>illie</span> <span class='ocrx_word' id='word_1_281' title='bbox 1357 2423 1563 2504; x_wconf 86' lang='lat' dir='ltr'>baptismum.</span> <span class='ocrx_word' id='word_1_282' title='bbox 1614 2423 1747 2488; x_wconf 86' lang='lat' dir='ltr'>Interea</span> <span class='ocrx_word' id='word_1_283' title='bbox 1775 2432 1900 2489; x_wconf 90' lang='lat' dir='ltr'>eertum</span> <span class='ocrx_word' id='word_1_284' title='bbox 1929 2433 1979 2486; x_wconf 88' lang='lat' dir='ltr'>est</span> <span class='ocrx_word' id='word_1_285' title='bbox 2009 2421 2159 2488; x_wconf 86' lang='lat' dir='ltr'>homines</span> 
     </span>
     <span class='ocr_line' id='line_1_25' title="bbox 160 2505 2159 2592; baseline -0.001 -21"><span class='ocrx_word' id='word_1_286' title='bbox 160 2507 344 2590; x_wconf 88' lang='lat' dir='ltr'>taphoriee,</span> <span class='ocrx_word' id='word_1_287' title='bbox 382 2510 435 2574; x_wconf 90' lang='lat' dir='ltr'>vel</span> <span class='ocrx_word' id='word_1_288' title='bbox 466 2509 525 2574; x_wconf 87' lang='lat' dir='ltr'>sub</span> <span class='ocrx_word' id='word_1_289' title='bbox 553 2509 661 2592; x_wconf 90' lang='lat' dir='ltr'>figura</span> <span class='ocrx_word' id='word_1_290' title='bbox 690 2509 833 2574; x_wconf 87' lang='lat' dir='ltr'>dixerat:</span> <span class='ocrx_word' id='word_1_291' title='bbox 876 2512 1014 2574; x_wconf 88' lang='lat' dir='ltr'>iusserat</span> <span class='ocrx_word' id='word_1_292' title='bbox 1042 2511 1130 2574; x_wconf 91' lang='lat' dir='ltr'>enim</span> <span class='ocrx_word' id='word_1_293' title='bbox 1184 2506 1247 2572; x_wconf 90' lang='lat' dir='ltr'>eibi</span> <span class='ocrx_word' id='word_1_294' title='bbox 1270 2526 1336 2570; x_wconf 94' lang='lat' dir='ltr'>non</span> <span class='ocrx_word' id='word_1_295' title='bbox 1357 2508 1507 2573; x_wconf 84' lang='lat' dir='ltr'>eonforre</span> <span class='ocrx_word' id='word_1_296' title='bbox 1529 2509 1616 2589; x_wconf 93' lang='lat' dir='ltr'>quod</span> <span class='ocrx_word' id='word_1_297' title='bbox 1639 2508 1731 2573; x_wconf 90' lang='lat' dir='ltr'>Deus</span> <span class='ocrx_word' id='word_1_298' title='bbox 1754 2529 1813 2590; x_wconf 93' lang='lat' dir='ltr'>per</span> <span class='ocrx_word' id='word_1_299' title='bbox 1841 2509 1973 2590; x_wconf 87' lang='lat' dir='ltr'>signum</span> <span class='ocrx_word' id='word_1_300' title='bbox 2005 2505 2159 2589; x_wconf 86' lang='lat' dir='ltr'>baptismi</span> 
     </span>
     <span class='ocr_line' id='line_1_26' title="bbox 159 2591 2159 2675; baseline -0.002 -18"><span class='ocrx_word' id='word_1_301' title='bbox 159 2595 245 2675; x_wconf 90' lang='lat' dir='ltr'>ipsos</span> <span class='ocrx_word' id='word_1_302' title='bbox 268 2596 434 2659; x_wconf 79' lang='lat' dir='ltr'>eradicare</span> <span class='ocrx_word' id='word_1_303' title='bbox 456 2597 553 2668; x_wconf 91' lang='lat' dir='ltr'>vitia,</span> <span class='ocrx_word' id='word_1_304' title='bbox 584 2595 858 2675; x_wconf 89' lang='lat' dir='ltr'>quemadmodum</span> <span class='ocrx_word' id='word_1_305' title='bbox 887 2595 959 2657; x_wconf 89' lang='lat' dir='ltr'>fieri</span> <span class='ocrx_word' id='word_1_306' title='bbox 989 2594 1071 2658; x_wconf 92' lang='lat' dir='ltr'>solet</span> <span class='ocrx_word' id='word_1_307' title='bbox 1096 2596 1130 2658; x_wconf 93' lang='lat' dir='ltr'>in</span> <span class='ocrx_word' id='word_1_308' title='bbox 1182 2593 1320 2675; x_wconf 88' lang='lat' dir='ltr'>figurat:</span> <span class='ocrx_word' id='word_1_309' title='bbox 1343 2592 1400 2657; x_wconf 90' lang='lat' dir='ltr'>sed</span> <span class='ocrx_word' id='word_1_310' title='bbox 1422 2591 1573 2657; x_wconf 90' lang='lat' dir='ltr'>admonet</span> <span class='ocrx_word' id='word_1_311' title='bbox 1588 2591 1763 2674; x_wconf 90' lang='lat' dir='ltr'>petendam</span> <span class='ocrx_word' id='word_1_312' title='bbox 1779 2613 1850 2657; x_wconf 89' lang='lat' dir='ltr'>esse</span> <span class='ocrx_word' id='word_1_313' title='bbox 1864 2591 2006 2674; x_wconf 89' lang='lat' dir='ltr'>gratiam</span> <span class='ocrx_word' id='word_1_314' title='bbox 2025 2591 2159 2673; x_wconf 84' lang='lat' dir='ltr'>spiritus</span> 
     </span>
     <span class='ocr_line' id='line_1_27' title="bbox 161 2675 2158 2760; baseline -0.001 -20"><span class='ocrx_word' id='word_1_315' title='bbox 161 2676 349 2753; x_wconf 87' lang='lat' dir='ltr'>novalibus,</span> <span class='ocrx_word' id='word_1_316' title='bbox 382 2700 469 2742; x_wconf 91' lang='lat' dir='ltr'>nune</span> <span class='ocrx_word' id='word_1_317' title='bbox 492 2692 616 2742; x_wconf 91' lang='lat' dir='ltr'>remota</span> <span class='ocrx_word' id='word_1_318' title='bbox 646 2680 752 2760; x_wconf 86' lang='lat' dir='ltr'>figura</span> <span class='ocrx_word' id='word_1_319' title='bbox 782 2679 868 2741; x_wconf 86' lang='lat' dir='ltr'>alere</span> <span class='ocrx_word' id='word_1_320' title='bbox 897 2679 961 2742; x_wconf 88' lang='lat' dir='ltr'>illis</span> <span class='ocrx_word' id='word_1_321' title='bbox 991 2676 1132 2742; x_wconf 87' lang='lat' dir='ltr'>ostendit</span> <span class='ocrx_word' id='word_1_322' title='bbox 1184 2678 1313 2752; x_wconf 89' lang='lat' dir='ltr'>aDao,</span> <span class='ocrx_word' id='word_1_323' title='bbox 1347 2698 1389 2740; x_wconf 90' lang='lat' dir='ltr'>ne</span> <span class='ocrx_word' id='word_1_324' title='bbox 1410 2676 1533 2740; x_wconf 88' lang='lat' dir='ltr'>frustra</span> <span class='ocrx_word' id='word_1_325' title='bbox 1555 2678 1704 2760; x_wconf 89' lang='lat' dir='ltr'>insigniti</span> <span class='ocrx_word' id='word_1_326' title='bbox 1726 2679 1795 2741; x_wconf 88' lang='lat' dir='ltr'>sint</span> <span class='ocrx_word' id='word_1_327' title='bbox 1816 2690 1953 2740; x_wconf 90' lang='lat' dir='ltr'>externo</span> <span class='ocrx_word' id='word_1_328' title='bbox 1984 2675 2158 2756; x_wconf 87' lang='lat' dir='ltr'>baptismo:</span> 
     </span>
     <span class='ocr_line' id='line_1_28' title="bbox 159 2761 2160 2846; baseline 0 -21"><span class='ocrx_word' id='word_1_329' title='bbox 159 2762 236 2842; x_wconf 93' lang='lat' dir='ltr'>quid</span> <span class='ocrx_word' id='word_1_330' title='bbox 259 2764 302 2827; x_wconf 89' lang='lat' dir='ltr'>sit</span> <span class='ocrx_word' id='word_1_331' title='bbox 324 2763 497 2845; x_wconf 91' lang='lat' dir='ltr'>agendum,</span> <span class='ocrx_word' id='word_1_332' title='bbox 521 2780 705 2845; x_wconf 86' lang='lat' dir='ltr'>quanquam</span> <span class='ocrx_word' id='word_1_333' title='bbox 725 2784 790 2827; x_wconf 90' lang='lat' dir='ltr'>nen</span> <span class='ocrx_word' id='word_1_334' title='bbox 807 2773 896 2827; x_wconf 89' lang='lat' dir='ltr'>earet</span> <span class='ocrx_word' id='word_1_335' title='bbox 911 2764 1009 2826; x_wconf 90' lang='lat' dir='ltr'>etiam</span> <span class='ocrx_word' id='word_1_336' title='bbox 1024 2765 1132 2846; x_wconf 89' lang='lat' dir='ltr'>figura</span> <span class='ocrx_word' id='word_1_337' title='bbox 1184 2764 1309 2826; x_wconf 92' lang='lat' dir='ltr'>interea</span> <span class='ocrx_word' id='word_1_338' title='bbox 1331 2769 1464 2825; x_wconf 90' lang='lat' dir='ltr'>eareant</span> <span class='ocrx_word' id='word_1_339' title='bbox 1484 2763 1556 2844; x_wconf 89' lang='lat' dir='ltr'>ipsa</span> <span class='ocrx_word' id='word_1_340' title='bbox 1578 2763 1724 2827; x_wconf 90' lang='lat' dir='ltr'>veritate.</span> <span class='ocrx_word' id='word_1_341' title='bbox 1763 2761 1853 2844; x_wconf 81' lang='lat' dir='ltr'>Ergo</span> <span class='ocrx_word' id='word_1_342' title='bbox 1875 2781 1974 2841; x_wconf 90' lang='lat' dir='ltr'>quum</span> <span class='ocrx_word' id='word_1_343' title='bbox 1999 2761 2160 2842; x_wconf 84' lang='lat' dir='ltr'>propheta</span> 
     </span>
     <span class='ocr_line' id='line_1_29' title="bbox 160 2844 2160 2928; baseline 0.001 -18"><span class='ocrx_word' id='word_1_344' title='bbox 160 2848 222 2912; x_wconf 92' lang='lat' dir='ltr'>hoo</span> <span class='ocrx_word' id='word_1_345' title='bbox 243 2848 435 2912; x_wconf 90' lang='lat' dir='ltr'>membrum.</span> <span class='ocrx_word' id='word_1_346' title='bbox 472 2846 537 2912; x_wconf 87' lang='lat' dir='ltr'>Sed</span> <span class='ocrx_word' id='word_1_347' title='bbox 560 2858 692 2913; x_wconf 89' lang='lat' dir='ltr'>revooat</span> <span class='ocrx_word' id='word_1_348' title='bbox 713 2868 769 2911; x_wconf 88' lang='lat' dir='ltr'>eus</span> <span class='ocrx_word' id='word_1_349' title='bbox 787 2847 828 2911; x_wconf 92' lang='lat' dir='ltr'>ad</span> <span class='ocrx_word' id='word_1_350' title='bbox 843 2848 1132 2926; x_wconf 87' lang='lat' dir='ltr'>eireumeisionem,</span> <span class='ocrx_word' id='word_1_351' title='bbox 1184 2845 1275 2912; x_wconf 91' lang='lat' dir='ltr'>iubet</span> <span class='ocrx_word' id='word_1_352' title='bbox 1296 2846 1462 2912; x_wconf 65' lang='lat' dir='ltr'>Isauras</span> <span class='ocrx_word' id='word_1_353' title='bbox 1476 2847 1604 2928; x_wconf 79' lang='lat' dir='ltr'>auferre</span> <span class='ocrx_word' id='word_1_354' title='bbox 1619 2847 1793 2928; x_wconf 77' lang='lat' dir='ltr'>praeputia</span> <span class='ocrx_word' id='word_1_355' title='bbox 1814 2846 1918 2912; x_wconf 77' lang='lat' dir='ltr'>eerdiv</span> <span class='ocrx_word' id='word_1_356' title='bbox 1938 2845 2000 2922; x_wconf 83' lang='lat' dir='ltr'>sai,</span> <span class='ocrx_word' id='word_1_357' title='bbox 2024 2844 2160 2927; x_wconf 87' lang='lat' dir='ltr'>perinde</span> 
     </span>
     <span class='ocr_line' id='line_1_30' title="bbox 159 2930 2160 3015; baseline 0 -19"><span class='ocrx_word' id='word_1_358' title='bbox 159 2951 243 3013; x_wconf 89' lang='lat' dir='ltr'>quae</span> <span class='ocrx_word' id='word_1_359' title='bbox 276 2932 462 3015; x_wconf 87' lang='lat' dir='ltr'>symbolum</span> <span class='ocrx_word' id='word_1_360' title='bbox 496 2941 567 2996; x_wconf 91' lang='lat' dir='ltr'>erat</span> <span class='ocrx_word' id='word_1_361' title='bbox 598 2933 837 2997; x_wconf 81' lang='lat' dir='ltr'>renovationis:</span> <span class='ocrx_word' id='word_1_362' title='bbox 883 2934 977 3014; x_wconf 86' lang='lat' dir='ltr'>quasi</span> <span class='ocrx_word' id='word_1_363' title='bbox 1010 2932 1133 2997; x_wconf 86' lang='lat' dir='ltr'>diaeret</span> <span class='ocrx_word' id='word_1_364' title='bbox 1185 2941 1235 2997; x_wconf 92' lang='lat' dir='ltr'>est</span> <span class='ocrx_word' id='word_1_365' title='bbox 1257 2953 1295 2996; x_wconf 87' lang='lat' dir='ltr'>ae</span> <span class='ocrx_word' id='word_1_366' title='bbox 1318 2933 1346 2996; x_wconf 91' lang='lat' dir='ltr'>si</span> <span class='ocrx_word' id='word_1_367' title='bbox 1369 2930 1507 3010; x_wconf 89' lang='lat' dir='ltr'>dieerat,</span> <span class='ocrx_word' id='word_1_368' title='bbox 1536 2936 1623 3015; x_wconf 89' lang='lat' dir='ltr'>ipsos</span> <span class='ocrx_word' id='word_1_369' title='bbox 1654 2931 1786 3014; x_wconf 89' lang='lat' dir='ltr'>quidem</span> <span class='ocrx_word' id='word_1_370' title='bbox 1814 2932 1894 2997; x_wconf 88' lang='lat' dir='ltr'>satis</span> <span class='ocrx_word' id='word_1_371' title='bbox 1916 2951 1987 2995; x_wconf 89' lang='lat' dir='ltr'>esse</span> <span class='ocrx_word' id='word_1_372' title='bbox 2010 2930 2160 2997; x_wconf 85' lang='lat' dir='ltr'>liberales</span> 
     </span>
     <span class='ocr_line' id='line_1_31' title="bbox 159 3015 2160 3099; baseline 0 -18"><span class='ocrx_word' id='word_1_373' title='bbox 159 3018 239 3081; x_wconf 92' lang='lat' dir='ltr'>satis</span> <span class='ocrx_word' id='word_1_374' title='bbox 270 3017 358 3099; x_wconf 89' lang='lat' dir='ltr'>ipsos</span> <span class='ocrx_word' id='word_1_375' title='bbox 393 3030 521 3099; x_wconf 88' lang='lat' dir='ltr'>tenere,</span> <span class='ocrx_word' id='word_1_376' title='bbox 562 3018 625 3081; x_wconf 93' lang='lat' dir='ltr'>nisi</span> <span class='ocrx_word' id='word_1_377' title='bbox 658 3038 792 3099; x_wconf 90' lang='lat' dir='ltr'>prorsus</span> <span class='ocrx_word' id='word_1_378' title='bbox 825 3028 935 3081; x_wconf 88' lang='lat' dir='ltr'>essent</span> <span class='ocrx_word' id='word_1_379' title='bbox 967 3017 1132 3095; x_wconf 90' lang='lat' dir='ltr'>indoeiles,</span> <span class='ocrx_word' id='word_1_380' title='bbox 1185 3018 1218 3080; x_wconf 93' lang='lat' dir='ltr'>in</span> <span class='ocrx_word' id='word_1_381' title='bbox 1242 3017 1466 3094; x_wconf 89' lang='lat' dir='ltr'>eaeremoniis,</span> <span class='ocrx_word' id='word_1_382' title='bbox 1496 3027 1530 3082; x_wconf 90' lang='lat' dir='ltr'>et</span> <span class='ocrx_word' id='word_1_383' title='bbox 1551 3026 1689 3082; x_wconf 91' lang='lat' dir='ltr'>externo</span> <span class='ocrx_word' id='word_1_384' title='bbox 1711 3017 1813 3094; x_wconf 92' lang='lat' dir='ltr'>eultu,</span> <span class='ocrx_word' id='word_1_385' title='bbox 1836 3015 1893 3083; x_wconf 89' lang='lat' dir='ltr'>sed</span> <span class='ocrx_word' id='word_1_386' title='bbox 1917 3015 1977 3080; x_wconf 91' lang='lat' dir='ltr'>has</span> <span class='ocrx_word' id='word_1_387' title='bbox 1999 3035 2069 3080; x_wconf 88' lang='lat' dir='ltr'>esse</span> <span class='ocrx_word' id='word_1_388' title='bbox 2090 3015 2160 3082; x_wconf 82' lang='lat' dir='ltr'>ina·</span> 
     </span>
     <span class='ocr_line' id='line_1_32' title="bbox 159 3100 2158 3185; baseline 0.001 -19"><span class='ocrx_word' id='word_1_389' title='bbox 159 3103 320 3183; x_wconf 89' lang='lat' dir='ltr'>quomodo</span> <span class='ocrx_word' id='word_1_390' title='bbox 355 3124 452 3185; x_wconf 90' lang='lat' dir='ltr'>agere</span> <span class='ocrx_word' id='word_1_391' title='bbox 485 3101 632 3167; x_wconf 91' lang='lat' dir='ltr'>debeant.</span> <span class='ocrx_word' id='word_1_392' title='bbox 676 3100 843 3182; x_wconf 82' lang='lat' dir='ltr'>Quorsum</span> <span class='ocrx_word' id='word_1_393' title='bbox 876 3102 980 3183; x_wconf 91' lang='lat' dir='ltr'>enim,</span> <span class='ocrx_word' id='word_1_394' title='bbox 1015 3103 1131 3184; x_wconf 93' lang='lat' dir='ltr'>inquit,</span> <span class='ocrx_word' id='word_1_395' title='bbox 1184 3123 1243 3167; x_wconf 89' lang='lat' dir='ltr'>nas</span> <span class='ocrx_word' id='word_1_396' title='bbox 1265 3101 1391 3178; x_wconf 89' lang='lat' dir='ltr'>larvas,</span> <span class='ocrx_word' id='word_1_397' title='bbox 1426 3101 1489 3166; x_wconf 89' lang='lat' dir='ltr'>nisi</span> <span class='ocrx_word' id='word_1_398' title='bbox 1516 3101 1689 3184; x_wconf 87' lang='lat' dir='ltr'>praeeedat</span> <span class='ocrx_word' id='word_1_399' title='bbox 1716 3102 1854 3166; x_wconf 88' lang='lat' dir='ltr'>interior</span> <span class='ocrx_word' id='word_1_400' title='bbox 1883 3100 1990 3166; x_wconf 90' lang='lat' dir='ltr'>eordis</span> <span class='ocrx_word' id='word_1_401' title='bbox 2012 3100 2158 3167; x_wconf 84' lang='lat' dir='ltr'>effeetus.</span> 
     </span>
     <span class='ocr_line' id='line_1_33' title="bbox 162 3184 2159 3269; baseline 0.001 -19"><span class='ocrx_word' id='word_1_402' title='bbox 162 3186 255 3252; x_wconf 87' lang='lat' dir='ltr'>vobis</span> <span class='ocrx_word' id='word_1_403' title='bbox 278 3197 453 3268; x_wconf 88' lang='lat' dir='ltr'>praeeepta</span> <span class='ocrx_word' id='word_1_404' title='bbox 475 3198 525 3251; x_wconf 92' lang='lat' dir='ltr'>est</span> <span class='ocrx_word' id='word_1_405' title='bbox 546 3186 769 3252; x_wconf 84' lang='lat' dir='ltr'>eireumeisio‘l</span> <span class='ocrx_word' id='word_1_406' title='bbox 803 3208 844 3251; x_wconf 92' lang='lat' dir='ltr'>an</span> <span class='ocrx_word' id='word_1_407' title='bbox 868 3207 934 3251; x_wconf 92' lang='lat' dir='ltr'>non</span> <span class='ocrx_word' id='word_1_408' title='bbox 955 3187 1047 3252; x_wconf 91' lang='lat' dir='ltr'>Dens</span> <span class='ocrx_word' id='word_1_409' title='bbox 1071 3188 1132 3253; x_wconf 94' lang='lat' dir='ltr'>hoe</span> <span class='ocrx_word' id='word_1_410' title='bbox 1185 3188 1229 3251; x_wconf 83' lang='lat' dir='ltr'>Et</span> <span class='ocrx_word' id='word_1_411' title='bbox 1250 3187 1427 3269; x_wconf 83' lang='lat' dir='ltr'>alloquitur</span> <span class='ocrx_word' id='word_1_412' title='bbox 1442 3184 1590 3262; x_wconf 90' lang='lat' dir='ltr'>Iudaeos,</span> <span class='ocrx_word' id='word_1_413' title='bbox 1613 3196 1713 3269; x_wconf 89' lang='lat' dir='ltr'>atque</span> <span class='ocrx_word' id='word_1_414' title='bbox 1729 3188 1851 3252; x_wconf 91' lang='lat' dir='ltr'>ineolas</span> <span class='ocrx_word' id='word_1_415' title='bbox 1866 3185 2056 3263; x_wconf 89' lang='lat' dir='ltr'>Ierusalem,</span> <span class='ocrx_word' id='word_1_416' title='bbox 2080 3205 2159 3267; x_wconf 90' lang='lat' dir='ltr'>quo·</span> 
     </span>
     <span class='ocr_line' id='line_1_34' title="bbox 160 3271 2208 3356; baseline -0.001 -19"><span class='ocrx_word' id='word_1_417' title='bbox 160 3271 306 3356; x_wconf 83' lang='lat' dir='ltr'>symbolo</span> <span class='ocrx_word' id='word_1_418' title='bbox 340 3271 483 3337; x_wconf 77' lang='lat' dir='ltr'>ostendit</span> <span class='ocrx_word' id='word_1_419' title='bbox 516 3273 691 3351; x_wconf 88' lang='lat' dir='ltr'>heminam,</span> <span class='ocrx_word' id='word_1_420' title='bbox 724 3273 753 3336; x_wconf 90' lang='lat' dir='ltr'>si</span> <span class='ocrx_word' id='word_1_421' title='bbox 785 3281 873 3337; x_wconf 90' lang='lat' dir='ltr'>reete</span> <span class='ocrx_word' id='word_1_422' title='bbox 908 3271 950 3335; x_wconf 93' lang='lat' dir='ltr'>ad</span> <span class='ocrx_word' id='word_1_423' title='bbox 978 3272 1130 3353; x_wconf 88' lang='lat' dir='ltr'>pietatem</span> <span class='ocrx_word' id='word_1_424' title='bbox 1184 3272 1272 3334; x_wconf 93' lang='lat' dir='ltr'>niam</span> <span class='ocrx_word' id='word_1_425' title='bbox 1296 3273 1456 3353; x_wconf 88' lang='lat' dir='ltr'>putabant</span> <span class='ocrx_word' id='word_1_426' title='bbox 1478 3292 1513 3336; x_wconf 90' lang='lat' dir='ltr'>se</span> <span class='ocrx_word' id='word_1_427' title='bbox 1534 3272 1695 3338; x_wconf 89' lang='lat' dir='ltr'>exeellere</span> <span class='ocrx_word' id='word_1_428' title='bbox 1710 3292 1810 3354; x_wconf 89' lang='lat' dir='ltr'>supra</span> <span class='ocrx_word' id='word_1_429' title='bbox 1827 3271 2002 3344; x_wconf 76' lang='lat' dir='ltr'>Israeliten,</span> <span class='ocrx_word' id='word_1_430' title='bbox 2024 3271 2064 3334; x_wconf 95' lang='lat' dir='ltr'>de</span> <span class='ocrx_word' id='word_1_431' title='bbox 2086 3271 2160 3353; x_wconf 92' lang='lat' dir='ltr'>qui·</span> <span class='ocrx_word' id='word_1_432' title='bbox 2204 3289 2208 3296; x_wconf 88' lang='lat'>·</span> 
     </span>
     <span class='ocr_line' id='line_1_35' title="bbox 160 3352 2160 3439; baseline -0.001 -17"><span class='ocrx_word' id='word_1_433' title='bbox 160 3357 290 3439; x_wconf 88' lang='lat' dir='ltr'>aspiret,</span> <span class='ocrx_word' id='word_1_434' title='bbox 314 3356 430 3423; x_wconf 92' lang='lat' dir='ltr'>debere</span> <span class='ocrx_word' id='word_1_435' title='bbox 453 3357 528 3421; x_wconf 92' lang='lat' dir='ltr'>hine</span> <span class='ocrx_word' id='word_1_436' title='bbox 552 3359 656 3422; x_wconf 78' lang='lat' dir='ltr'>faeere</span> <span class='ocrx_word' id='word_1_437' title='bbox 678 3357 820 3435; x_wconf 91' lang='lat' dir='ltr'>initium,</span> <span class='ocrx_word' id='word_1_438' title='bbox 841 3367 879 3420; x_wconf 90' lang='lat' dir='ltr'>ut</span> <span class='ocrx_word' id='word_1_439' title='bbox 900 3367 1000 3421; x_wconf 88' lang='lat' dir='ltr'>exuat</span> <span class='ocrx_word' id='word_1_440' title='bbox 1018 3378 1131 3421; x_wconf 87' lang='lat' dir='ltr'>omnes</span> <span class='ocrx_word' id='word_1_441' title='bbox 1184 3356 1245 3421; x_wconf 94' lang='lat' dir='ltr'>bus</span> <span class='ocrx_word' id='word_1_442' title='bbox 1267 3358 1332 3421; x_wconf 92' lang='lat' dir='ltr'>iam</span> <span class='ocrx_word' id='word_1_443' title='bbox 1354 3376 1487 3437; x_wconf 83' lang='lat' dir='ltr'>gravam</span> <span class='ocrx_word' id='word_1_444' title='bbox 1507 3357 1682 3422; x_wconf 88' lang='lat' dir='ltr'>vindietem</span> <span class='ocrx_word' id='word_1_445' title='bbox 1703 3363 1889 3439; x_wconf 87' lang='lat' dir='ltr'>sumpserat</span> <span class='ocrx_word' id='word_1_446' title='bbox 1906 3355 2007 3419; x_wconf 87' lang='lat' dir='ltr'>Deus.</span> <span class='ocrx_word' id='word_1_447' title='bbox 2041 3352 2160 3420; x_wconf 85' lang='lat' dir='ltr'>Osten-</span> 
     </span>
     <span class='ocr_line' id='line_1_36' title="bbox 159 3439 2160 3524; baseline -0.001 -18"><span class='ocrx_word' id='word_1_448' title='bbox 159 3444 266 3506; x_wconf 88' lang='lat' dir='ltr'>earnis</span> <span class='ocrx_word' id='word_1_449' title='bbox 288 3462 367 3506; x_wconf 87' lang='lat' dir='ltr'>suae</span> <span class='ocrx_word' id='word_1_450' title='bbox 394 3440 553 3508; x_wconf 84' lang='lat' dir='ltr'>effeetus?</span> <span class='ocrx_word' id='word_1_451' title='bbox 588 3462 623 3506; x_wconf 89' lang='lat' dir='ltr'>se</span> <span class='ocrx_word' id='word_1_452' title='bbox 651 3443 758 3523; x_wconf 90' lang='lat' dir='ltr'>ipsum</span> <span class='ocrx_word' id='word_1_453' title='bbox 788 3442 944 3524; x_wconf 84' lang='lat' dir='ltr'>abneget,</span> <span class='ocrx_word' id='word_1_454' title='bbox 978 3455 1010 3506; x_wconf 88' lang='lat' dir='ltr'>et</span> <span class='ocrx_word' id='word_1_455' title='bbox 1039 3443 1131 3524; x_wconf 92' lang='lat' dir='ltr'>quasi</span> <span class='ocrx_word' id='word_1_456' title='bbox 1184 3440 1231 3504; x_wconf 92' lang='lat' dir='ltr'>dit</span> <span class='ocrx_word' id='word_1_457' title='bbox 1257 3442 1359 3524; x_wconf 88' lang='lat' dir='ltr'>igitur</span> <span class='ocrx_word' id='word_1_458' title='bbox 1388 3441 1509 3507; x_wconf 90' lang='lat' dir='ltr'>tribum</span> <span class='ocrx_word' id='word_1_459' title='bbox 1539 3441 1707 3520; x_wconf 91' lang='lat' dir='ltr'>lehudah,</span> <span class='ocrx_word' id='word_1_460' title='bbox 1741 3444 1806 3505; x_wconf 94' lang='lat' dir='ltr'>imo</span> <span class='ocrx_word' id='word_1_461' title='bbox 1836 3439 1960 3506; x_wconf 90' lang='lat' dir='ltr'>ineolas</span> <span class='ocrx_word' id='word_1_462' title='bbox 1989 3440 2091 3520; x_wconf 90' lang='lat' dir='ltr'>ipsos,</span> <span class='ocrx_word' id='word_1_463' title='bbox 2126 3447 2160 3503; x_wconf 90' lang='lat' dir='ltr'>et</span> 
     </span>
     <span class='ocr_line' id='line_1_37' title="bbox 160 3523 2159 3609; baseline -0.001 -20"><span class='ocrx_word' id='word_1_464' title='bbox 160 3527 317 3590; x_wconf 90' lang='lat' dir='ltr'>moriatur</span> <span class='ocrx_word' id='word_1_465' title='bbox 339 3537 405 3590; x_wconf 91' lang='lat' dir='ltr'>tam</span> <span class='ocrx_word' id='word_1_466' title='bbox 428 3528 499 3603; x_wconf 86' lang='lat' dir='ltr'>sibi,</span> <span class='ocrx_word' id='word_1_467' title='bbox 522 3547 620 3608; x_wconf 90' lang='lat' dir='ltr'>quam</span> <span class='ocrx_word' id='word_1_468' title='bbox 643 3525 788 3590; x_wconf 85' lang='lat' dir='ltr'>mundo?</span> <span class='ocrx_word' id='word_1_469' title='bbox 820 3527 1021 3591; x_wconf 89' lang='lat' dir='ltr'>eireumeisio</span> <span class='ocrx_word' id='word_1_470' title='bbox 1044 3527 1130 3591; x_wconf 89' lang='lat' dir='ltr'>enim</span> <span class='ocrx_word' id='word_1_471' title='bbox 1183 3527 1273 3591; x_wconf 90' lang='lat' dir='ltr'>eives</span> <span class='ocrx_word' id='word_1_472' title='bbox 1302 3525 1522 3609; x_wconf 79' lang='lat' dir='ltr'>lerosolymae</span> <span class='ocrx_word' id='word_1_473' title='bbox 1553 3545 1618 3590; x_wconf 93' lang='lat' dir='ltr'>non</span> <span class='ocrx_word' id='word_1_474' title='bbox 1648 3547 1719 3590; x_wconf 88' lang='lat' dir='ltr'>esse</span> <span class='ocrx_word' id='word_1_475' title='bbox 1749 3525 1822 3590; x_wconf 91' lang='lat' dir='ltr'>aliis</span> <span class='ocrx_word' id='word_1_476' title='bbox 1852 3523 2019 3601; x_wconf 90' lang='lat' dir='ltr'>meliores,</span> <span class='ocrx_word' id='word_1_477' title='bbox 2053 3542 2159 3605; x_wconf 88' lang='lat' dir='ltr'>neque</span> 
     </span>
     <span class='ocr_line' id='line_1_38' title="bbox 159 3606 2160 3694; baseline 0 -21"><span class='ocrx_word' id='word_1_478' title='bbox 159 3611 219 3675; x_wconf 94' lang='lat' dir='ltr'>hoe</span> <span class='ocrx_word' id='word_1_479' title='bbox 241 3631 349 3675; x_wconf 90' lang='lat' dir='ltr'>seeum</span> <span class='ocrx_word' id='word_1_480' title='bbox 373 3612 533 3676; x_wconf 89' lang='lat' dir='ltr'>trahebat.</span> <span class='ocrx_word' id='word_1_481' title='bbox 568 3613 657 3694; x_wconf 81' lang='lat' dir='ltr'>Ergo</span> <span class='ocrx_word' id='word_1_482' title='bbox 679 3610 823 3676; x_wconf 89' lang='lat' dir='ltr'>ostendit</span> <span class='ocrx_word' id='word_1_483' title='bbox 835 3610 1004 3692; x_wconf 87' lang='lat' dir='ltr'>prophete,</span> <span class='ocrx_word' id='word_1_484' title='bbox 1027 3611 1130 3674; x_wconf 89' lang='lat' dir='ltr'>Israe-</span> <span class='ocrx_word' id='word_1_485' title='bbox 1184 3611 1281 3674; x_wconf 84' lang='lat' dir='ltr'>eximi</span> <span class='ocrx_word' id='word_1_486' title='bbox 1295 3612 1388 3691; x_wconf 90' lang='lat' dir='ltr'>quasi</span> <span class='ocrx_word' id='word_1_487' title='bbox 1401 3611 1582 3692; x_wconf 90' lang='lat' dir='ltr'>privilegio,</span> <span class='ocrx_word' id='word_1_488' title='bbox 1601 3610 1680 3691; x_wconf 91' lang='lat' dir='ltr'>quin</span> <span class='ocrx_word' id='word_1_489' title='bbox 1698 3611 1762 3692; x_wconf 87' lang='lat' dir='ltr'>ipsi</span> <span class='ocrx_word' id='word_1_490' title='bbox 1780 3611 1879 3674; x_wconf 88' lang='lat' dir='ltr'>etiam</span> <span class='ocrx_word' id='word_1_491' title='bbox 1898 3607 1939 3672; x_wconf 85' lang='lat' dir='ltr'>ad</span> <span class='ocrx_word' id='word_1_492' title='bbox 1958 3606 2160 3674; x_wconf 89' lang='lat' dir='ltr'>reddendam</span> 
     </span>
     <span class='ocr_line' id='line_1_39' title="bbox 159 3692 2158 3778; baseline 0.001 -20"><span class='ocrx_word' id='word_1_493' title='bbox 159 3696 235 3761; x_wconf 86' lang='lat' dir='ltr'>litas</span> <span class='ocrx_word' id='word_1_494' title='bbox 257 3696 341 3760; x_wconf 93' lang='lat' dir='ltr'>nihil</span> <span class='ocrx_word' id='word_1_495' title='bbox 364 3695 484 3760; x_wconf 90' lang='lat' dir='ltr'>habere</span> <span class='ocrx_word' id='word_1_496' title='bbox 506 3697 735 3773; x_wconf 87' lang='lat' dir='ltr'>exeusationis,</span> <span class='ocrx_word' id='word_1_497' title='bbox 765 3716 825 3759; x_wconf 90' lang='lat' dir='ltr'>nee</span> <span class='ocrx_word' id='word_1_498' title='bbox 847 3695 912 3760; x_wconf 89' lang='lat' dir='ltr'>labi</span> <span class='ocrx_word' id='word_1_499' title='bbox 935 3717 1054 3770; x_wconf 90' lang='lat' dir='ltr'>errore,</span> <span class='ocrx_word' id='word_1_500' title='bbox 1077 3694 1130 3758; x_wconf 88' lang='lat' dir='ltr'>vel</span> <span class='ocrx_word' id='word_1_501' title='bbox 1183 3697 1342 3759; x_wconf 88' lang='lat' dir='ltr'>rationem</span> <span class='ocrx_word' id='word_1_502' title='bbox 1361 3705 1529 3778; x_wconf 84' lang='lat' dir='ltr'>eoguntur,</span> <span class='ocrx_word' id='word_1_503' title='bbox 1552 3696 1614 3758; x_wconf 89' lang='lat' dir='ltr'>nisi</span> <span class='ocrx_word' id='word_1_504' title='bbox 1633 3706 1770 3769; x_wconf 87' lang='lat' dir='ltr'>mature,</span> <span class='ocrx_word' id='word_1_505' title='bbox 1791 3692 1973 3776; x_wconf 89' lang='lat' dir='ltr'>etquidem</span> <span class='ocrx_word' id='word_1_506' title='bbox 1992 3714 2033 3757; x_wconf 90' lang='lat' dir='ltr'>ex</span> <span class='ocrx_word' id='word_1_507' title='bbox 2051 3693 2158 3759; x_wconf 87' lang='lat' dir='ltr'>animo</span> 
     </span>
     <span class='ocr_line' id='line_1_40' title="bbox 160 3778 2160 3863; baseline 0.001 -20"><span class='ocrx_word' id='word_1_508' title='bbox 160 3781 307 3846; x_wconf 89' lang='lat' dir='ltr'>inseitia:</span> <span class='ocrx_word' id='word_1_509' title='bbox 342 3782 397 3849; x_wconf 90' lang='lat' dir='ltr'>sed</span> <span class='ocrx_word' id='word_1_510' title='bbox 421 3802 590 3862; x_wconf 90' lang='lat' dir='ltr'>perverse,</span> <span class='ocrx_word' id='word_1_511' title='bbox 625 3789 659 3844; x_wconf 92' lang='lat' dir='ltr'>et</span> <span class='ocrx_word' id='word_1_512' title='bbox 679 3780 904 3845; x_wconf 86' lang='lat' dir='ltr'>fraudulenter</span> <span class='ocrx_word' id='word_1_513' title='bbox 933 3800 1031 3863; x_wconf 88' lang='lat' dir='ltr'>agere</span> <span class='ocrx_word' id='word_1_514' title='bbox 1055 3800 1130 3844; x_wconf 91' lang='lat' dir='ltr'>eum</span> <span class='ocrx_word' id='word_1_515' title='bbox 1184 3781 1383 3861; x_wconf 85' lang='lat' dir='ltr'>resipisoant</span> <span class='ocrx_word' id='word_1_516' title='bbox 1428 3781 1546 3844; x_wconf 85' lang='lat' dir='ltr'>Postea</span> <span class='ocrx_word' id='word_1_517' title='bbox 1568 3778 1668 3858; x_wconf 83' lang='lat' dir='ltr'>addit,</span> <span class='ocrx_word' id='word_1_518' title='bbox 1692 3780 1742 3845; x_wconf 86' lang='lat' dir='ltr'>Ne</span> <span class='ocrx_word' id='word_1_519' title='bbox 1763 3781 1940 3863; x_wconf 70' lang='lat' dir='ltr'>egredietur</span> <span class='ocrx_word' id='word_1_520' title='bbox 1960 3778 2052 3859; x_wconf 71' lang='lat' dir='ltr'>furer</span> <span class='ocrx_word' id='word_1_521' title='bbox 2072 3796 2160 3844; x_wconf 75' lang='lat' dir='ltr'>muts</span> 
     </span>
     <span class='ocr_line' id='line_1_41' title="bbox 159 3862 2159 3947; baseline 0 -19"><span class='ocrx_word' id='word_1_522' title='bbox 159 3864 248 3943; x_wconf 90' lang='lat' dir='ltr'>Deo,</span> <span class='ocrx_word' id='word_1_523' title='bbox 282 3868 436 3946; x_wconf 91' lang='lat' dir='ltr'>quoniam</span> <span class='ocrx_word' id='word_1_524' title='bbox 471 3865 687 3940; x_wconf 89' lang='lat' dir='ltr'>eireumeisio,</span> <span class='ocrx_word' id='word_1_525' title='bbox 721 3886 785 3947; x_wconf 90' lang='lat' dir='ltr'>qua</span> <span class='ocrx_word' id='word_1_526' title='bbox 818 3865 942 3929; x_wconf 89' lang='lat' dir='ltr'>initiati</span> <span class='ocrx_word' id='word_1_527' title='bbox 972 3877 1068 3930; x_wconf 87' lang='lat' dir='ltr'>erant</span> <span class='ocrx_word' id='word_1_528' title='bbox 1096 3867 1130 3928; x_wconf 94' lang='lat' dir='ltr'>in</span> <span class='ocrx_word' id='word_1_529' title='bbox 1183 3871 1333 3945; x_wconf 65' lang='lat' dir='ltr'>uuquam</span> <span class='ocrx_word' id='word_1_530' title='bbox 1364 3865 1464 3947; x_wconf 53' lang='lat' dir='ltr'>mnis,</span> <span class='ocrx_word' id='word_1_531' title='bbox 1497 3865 1621 3947; x_wconf 89' lang='lat' dir='ltr'>inquit,</span> <span class='ocrx_word' id='word_1_532' title='bbox 1653 3869 1682 3930; x_wconf 83' lang='lat' dir='ltr'>et</span> <span class='ocrx_word' id='word_1_533' title='bbox 1711 3865 1904 3931; x_wconf 76' lang='lat' dir='ltr'>attendatur.</span> <span class='ocrx_word' id='word_1_534' title='bbox 1949 3862 2014 3927; x_wconf 88' lang='lat' dir='ltr'>Hie</span> <span class='ocrx_word' id='word_1_535' title='bbox 2043 3882 2159 3928; x_wconf 86' lang='lat' dir='ltr'>severe</span> 
     </span>
     <span class='ocr_line' id='line_1_42' title="bbox 159 3946 2158 4032; baseline 0 -19"><span class='ocrx_word' id='word_1_536' title='bbox 159 3950 249 4014; x_wconf 93' lang='lat' dir='ltr'>eultu</span> <span class='ocrx_word' id='word_1_537' title='bbox 272 3950 350 4026; x_wconf 90' lang='lat' dir='ltr'>Dei,</span> <span class='ocrx_word' id='word_1_538' title='bbox 383 3951 463 4015; x_wconf 88' lang='lat' dir='ltr'>satis</span> <span class='ocrx_word' id='word_1_539' title='bbox 484 3951 571 4031; x_wconf 88' lang='lat' dir='ltr'>ipsos</span> <span class='ocrx_word' id='word_1_540' title='bbox 592 3948 743 4028; x_wconf 90' lang='lat' dir='ltr'>doeebat‚</span> <span class='ocrx_word' id='word_1_541' title='bbox 776 3971 841 4015; x_wconf 92' lang='lat' dir='ltr'>non</span> <span class='ocrx_word' id='word_1_542' title='bbox 865 3951 926 4014; x_wconf 88' lang='lat' dir='ltr'>rite</span> <span class='ocrx_word' id='word_1_543' title='bbox 956 3970 1015 4014; x_wconf 93' lang='lat' dir='ltr'>nee</span> <span class='ocrx_word' id='word_1_544' title='bbox 1037 3968 1131 4013; x_wconf 89' lang='lat' dir='ltr'>vera·</span> <span class='ocrx_word' id='word_1_545' title='bbox 1183 3949 1355 4014; x_wconf 90' lang='lat' dir='ltr'>denuntiat</span> <span class='ocrx_word' id='word_1_546' title='bbox 1376 3950 1546 4030; x_wconf 86' lang='lat' dir='ltr'>propheta,</span> <span class='ocrx_word' id='word_1_547' title='bbox 1571 3970 1634 4014; x_wconf 91' lang='lat' dir='ltr'>non</span> <span class='ocrx_word' id='word_1_548' title='bbox 1653 3970 1724 4015; x_wconf 90' lang='lat' dir='ltr'>esse</span> <span class='ocrx_word' id='word_1_549' title='bbox 1742 3949 1998 4032; x_wconf 88' lang='lat' dir='ltr'>exepeetandum</span> <span class='ocrx_word' id='word_1_550' title='bbox 2016 3946 2158 4027; x_wconf 86' lang='lat' dir='ltr'>Iudaeis,</span> 
     </span>
     <span class='ocr_line' id='line_1_43' title="bbox 159 4032 2159 4118; baseline 0.001 -21"><span class='ocrx_word' id='word_1_551' title='bbox 159 4036 240 4099; x_wconf 90' lang='lat' dir='ltr'>aiter</span> <span class='ocrx_word' id='word_1_552' title='bbox 255 4035 316 4099; x_wconf 92' lang='lat' dir='ltr'>ooli</span> <span class='ocrx_word' id='word_1_553' title='bbox 332 4035 450 4112; x_wconf 89' lang='lat' dir='ltr'>Deum,</span> <span class='ocrx_word' id='word_1_554' title='bbox 473 4035 537 4098; x_wconf 89' lang='lat' dir='ltr'>nisi</span> <span class='ocrx_word' id='word_1_555' title='bbox 560 4035 614 4098; x_wconf 91' lang='lat' dir='ltr'>uhi</span> <span class='ocrx_word' id='word_1_556' title='bbox 636 4034 784 4099; x_wconf 89' lang='lat' dir='ltr'>homines</span> <span class='ocrx_word' id='word_1_557' title='bbox 802 4055 837 4100; x_wconf 87' lang='lat' dir='ltr'>se</span> <span class='ocrx_word' id='word_1_558' title='bbox 854 4036 942 4116; x_wconf 87' lang='lat' dir='ltr'>ipsos</span> <span class='ocrx_word' id='word_1_559' title='bbox 958 4035 1130 4117; x_wconf 84' lang='lat' dir='ltr'>abnegant.</span> <span class='ocrx_word' id='word_1_560' title='bbox 1183 4032 1285 4099; x_wconf 90' lang='lat' dir='ltr'>donee</span> <span class='ocrx_word' id='word_1_561' title='bbox 1306 4033 1399 4098; x_wconf 88' lang='lat' dir='ltr'>Deus</span> <span class='ocrx_word' id='word_1_562' title='bbox 1422 4034 1545 4100; x_wconf 89' lang='lat' dir='ltr'>vindex</span> <span class='ocrx_word' id='word_1_563' title='bbox 1567 4034 1713 4118; x_wconf 90' lang='lat' dir='ltr'>prodeat,</span> <span class='ocrx_word' id='word_1_564' title='bbox 1734 4035 1888 4118; x_wconf 89' lang='lat' dir='ltr'>quoniam</span> <span class='ocrx_word' id='word_1_565' title='bbox 1907 4032 1988 4098; x_wconf 86' lang='lat' dir='ltr'>haee</span> <span class='ocrx_word' id='word_1_566' title='bbox 2004 4032 2068 4097; x_wconf 91' lang='lat' dir='ltr'>erit</span> <span class='ocrx_word' id='word_1_567' title='bbox 2085 4053 2159 4099; x_wconf 88' lang='lat' dir='ltr'>sera</span> 
     </span>
     <span class='ocr_line' id='line_1_44' title="bbox 161 4117 2158 4203; baseline 0.001 -21"><span class='ocrx_word' id='word_1_568' title='bbox 161 4119 256 4185; x_wconf 92' lang='lat' dir='ltr'>Nune</span> <span class='ocrx_word' id='word_1_569' title='bbox 276 4141 354 4203; x_wconf 91' lang='lat' dir='ltr'>ergo</span> <span class='ocrx_word' id='word_1_570' title='bbox 385 4120 535 4183; x_wconf 91' lang='lat' dir='ltr'>videmus</span> <span class='ocrx_word' id='word_1_571' title='bbox 563 4117 640 4200; x_wconf 92' lang='lat' dir='ltr'>quid</span> <span class='ocrx_word' id='word_1_572' title='bbox 666 4118 719 4185; x_wconf 89' lang='lat' dir='ltr'>his</span> <span class='ocrx_word' id='word_1_573' title='bbox 752 4121 860 4186; x_wconf 85' lang='lat' dir='ltr'>verbio</span> <span class='ocrx_word' id='word_1_574' title='bbox 892 4119 1052 4202; x_wconf 90' lang='lat' dir='ltr'>propheta</span> <span class='ocrx_word' id='word_1_575' title='bbox 1083 4119 1132 4183; x_wconf 93' lang='lat' dir='ltr'>in·</span> <span class='ocrx_word' id='word_1_576' title='bbox 1183 4121 1392 4203; x_wconf 88' lang='lat' dir='ltr'>poenitentia,</span> <span class='ocrx_word' id='word_1_577' title='bbox 1416 4121 1530 4201; x_wconf 89' lang='lat' dir='ltr'>iuquit.</span> <span class='ocrx_word' id='word_1_578' title='bbox 1568 4120 1720 4202; x_wconf 89' lang='lat' dir='ltr'>Denique</span> <span class='ocrx_word' id='word_1_579' title='bbox 1742 4120 1831 4184; x_wconf 90' lang='lat' dir='ltr'>iubet</span> <span class='ocrx_word' id='word_1_580' title='bbox 1852 4119 1942 4201; x_wconf 88' lang='lat' dir='ltr'>ipsos</span> <span class='ocrx_word' id='word_1_581' title='bbox 1965 4119 2158 4200; x_wconf 87' lang='lat' dir='ltr'>tempestive</span> 
     </span>
     <span class='ocr_line' id='line_1_45' title="bbox 160 4202 2158 4287; baseline 0.001 -21"><span class='ocrx_word' id='word_1_582' title='bbox 160 4204 289 4287; x_wconf 83' lang='lat' dir='ltr'>telligit,</span> <span class='ocrx_word' id='word_1_583' title='bbox 312 4226 411 4286; x_wconf 93' lang='lat' dir='ltr'>quum</span> <span class='ocrx_word' id='word_1_584' title='bbox 433 4204 523 4270; x_wconf 89' lang='lat' dir='ltr'>iubet</span> <span class='ocrx_word' id='word_1_585' title='bbox 545 4224 599 4268; x_wconf 87' lang='lat' dir='ltr'>ees</span> <span class='ocrx_word' id='word_1_586' title='bbox 619 4205 805 4270; x_wconf 91' lang='lat' dir='ltr'>eireumeidi</span> <span class='ocrx_word' id='word_1_587' title='bbox 829 4205 917 4281; x_wconf 91' lang='lat' dir='ltr'>Deo,</span> <span class='ocrx_word' id='word_1_588' title='bbox 948 4215 981 4269; x_wconf 92' lang='lat' dir='ltr'>et</span> <span class='ocrx_word' id='word_1_589' title='bbox 1003 4205 1131 4269; x_wconf 88' lang='lat' dir='ltr'>anferre</span> <span class='ocrx_word' id='word_1_590' title='bbox 1184 4223 1354 4268; x_wconf 90' lang='lat' dir='ltr'>oeeurrere</span> <span class='ocrx_word' id='word_1_591' title='bbox 1376 4203 1440 4269; x_wconf 92' lang='lat' dir='ltr'>Dei</span> <span class='ocrx_word' id='word_1_592' title='bbox 1470 4205 1605 4279; x_wconf 90' lang='lat' dir='ltr'>iudioio,</span> <span class='ocrx_word' id='word_1_593' title='bbox 1639 4206 1793 4287; x_wconf 91' lang='lat' dir='ltr'>quoniam</span> <span class='ocrx_word' id='word_1_594' title='bbox 1823 4205 1851 4270; x_wconf 94' lang='lat' dir='ltr'>si</span> <span class='ocrx_word' id='word_1_595' title='bbox 1883 4202 1983 4269; x_wconf 88' lang='lat' dir='ltr'>semel</span> <span class='ocrx_word' id='word_1_596' title='bbox 2007 4223 2158 4287; x_wconf 87' lang='lat' dir='ltr'>egressus</span> 
     </span>
     <span class='ocr_line' id='line_1_46' title="bbox 160 4285 2159 4372; baseline -0.002 -19"><span class='ocrx_word' id='word_1_597' title='bbox 160 4289 265 4354; x_wconf 89' lang='lat' dir='ltr'>eordis</span> <span class='ocrx_word' id='word_1_598' title='bbox 298 4292 349 4354; x_wconf 87' lang='lat' dir='ltr'>eui</span> <span class='ocrx_word' id='word_1_599' title='bbox 384 4291 562 4372; x_wconf 89' lang='lat' dir='ltr'>praeputia.</span> <span class='ocrx_word' id='word_1_600' title='bbox 607 4287 714 4368; x_wconf 87' lang='lat' dir='ltr'>Dieit,</span> <span class='ocrx_word' id='word_1_601' title='bbox 750 4288 1022 4355; x_wconf 79' lang='lat' dir='ltr'>Gireumea&#39;da&#39;miui</span> <span class='ocrx_word' id='word_1_602' title='bbox 1053 4289 1132 4367; x_wconf 87' lang='lat' dir='ltr'>Deo,</span> <span class='ocrx_word' id='word_1_603' title='bbox 1184 4291 1281 4353; x_wconf 84' lang='lat' dir='ltr'>luerit</span> <span class='ocrx_word' id='word_1_604' title='bbox 1302 4289 1393 4353; x_wconf 87' lang='lat' dir='ltr'>furor</span> <span class='ocrx_word' id='word_1_605' title='bbox 1415 4290 1489 4369; x_wconf 91' lang='lat' dir='ltr'>Dei,</span> <span class='ocrx_word' id='word_1_606' title='bbox 1512 4288 1638 4354; x_wconf 88' lang='lat' dir='ltr'>ardebit</span> <span class='ocrx_word' id='word_1_607' title='bbox 1661 4300 1817 4372; x_wconf 90' lang='lat' dir='ltr'>tanquam</span> <span class='ocrx_word' id='word_1_608' title='bbox 1840 4290 1937 4372; x_wconf 87' lang='lat' dir='ltr'>ignis,</span> <span class='ocrx_word' id='word_1_609' title='bbox 1968 4297 2006 4354; x_wconf 92' lang='lat' dir='ltr'>ut</span> <span class='ocrx_word' id='word_1_610' title='bbox 2028 4309 2082 4352; x_wconf 89' lang='lat' dir='ltr'>eoa</span> <span class='ocrx_word' id='word_1_611' title='bbox 2105 4285 2159 4351; x_wconf 86' lang='lat' dir='ltr'>ah-</span> 
     </span>
     <span class='ocr_line' id='line_1_47' title="bbox 160 4370 2158 4459; baseline 0 -22"><span class='ocrx_word' id='word_1_612' title='bbox 160 4376 313 4455; x_wconf 92' lang='lat' dir='ltr'>quoniam</span> <span class='ocrx_word' id='word_1_613' title='bbox 336 4375 538 4440; x_wconf 87' lang='lat' dir='ltr'>oireumeisio</span> <span class='ocrx_word' id='word_1_614' title='bbox 561 4387 640 4438; x_wconf 93' lang='lat' dir='ltr'>tune</span> <span class='ocrx_word' id='word_1_615' title='bbox 658 4386 728 4437; x_wconf 91' lang='lat' dir='ltr'>erat</span> <span class='ocrx_word' id='word_1_616' title='bbox 743 4376 839 4439; x_wconf 93' lang='lat' dir='ltr'>unioa</span> <span class='ocrx_word' id='word_1_617' title='bbox 854 4377 998 4457; x_wconf 92' lang='lat' dir='ltr'>ipsorum</span> <span class='ocrx_word' id='word_1_618' title='bbox 1017 4374 1130 4459; x_wconf 89' lang='lat' dir='ltr'>gloria,</span> <span class='ocrx_word' id='word_1_619' title='bbox 1184 4383 1301 4440; x_wconf 90' lang='lat' dir='ltr'>sumat.</span> <span class='ocrx_word' id='word_1_620' title='bbox 1345 4373 1421 4438; x_wconf 91' lang='lat' dir='ltr'>Non</span> <span class='ocrx_word' id='word_1_621' title='bbox 1443 4376 1506 4438; x_wconf 90' lang='lat' dir='ltr'>erit</span> <span class='ocrx_word' id='word_1_622' title='bbox 1533 4375 1635 4459; x_wconf 88' lang='lat' dir='ltr'>igitur</span> <span class='ocrx_word' id='word_1_623' title='bbox 1662 4384 1740 4439; x_wconf 91' lang='lat' dir='ltr'>tune</span> <span class='ocrx_word' id='word_1_624' title='bbox 1768 4384 1898 4458; x_wconf 89' lang='lat' dir='ltr'>tempus</span> <span class='ocrx_word' id='word_1_625' title='bbox 1927 4370 2158 4455; x_wconf 85' lang='lat' dir='ltr'>exstinguendi</span> 
     </span>
     <span class='ocr_line' id='line_1_48' title="bbox 160 4457 2159 4542; baseline 0 -20"><span class='ocrx_word' id='word_1_626' title='bbox 160 4459 307 4524; x_wconf 91' lang='lat' dir='ltr'>sednon</span> <span class='ocrx_word' id='word_1_627' title='bbox 330 4461 391 4524; x_wconf 92' lang='lat' dir='ltr'>nisi</span> <span class='ocrx_word' id='word_1_628' title='bbox 414 4461 449 4522; x_wconf 94' lang='lat' dir='ltr'>in</span> <span class='ocrx_word' id='word_1_629' title='bbox 473 4458 639 4522; x_wconf 90' lang='lat' dir='ltr'>hominum</span> <span class='ocrx_word' id='word_1_630' title='bbox 655 4458 773 4522; x_wconf 86' lang='lat' dir='ltr'>oeulis:</span> <span class='ocrx_word' id='word_1_631' title='bbox 796 4470 924 4524; x_wconf 88' lang='lat' dir='ltr'>tantum</span> <span class='ocrx_word' id='word_1_632' title='bbox 939 4462 1025 4524; x_wconf 92' lang='lat' dir='ltr'>enim</span> <span class='ocrx_word' id='word_1_633' title='bbox 1046 4459 1131 4542; x_wconf 91' lang='lat' dir='ltr'>apud</span> <span class='ocrx_word' id='word_1_634' title='bbox 1184 4458 1340 4523; x_wconf 92' lang='lat' dir='ltr'>ineendii:</span> <span class='ocrx_word' id='word_1_635' title='bbox 1375 4458 1482 4525; x_wconf 85' lang='lat' dir='ltr'>eadsi</span> <span class='ocrx_word' id='word_1_636' title='bbox 1505 4460 1717 4542; x_wconf 88' lang='lat' dir='ltr'>resipiseant,</span> <span class='ocrx_word' id='word_1_637' title='bbox 1750 4460 1848 4524; x_wconf 87' lang='lat' dir='ltr'>simul</span> <span class='ocrx_word' id='word_1_638' title='bbox 1878 4460 1978 4524; x_wconf 88' lang='lat' dir='ltr'>etiam</span> <span class='ocrx_word' id='word_1_639' title='bbox 2005 4457 2159 4540; x_wconf 86' lang='lat' dir='ltr'>proponit</span> 
     </span>
     <span class='ocr_line' id='line_1_49' title="bbox 159 4542 2157 4627; baseline 0.001 -20"><span class='ocrx_word' id='word_1_640' title='bbox 159 4546 246 4625; x_wconf 89' lang='lat' dir='ltr'>ipsos</span> <span class='ocrx_word' id='word_1_641' title='bbox 275 4547 434 4627; x_wconf 90' lang='lat' dir='ltr'>regnabat</span> <span class='ocrx_word' id='word_1_642' title='bbox 462 4545 612 4618; x_wconf 90' lang='lat' dir='ltr'>ambitio,</span> <span class='ocrx_word' id='word_1_643' title='bbox 646 4552 680 4607; x_wconf 90' lang='lat' dir='ltr'>et</span> <span class='ocrx_word' id='word_1_644' title='bbox 712 4545 856 4619; x_wconf 88' lang='lat' dir='ltr'>vanitas,</span> <span class='ocrx_word' id='word_1_645' title='bbox 891 4565 990 4626; x_wconf 92' lang='lat' dir='ltr'>quum</span> <span class='ocrx_word' id='word_1_646' title='bbox 1025 4544 1132 4627; x_wconf 92' lang='lat' dir='ltr'>plenis</span> <span class='ocrx_word' id='word_1_647' title='bbox 1183 4545 1249 4610; x_wconf 91' lang='lat' dir='ltr'>illis</span> <span class='ocrx_word' id='word_1_648' title='bbox 1271 4565 1361 4626; x_wconf 85' lang='lat' dir='ltr'>spem</span> <span class='ocrx_word' id='word_1_649' title='bbox 1387 4546 1511 4624; x_wconf 89' lang='lat' dir='ltr'>veniae,</span> <span class='ocrx_word' id='word_1_650' title='bbox 1537 4545 1613 4626; x_wconf 89' lang='lat' dir='ltr'>quia</span> <span class='ocrx_word' id='word_1_651' title='bbox 1635 4545 1782 4609; x_wconf 91' lang='lat' dir='ltr'>nondum</span> <span class='ocrx_word' id='word_1_652' title='bbox 1806 4544 1897 4609; x_wconf 81' lang='lat' dir='ltr'>furer</span> <span class='ocrx_word' id='word_1_653' title='bbox 1918 4542 1984 4607; x_wconf 92' lang='lat' dir='ltr'>Dei</span> <span class='ocrx_word' id='word_1_654' title='bbox 2006 4563 2157 4626; x_wconf 84' lang='lat' dir='ltr'>egressus</span> 
     </span>
     <span class='ocr_line' id='line_1_50' title="bbox 160 4627 2158 4712; baseline 0 -20"><span class='ocrx_word' id='word_1_655' title='bbox 160 4630 268 4694; x_wconf 90' lang='lat' dir='ltr'>bueois</span> <span class='ocrx_word' id='word_1_656' title='bbox 291 4629 508 4710; x_wconf 91' lang='lat' dir='ltr'>superbirent,</span> <span class='ocrx_word' id='word_1_657' title='bbox 530 4642 563 4692; x_wconf 90' lang='lat' dir='ltr'>et</span> <span class='ocrx_word' id='word_1_658' title='bbox 585 4629 744 4692; x_wconf 87' lang='lat' dir='ltr'>iaetarent</span> <span class='ocrx_word' id='word_1_659' title='bbox 766 4650 802 4694; x_wconf 89' lang='lat' dir='ltr'>se</span> <span class='ocrx_word' id='word_1_660' title='bbox 825 4649 895 4693; x_wconf 86' lang='lat' dir='ltr'>esse</span> <span class='ocrx_word' id='word_1_661' title='bbox 917 4650 1046 4694; x_wconf 91' lang='lat' dir='ltr'>saerum</span> <span class='ocrx_word' id='word_1_662' title='bbox 1069 4630 1131 4693; x_wconf 92' lang='lat' dir='ltr'>Dei</span> <span class='ocrx_word' id='word_1_663' title='bbox 1184 4631 1301 4695; x_wconf 79' lang='lat' dir='ltr'>iuerat.</span> <span class='ocrx_word' id='word_1_664' title='bbox 1345 4630 1465 4695; x_wconf 89' lang='lat' dir='ltr'>Postea</span> <span class='ocrx_word' id='word_1_665' title='bbox 1487 4628 1645 4712; x_wconf 89' lang='lat' dir='ltr'>adiungit,</span> <span class='ocrx_word' id='word_1_666' title='bbox 1673 4628 1805 4712; x_wconf 74' lang='lat' dir='ltr'>Propter</span> <span class='ocrx_word' id='word_1_667' title='bbox 1826 4628 1981 4694; x_wconf 76' lang='lat' dir='ltr'>millium</span> <span class='ocrx_word' id='word_1_668' title='bbox 2003 4627 2158 4692; x_wconf 79' lang='lat' dir='ltr'>aelianum</span> 
     </span>
     <span class='ocr_line' id='line_1_51' title="bbox 160 4711 2158 4797; baseline -0.001 -20"><span class='ocrx_word' id='word_1_669' title='bbox 160 4714 332 4794; x_wconf 88' lang='lat' dir='ltr'>peeulinm.</span> <span class='ocrx_word' id='word_1_670' title='bbox 378 4712 542 4794; x_wconf 90' lang='lat' dir='ltr'>Propheta</span> <span class='ocrx_word' id='word_1_671' title='bbox 564 4713 667 4794; x_wconf 92' lang='lat' dir='ltr'>igitur</span> <span class='ocrx_word' id='word_1_672' title='bbox 689 4714 782 4779; x_wconf 90' lang='lat' dir='ltr'>iubet</span> <span class='ocrx_word' id='word_1_673' title='bbox 803 4715 890 4795; x_wconf 88' lang='lat' dir='ltr'>ipsos</span> <span class='ocrx_word' id='word_1_674' title='bbox 912 4714 1060 4778; x_wconf 88' lang='lat' dir='ltr'>omittere</span> <span class='ocrx_word' id='word_1_675' title='bbox 1082 4724 1131 4778; x_wconf 90' lang='lat' dir='ltr'>ta·</span> <span class='ocrx_word' id='word_1_676' title='bbox 1183 4719 1372 4779; x_wconf 65' lang='lat' dir='ltr'>usurarum.-</span> <span class='ocrx_word' id='word_1_677' title='bbox 1394 4727 1426 4781; x_wconf 90' lang='lat' dir='ltr'>et</span> <span class='ocrx_word' id='word_1_678' title='bbox 1448 4716 1500 4779; x_wconf 88' lang='lat' dir='ltr'>his</span> <span class='ocrx_word' id='word_1_679' title='bbox 1523 4714 1632 4779; x_wconf 90' lang='lat' dir='ltr'>verbis</span> <span class='ocrx_word' id='word_1_680' title='bbox 1649 4715 1769 4779; x_wconf 92' lang='lat' dir='ltr'>iterum</span> <span class='ocrx_word' id='word_1_681' title='bbox 1789 4715 1950 4797; x_wconf 87' lang='lat' dir='ltr'>propheta</span> <span class='ocrx_word' id='word_1_682' title='bbox 1968 4733 2023 4777; x_wconf 89' lang='lat' dir='ltr'>eos</span> <span class='ocrx_word' id='word_1_683' title='bbox 2041 4711 2158 4777; x_wconf 87' lang='lat' dir='ltr'>durius</span> 
     </span>
     <span class='ocr_line' id='line_1_52' title="bbox 160 4796 2157 4882; baseline -0.001 -20"><span class='ocrx_word' id='word_1_684' title='bbox 160 4799 206 4862; x_wconf 85' lang='lat' dir='ltr'>lea</span> <span class='ocrx_word' id='word_1_685' title='bbox 228 4819 334 4882; x_wconf 87' lang='lat' dir='ltr'>nugas</span> <span class='ocrx_word' id='word_1_686' title='bbox 356 4804 384 4862; x_wconf 85' lang='lat' dir='ltr'>et</span> <span class='ocrx_word' id='word_1_687' title='bbox 403 4799 585 4863; x_wconf 79' lang='lat' dir='ltr'>eireauteidi</span> <span class='ocrx_word' id='word_1_688' title='bbox 607 4798 749 4880; x_wconf 68' lang='lat' dir='ltr'>Iuleae,</span> <span class='ocrx_word' id='word_1_689' title='bbox 777 4809 813 4862; x_wconf 93' lang='lat' dir='ltr'>nt</span> <span class='ocrx_word' id='word_1_690' title='bbox 835 4798 960 4864; x_wconf 89' lang='lat' dir='ltr'>seilioet</span> <span class='ocrx_word' id='word_1_691' title='bbox 981 4798 1133 4864; x_wconf 90' lang='lat' dir='ltr'>desinant</span> <span class='ocrx_word' id='word_1_692' title='bbox 1184 4799 1344 4881; x_wconf 91' lang='lat' dir='ltr'>eoarguit,</span> <span class='ocrx_word' id='word_1_693' title='bbox 1378 4810 1412 4864; x_wconf 91' lang='lat' dir='ltr'>et</span> <span class='ocrx_word' id='word_1_694' title='bbox 1434 4800 1576 4864; x_wconf 89' lang='lat' dir='ltr'>ostendit</span> <span class='ocrx_word' id='word_1_695' title='bbox 1598 4817 1655 4863; x_wconf 88' lang='lat' dir='ltr'>eos</span> <span class='ocrx_word' id='word_1_696' title='bbox 1678 4799 1759 4865; x_wconf 91' lang='lat' dir='ltr'>nihil</span> <span class='ocrx_word' id='word_1_697' title='bbox 1782 4797 1936 4881; x_wconf 91' lang='lat' dir='ltr'>eonseqoi</span> <span class='ocrx_word' id='word_1_698' title='bbox 1965 4796 2035 4862; x_wconf 89' lang='lat' dir='ltr'>suis</span> <span class='ocrx_word' id='word_1_699' title='bbox 2056 4797 2157 4881; x_wconf 87' lang='lat' dir='ltr'>tergi·</span> 
     </span>
     <span class='ocr_line' id='line_1_53' title="bbox 159 4881 2157 4966; baseline 0.001 -20"><span class='ocrx_word' id='word_1_700' title='bbox 159 4882 310 4965; x_wconf 89' lang='lat' dir='ltr'>plausum</span> <span class='ocrx_word' id='word_1_701' title='bbox 333 4893 464 4965; x_wconf 90' lang='lat' dir='ltr'>oaptare</span> <span class='ocrx_word' id='word_1_702' title='bbox 486 4903 596 4947; x_wconf 91' lang='lat' dir='ltr'>eoram</span> <span class='ocrx_word' id='word_1_703' title='bbox 619 4884 755 4947; x_wconf 92' lang='lat' dir='ltr'>mundo:</span> <span class='ocrx_word' id='word_1_704' title='bbox 782 4884 839 4948; x_wconf 93' lang='lat' dir='ltr'>sed</span> <span class='ocrx_word' id='word_1_705' title='bbox 863 4881 1050 4965; x_wconf 89' lang='lat' dir='ltr'>expendant</span> <span class='ocrx_word' id='word_1_706' title='bbox 1071 4884 1132 4949; x_wconf 86' lang='lat' dir='ltr'>sibi</span> <span class='ocrx_word' id='word_1_707' title='bbox 1184 4884 1442 4949; x_wconf 86' lang='lat' dir='ltr'>versationibus:</span> <span class='ocrx_word' id='word_1_708' title='bbox 1461 4884 1536 4966; x_wconf 91' lang='lat' dir='ltr'>quia</span> <span class='ocrx_word' id='word_1_709' title='bbox 1555 4883 1611 4948; x_wconf 94' lang='lat' dir='ltr'>ubi</span> <span class='ocrx_word' id='word_1_710' title='bbox 1625 4885 1716 4949; x_wconf 90' lang='lat' dir='ltr'>Deus</span> <span class='ocrx_word' id='word_1_711' title='bbox 1733 4883 1877 4948; x_wconf 90' lang='lat' dir='ltr'>tribunal</span> <span class='ocrx_word' id='word_1_712' title='bbox 1895 4902 2157 4948; x_wconf 87' lang='lat' dir='ltr'>auumeonseen·</span> 
     </span>
     <span class='ocr_line' id='line_1_54' title="bbox 160 4965 2157 5052; baseline -0.001 -17"><span class='ocrx_word' id='word_1_713' title='bbox 160 4991 230 5035; x_wconf 88' lang='lat' dir='ltr'>esse</span> <span class='ocrx_word' id='word_1_714' title='bbox 242 4969 409 5052; x_wconf 91' lang='lat' dir='ltr'>negotium</span> <span class='ocrx_word' id='word_1_715' title='bbox 419 4988 494 5032; x_wconf 93' lang='lat' dir='ltr'>eum</span> <span class='ocrx_word' id='word_1_716' title='bbox 504 4968 635 5033; x_wconf 78' lang='lat' dir='ltr'>Deotet</span> <span class='ocrx_word' id='word_1_717' title='bbox 646 4967 719 5032; x_wconf 91' lang='lat' dir='ltr'>ideo</span> <span class='ocrx_word' id='word_1_718' title='bbox 728 4967 888 5052; x_wconf 89' lang='lat' dir='ltr'>adiungit,</span> <span class='ocrx_word' id='word_1_719' title='bbox 898 4967 1031 5050; x_wconf 75' lang='lat' dir='ltr'>Auferte</span> <span class='ocrx_word' id='word_1_720' title='bbox 1037 4989 1133 5050; x_wconf 79' lang='lat' dir='ltr'>prae·</span> <span class='ocrx_word' id='word_1_721' title='bbox 1184 4967 1285 5045; x_wconf 90' lang='lat' dir='ltr'>derit,</span> <span class='ocrx_word' id='word_1_722' title='bbox 1320 4979 1352 5032; x_wconf 91' lang='lat' dir='ltr'>et</span> <span class='ocrx_word' id='word_1_723' title='bbox 1381 4969 1523 5050; x_wconf 90' lang='lat' dir='ltr'>eoeperit</span> <span class='ocrx_word' id='word_1_724' title='bbox 1551 4969 1686 5052; x_wconf 87' lang='lat' dir='ltr'>exsequi</span> <span class='ocrx_word' id='word_1_725' title='bbox 1720 4990 1813 5034; x_wconf 91' lang='lat' dir='ltr'>suam</span> <span class='ocrx_word' id='word_1_726' title='bbox 1847 4965 2044 5047; x_wconf 68' lang='lat' dir='ltr'>mediatam,</span> <span class='ocrx_word' id='word_1_727' title='bbox 2077 4976 2157 5033; x_wconf 88' lang='lat' dir='ltr'>tune</span> 
     </span>
     <span class='ocr_line' id='line_1_55' title="bbox 157 5049 2156 5135; baseline -0.001 -16"><span class='ocrx_word' id='word_1_728' title='bbox 157 5055 251 5133; x_wconf 75' lang='lat' dir='ltr'>putta</span> <span class='ocrx_word' id='word_1_729' title='bbox 271 5052 505 5119; x_wconf 76' lang='lat' dir='ltr'>cordisvestri:</span> <span class='ocrx_word' id='word_1_730' title='bbox 528 5053 619 5135; x_wconf 86' lang='lat' dir='ltr'>quasi</span> <span class='ocrx_word' id='word_1_731' title='bbox 643 5052 774 5134; x_wconf 88' lang='lat' dir='ltr'>diaeret,</span> <span class='ocrx_word' id='word_1_732' title='bbox 796 5052 909 5134; x_wconf 83' lang='lat' dir='ltr'>Quum</span> <span class='ocrx_word' id='word_1_733' title='bbox 924 5052 1017 5119; x_wconf 86' lang='lat' dir='ltr'>Deus</span> <span class='ocrx_word' id='word_1_734' title='bbox 1038 5055 1134 5118; x_wconf 84' lang='lat' dir='ltr'>iussit</span> <span class='ocrx_word' id='word_1_735' title='bbox 1183 5053 1357 5119; x_wconf 88' lang='lat' dir='ltr'>eessabunt</span> <span class='ocrx_word' id='word_1_736' title='bbox 1379 5073 1492 5118; x_wconf 89' lang='lat' dir='ltr'>omnes</span> <span class='ocrx_word' id='word_1_737' title='bbox 1525 5054 1600 5119; x_wconf 91' lang='lat' dir='ltr'>illae</span> <span class='ocrx_word' id='word_1_738' title='bbox 1633 5053 1765 5121; x_wconf 81' lang='lat' dir='ltr'>lallaeas</span> <span class='ocrx_word' id='word_1_739' title='bbox 1799 5053 2039 5131; x_wconf 89' lang='lat' dir='ltr'>exeusationes,</span> <span class='ocrx_word' id='word_1_740' title='bbox 2071 5049 2156 5134; x_wconf 92' lang='lat' dir='ltr'>quod</span> 
     </span>
     <span class='ocr_line' id='line_1_56' title="bbox 161 5135 2156 5222; baseline 0.001 -20"><span class='ocrx_word' id='word_1_741' title='bbox 161 5137 347 5203; x_wconf 90' lang='lat' dir='ltr'>eireumeidi</span> <span class='ocrx_word' id='word_1_742' title='bbox 369 5158 473 5221; x_wconf 88' lang='lat' dir='ltr'>genus</span> <span class='ocrx_word' id='word_1_743' title='bbox 496 5135 659 5216; x_wconf 83' lang='lat' dir='ltr'>Abrahae,</span> <span class='ocrx_word' id='word_1_744' title='bbox 682 5159 749 5203; x_wconf 93' lang='lat' dir='ltr'>nen</span> <span class='ocrx_word' id='word_1_745' title='bbox 764 5140 923 5221; x_wconf 90' lang='lat' dir='ltr'>quaesivit</span> <span class='ocrx_word' id='word_1_746' title='bbox 937 5140 1131 5203; x_wconf 85' lang='lat' dir='ltr'>saorifieium</span> <span class='ocrx_word' id='word_1_747' title='bbox 1184 5138 1265 5202; x_wconf 93' lang='lat' dir='ltr'>nihil</span> <span class='ocrx_word' id='word_1_748' title='bbox 1289 5139 1353 5203; x_wconf 91' lang='lat' dir='ltr'>tale</span> <span class='ocrx_word' id='word_1_749' title='bbox 1375 5138 1443 5202; x_wconf 88' lang='lat' dir='ltr'>sint</span> <span class='ocrx_word' id='word_1_750' title='bbox 1464 5141 1589 5217; x_wconf 91' lang='lat' dir='ltr'>meriti,</span> <span class='ocrx_word' id='word_1_751' title='bbox 1623 5139 1707 5222; x_wconf 92' lang='lat' dir='ltr'>quod</span> <span class='ocrx_word' id='word_1_752' title='bbox 1731 5159 1796 5203; x_wconf 91' lang='lat' dir='ltr'>non</span> <span class='ocrx_word' id='word_1_753' title='bbox 1819 5147 1912 5203; x_wconf 86' lang='lat' dir='ltr'>tanta</span> <span class='ocrx_word' id='word_1_754' title='bbox 1932 5137 1976 5201; x_wconf 92' lang='lat' dir='ltr'>sit</span> <span class='ocrx_word' id='word_1_755' title='bbox 1997 5136 2156 5203; x_wconf 87' lang='lat' dir='ltr'>seelernm</span> 
     </span>
     <span class='ocr_line' id='line_1_57' title="bbox 161 5220 2156 5308; baseline 0.002 -23"><span class='ocrx_word' id='word_1_756' title='bbox 161 5224 194 5286; x_wconf 93' lang='lat' dir='ltr'>in</span> <span class='ocrx_word' id='word_1_757' title='bbox 217 5223 368 5306; x_wconf 90' lang='lat' dir='ltr'>pellieula</span> <span class='ocrx_word' id='word_1_758' title='bbox 390 5223 456 5300; x_wconf 93' lang='lat' dir='ltr'>illa,</span> <span class='ocrx_word' id='word_1_759' title='bbox 480 5222 537 5286; x_wconf 92' lang='lat' dir='ltr'>sed</span> <span class='ocrx_word' id='word_1_760' title='bbox 560 5223 657 5286; x_wconf 90' lang='lat' dir='ltr'>altius</span> <span class='ocrx_word' id='word_1_761' title='bbox 679 5223 847 5304; x_wconf 79' lang='lat' dir='ltr'>spectavit,</span> <span class='ocrx_word' id='word_1_762' title='bbox 875 5244 991 5306; x_wconf 90' lang='lat' dir='ltr'>nempe</span> <span class='ocrx_word' id='word_1_763' title='bbox 1014 5233 1052 5289; x_wconf 94' lang='lat' dir='ltr'>ut</span> <span class='ocrx_word' id='word_1_764' title='bbox 1072 5225 1133 5288; x_wconf 89' lang='lat' dir='ltr'>eir·</span> <span class='ocrx_word' id='word_1_765' title='bbox 1184 5223 1354 5289; x_wconf 91' lang='lat' dir='ltr'>atroeitas:</span> <span class='ocrx_word' id='word_1_766' title='bbox 1373 5225 1473 5301; x_wconf 91' lang='lat' dir='ltr'>Deus,</span> <span class='ocrx_word' id='word_1_767' title='bbox 1492 5225 1610 5308; x_wconf 88' lang='lat' dir='ltr'>inquit,</span> <span class='ocrx_word' id='word_1_768' title='bbox 1628 5245 1729 5290; x_wconf 92' lang='lat' dir='ltr'>manu</span> <span class='ocrx_word' id='word_1_769' title='bbox 1746 5244 1808 5289; x_wconf 89' lang='lat' dir='ltr'>sua</span> <span class='ocrx_word' id='word_1_770' title='bbox 1826 5243 1883 5289; x_wconf 86' lang='lat' dir='ltr'>vos</span> <span class='ocrx_word' id='word_1_771' title='bbox 1903 5220 2041 5300; x_wconf 90' lang='lat' dir='ltr'>doeebit,</span> <span class='ocrx_word' id='word_1_772' title='bbox 2059 5242 2156 5306; x_wconf 91' lang='lat' dir='ltr'>quam</span> 
     </span>
    </p>
   </div>
   <div class='ocr_carea' id='block_1_3' title="bbox 266 5322 1954 5392">
    <p class='ocr_par' dir='ltr' id='par_1_4' title="bbox 266 5322 1954 5392">
     <span class='ocr_line' id='line_1_58' title="bbox 266 5322 1954 5392; baseline -0.002 -14"><span class='ocrx_word' id='word_1_773' title='bbox 266 5323 377 5379; x_wconf 59' lang='lat' dir='ltr'>Ouleim</span> <span class='ocrx_word' id='word_1_774' title='bbox 394 5339 488 5392; x_wconf 77' lang='lat' dir='ltr'>opera.</span> <span class='ocrx_word' id='word_1_775' title='bbox 516 5323 571 5378; x_wconf 85' lang='lat' dir='ltr'>Vol.</span> <span class='ocrx_word' id='word_1_776' title='bbox 590 5323 752 5378; x_wconf 84' lang='lat' dir='ltr'>XXXVII.</span> <span class='ocrx_word' id='word_1_777' title='bbox 1920 5322 1954 5377; x_wconf 79' lang='grc'>37</span> 
     </span>
    </p>
   </div>
   <div class='ocr_carea' id='block_1_4' title="bbox 159 1878 1133 2286">
    <p class='ocr_par' dir='ltr' id='par_1_5' title="bbox 159 1878 1133 2286">
     <span class='ocr_line' id='line_1_59' title="bbox 246 1878 1133 1961; baseline -0.003 -16"><span class='ocrx_word' id='word_1_778' title='bbox 246 1881 275 1945; x_wconf 84' lang='grc'>4.</span> <span class='ocrx_word' id='word_1_779' title='bbox 309 1879 577 1946; x_wconf 80' lang='lat' dir='ltr'>Gireameidimiui</span> <span class='ocrx_word' id='word_1_780' title='bbox 599 1879 750 1959; x_wconf 82' lang='lat' dir='ltr'>lehovoe,</span> <span class='ocrx_word' id='word_1_781' title='bbox 779 1880 945 1961; x_wconf 55' lang='lat' dir='ltr'>&amp;auferte</span> <span class='ocrx_word' id='word_1_782' title='bbox 962 1878 1133 1960; x_wconf 79' lang='lat' dir='ltr'>praeputia</span> 
     </span>
     <span class='ocr_line' id='line_1_60' title="bbox 159 1963 1133 2041; baseline -0.003 -12"><span class='ocrx_word' id='word_1_783' title='bbox 159 1965 393 2041; x_wconf 74' lang='lat' dir='ltr'>cordisvestri,</span> <span class='ocrx_word' id='word_1_784' title='bbox 426 1967 489 2030; x_wconf 85' lang='lat' dir='ltr'>uiri</span> <span class='ocrx_word' id='word_1_785' title='bbox 512 1964 702 2030; x_wconf 80' lang='lat' dir='ltr'>Iehuduhet</span> <span class='ocrx_word' id='word_1_786' title='bbox 730 1963 849 2032; x_wconf 73' lang='lat' dir='ltr'>incolae</span> <span class='ocrx_word' id='word_1_787' title='bbox 873 1963 1062 2030; x_wconf 71' lang='lat' dir='ltr'>[emaum.-</span> <span class='ocrx_word' id='word_1_788' title='bbox 1094 1982 1133 2026; x_wconf 81' lang='lat' dir='ltr'>rte</span> 
     </span>
     <span class='ocr_line' id='line_1_61' title="bbox 160 2047 1131 2133; baseline -0.007 -16"><span class='ocrx_word' id='word_1_789' title='bbox 160 2052 337 2133; x_wconf 71' lang='lat' dir='ltr'>egredietur</span> <span class='ocrx_word' id='word_1_790' title='bbox 357 2056 507 2132; x_wconf 78' lang='lat' dir='ltr'>tunquam</span> <span class='ocrx_word' id='word_1_791' title='bbox 530 2051 614 2132; x_wconf 75' lang='lat' dir='ltr'>ipsis</span> <span class='ocrx_word' id='word_1_792' title='bbox 634 2051 727 2130; x_wconf 73' lang='lat' dir='ltr'>furor</span> <span class='ocrx_word' id='word_1_793' title='bbox 747 2070 850 2128; x_wconf 82' lang='lat' dir='ltr'>meua,</span> <span class='ocrx_word' id='word_1_794' title='bbox 879 2054 907 2114; x_wconf 87' lang='lat' dir='ltr'>el</span> <span class='ocrx_word' id='word_1_795' title='bbox 935 2047 1131 2125; x_wconf 65' lang='lat' dir='ltr'>mentimur,</span> 
     </span>
     <span class='ocr_line' id='line_1_62' title="bbox 159 2130 1132 2219; baseline -0.002 -21"><span class='ocrx_word' id='word_1_796' title='bbox 159 2140 186 2198; x_wconf 82' lang='lat' dir='ltr'>el</span> <span class='ocrx_word' id='word_1_797' title='bbox 217 2156 305 2200; x_wconf 76' lang='lat' dir='ltr'>aare</span> <span class='ocrx_word' id='word_1_798' title='bbox 338 2137 532 2219; x_wconf 72' lang='lat' dir='ltr'>exstinguet,</span> <span class='ocrx_word' id='word_1_799' title='bbox 559 2141 690 2216; x_wconf 76' lang='lat' dir='ltr'>propter</span> <span class='ocrx_word' id='word_1_800' title='bbox 722 2133 756 2219; x_wconf 92' lang='lat' dir='ltr'>(a</span> <span class='ocrx_word' id='word_1_801' title='bbox 783 2135 879 2213; x_wconf 87' lang='lat' dir='ltr'>faeie,</span> <span class='ocrx_word' id='word_1_802' title='bbox 910 2130 951 2197; x_wconf 91' lang='lat' dir='ltr'>ad</span> <span class='ocrx_word' id='word_1_803' title='bbox 980 2130 1132 2216; x_wconf 88' lang='lat' dir='ltr'>verbum)</span> 
     </span>
     <span class='ocr_line' id='line_1_63' title="bbox 159 2220 701 2286; baseline 0.002 -3"><span class='ocrx_word' id='word_1_804' title='bbox 159 2220 315 2286; x_wconf 81' lang='lat' dir='ltr'>malitium</span> <span class='ocrx_word' id='word_1_805' title='bbox 337 2223 494 2286; x_wconf 72' lang='lat' dir='ltr'>odierium</span> <span class='ocrx_word' id='word_1_806' title='bbox 514 2225 701 2284; x_wconf 68' lang='lat' dir='ltr'>verberum.</span> 
     </span>
    </p>
   </div>
   <div class='ocr_carea' id='block_1_5' title="bbox 0 0 2398 5973">
    <p class='ocr_par' dir='ltr' id='par_1_6' title="bbox 0 0 2398 5973">
     <span class='ocr_line' id='line_1_64' title="bbox 0 0 2398 5973; baseline 0 0"><span class='ocrx_word' id='word_1_807' title='bbox 0 0 2398 5973; x_wconf 95' lang='lat' dir='ltr'> </span> 
     </span>
    </p>
   </div>
  </div>
 </body>
</html>
