4784 5970
188 362 252 427 343
1061 362 1109 427 IN
1133 360 1298 429 ISAIAM
2115 358 2179 425 344

278 550 327 615 10.
351 548 565 634 (Palpomus.)
609 549 692 613 Aliis
719 548 958 630 loquutionibus
988 547 1073 612 idem
1103 569 1157 612 ex·
1207 557 1304 630 atque
1326 571 1495 615 senescere
1517 559 1550 614 st
1571 549 1797 615 contabescere
1819 549 1853 613 in
1876 548 2017 615 miseriis
2039 549 2175 615 nestris:

190 636 300 719 ponit:
334 656 410 700 nam
443 655 541 716 quum
576 655 692 714 graves
721 634 754 697 in
785 635 901 717 populo
934 635 1156 717 querimoniae
1206 635 1396 718 quantisper
1417 636 1457 701 ad
1482 636 1591 701 Deum
1614 636 1845 701 convertimur.
1889 634 2076 701 Poterimus
2106 640 2176 720 qui-

192 721 392 796 audirentur,
417 720 499 785 nihil
522 721 784 803 praetermittere
806 720 912 784 veluit
934 719 1018 802 quod
1038 719 1158 783 laceret
1208 718 1279 783 dem
1303 742 1432 803 gemere
1453 731 1486 786 et
1507 721 1652 804 ululare,
1685 720 1739 786 sed
1764 719 1889 785 nullam
1913 720 2032 787 doloris
2053 722 2175 787 alleva·

192 806 231 871 ad
254 806 482 888 exprimendas
503 808 573 871 eius
594 806 803 871 calamitates.
836 807 936 870 Forte
953 805 1156 887 permcdum
1207 805 1326 869 tionem
1360 808 1536 872 sentiemus
1569 808 1640 872 sine
1673 806 1902 888 poenitentia..
1932 805 2054 873 Nullus
2087 811 2173 874 enim

191 894 407 958 concessionis
425 893 504 957 haec
522 904 760 968 commemorat,
784 892 917 974 perinde
933 893 1011 955 acsi
1028 891 1157 969 diceret,
1207 891 1365 955 malorum
1387 893 1461 957 finis
1473 913 1543 958 esse
1555 901 1669 975 potest,
1688 890 1843 974 quamdin
1860 912 2074 976 provocamus
2093 896 2174 960 iram

190 998 244 1041 res
267 990 396 1042 nestrae
419 976 458 1042 ad
481 988 659 1041 extremam
690 977 855 1042 miseriam
884 978 1033 1041 redactae
1062 987 1155 1040 sunt:
1206 974 1349 1056 Domini,
1371 999 1432 1043 nec
1454 977 1654 1044 reconciliari
1675 977 1738 1060 ipsi
1761 987 1829 1043 toto
1857 979 1966 1042 animo
1995 978 2174 1047 studemus.

191 1063 247 1127 sed
270 1084 366 1129 eausa
388 1064 591 1146 potissimum
614 1063 789 1144 spectanda
813 1071 870 1140 est,
897 1061 1155 1144 quandoquidem
1292 1064 1342 1127 12.
1365 1062 1560 1150 (Quoniam.)
1598 1064 1779 1129 Confirmat
1800 1062 1832 1126 id
1856 1063 1942 1144 qued
1965 1064 2055 1146 prius
2072 1065 2173 1131 dixit:

191 1147 273 1214 haee
294 1158 327 1213 et
348 1150 499 1231 graviora
520 1148 627 1212 meriti
650 1169 771 1213 sumus.
806 1147 871 1214 Sed
895 1169 959 1212 non
982 1147 1065 1211 male
1081 1168 1156 1212 con·
1206 1168 1321 1229 nempe
1344 1149 1496 1232 populum
1518 1149 1639 1215 iniuste
1662 1151 1775 1227 lacere,
1798 1149 1883 1230 quod
1904 1148 2015 1214 Deum
2037 1150 2174 1216 crudeli·

191 1235 310 1317 veniet,
331 1234 478 1316 stupidos
500 1235 713 1317 expergefieri
731 1244 768 1298 ut
784 1234 868 1297 mala
883 1254 941 1297 sua
958 1232 1155 1314 expendant.
1206 1233 1282 1296 tatis
1304 1246 1462 1315 accenset,
1486 1257 1544 1300 nee
1566 1234 1720 1317 intelligit
1742 1255 1777 1298 se
1799 1235 1900 1299 iustas
1922 1234 2083 1300 scelerum
2102 1258 2172 1302 sue·

190 1318 263 1385 Etsi
284 1321 370 1384 enim
393 1320 467 1402 plns
489 1322 566 1383 satis
597 1330 673 1383 sunt
701 1320 841 1400 queruli,
872 1318 1017 1383 diabolus
1046 1328 1155 1381 tamen
1206 1339 1278 1381 rum
1302 1340 1422 1401 poenas
1444 1321 1528 1394 dare,
1553 1341 1689 1402 quorum
1712 1319 1779 1383 alta
1800 1321 1969 1403 congeries
1989 1320 2173 1387 incoelum

190 1412 352 1488 torporem
375 1405 521 1481 obducit,
551 1427 592 1468 ne
614 1425 668 1468 eos
690 1406 783 1488 signa
805 1406 872 1469 iras
894 1403 958 1468 Dei
981 1402 1021 1467 ad
1043 1404 1155 1485 poeni·
1207 1423 1310 1485 usquc
1340 1405 1477 1470 eminet:
1512 1427 1574 1488 quo
1608 1426 1705 1470 sensu
1739 1403 1819 1469 dicit
1851 1405 2065 1488 multiplicata
2095 1428 2173 1476 osse.

191 1494 328 1554 tentiam
351 1490 534 1555 sollicitent.
579 1488 707 1554 Alludit
729 1500 837 1555 autem
861 1491 901 1555 ad
931 1490 1153 1570 metaphoram
1207 1488 1348 1553 Multum
1371 1491 1468 1554 etiam
1492 1491 1643 1574 ponderis
1665 1491 1764 1556 habet
1793 1489 1873 1557 haec
1901 1491 2078 1574 particula,
2112 1493 2171 1559 Co·

191 1574 290 1653 illam,
313 1597 375 1658 qua
398 1597 476 1640 usus
498 1586 569 1639 erat
590 1576 737 1657 proximo
759 1596 876 1652 versu,
906 1595 1007 1657 quum
1034 1573 1156 1640 diceret
1205 1593 1275 1637 ram
1298 1583 1345 1640 tc:
1379 1575 1543 1642 descendit
1575 1577 1662 1640 enim
1693 1575 1850 1675 propheta
1871 1576 1905 1640 in
1928 1599 1963 1642 sc
1985 1578 2110 1659 ipsum,
2142 1591 2174 1645 et

191 1661 346 1743 populum
370 1662 402 1725 in
426 1661 568 1725 tenebris
591 1671 624 1724 et
646 1661 785 1744 caligine
809 1661 939 1738 versari,
969 1681 1028 1726 nec
1050 1661 1153 1725 ullum
1204 1661 1328 1724 iustum
1352 1661 1413 1725 Dei
1446 1661 1600 1727 iudicium
1634 1666 1797 1746 agnoscit,
1829 1661 1913 1745 quod
1946 1663 2173 1729 absconditum

192 1748 335 1828 reperire
357 1748 499 1811 exitum:
522 1768 559 1812 ac
582 1747 744 1828 significat
765 1768 839 1811 eum
864 1746 996 1811 destitui
1011 1746 1156 1824 consilio,
1206 1755 1276 1809 erat
1300 1745 1492 1812 hominibus.
1526 1747 1641 1811 Voluit
1663 1768 1740 1831 erge
1763 1746 1892 1813 tacitam
1915 1748 2096 1815 antithesin
2119 1770 2172 1814 an-

192 1844 225 1896 et
248 1842 337 1896 tanta
359 1834 524 1897 anxietate
546 1835 649 1915 premi
672 1842 711 1896 ut
732 1832 858 1897 nullum
886 1833 1068 1916 perfugium
1099 1842 1156 1895 aut
1206 1841 1321 1896 notare
1350 1833 1435 1897 inter
1463 1832 1617 1897 iudicium
1643 1833 1720 1907 Dei,
1751 1844 1784 1896 et
1808 1831 1962 1898 iudicium
1994 1834 2170 1901 hominum.

192 1917 371 1981 remedium
395 1917 521 1982 haheat.
566 1917 674 1997 Quum
697 1917 799 1983 levius
822 1918 943 1982 malum
967 1930 1069 2001 urget,
1093 1919 1155 1983 cir·
1206 1916 1250 1980 Hi
1271 1918 1357 1981 enim
1377 1918 1439 1983 sibi
1457 1917 1679 1995 blandiuntur,
1703 1936 1763 1982 nec
1780 1927 1934 1999 reputant
1951 1930 2171 2001 peceatasua:

192 2004 663 2086 cumspicimusatqueexitum
680 2002 820 2086 aliquem
839 2022 1020 2086 speramus:
1042 2023 1154 2067 verum
1206 2003 1261 2066 ssd
1285 2023 1351 2066 non
1372 2024 1410 2068 cc
1433 2004 1542 2068 minus
1561 2013 1744 2088 arguuntur
1766 2024 1785 2068 a
1805 2003 1876 2067 Deo
1904 2006 1959 2085 qui
1989 2005 2097 2072 iustus
2125 2016 2173 2073 cst

191 2088 224 2152 in
254 2088 430 2153 maioribus
459 2089 619 2171 angustiis
646 2089 789 2171 oppressi
821 2088 1045 2172 desperatione
1073 2087 1155 2152 nihil
1206 2088 1317 2166 iudex,
1352 2109 1412 2153 nce
1444 2109 1545 2154 vanas
1578 2089 1819 2168 excusationes,
1853 2090 1972 2171 quibus
2005 2104 2117 2175 tegere
2137 2113 2172 2157 se

191 2173 355 2254 videm'us,
386 2194 444 2238 nec
466 2172 655 2238 iudicamus.
701 2174 877 2258 Propterea
899 2175 975 2239 dicit
1004 2175 1038 2238 in
1065 2173 1155 2252 laby·
1206 2173 1329 2250 volunt,
1352 2185 1506 2239 moratur.
1541 2175 1683 2238 Proinde
1705 2195 1770 2238 nen
1792 2174 1871 2239 satis
1888 2175 1917 2239 ei
1936 2175 2000 2240 luit
2017 2176 2171 2259 populum

188 2259 336 2324 rinthum
358 2260 517 2325 coniectos
538 2261 680 2342 palpare.
1206 2259 1395 2340 simpliciter
1418 2258 1602 2325 damnasse:
1626 2258 1681 2325 scd
1705 2258 1783 2325 dicit
1800 2259 2025 2341 multiplicasse
2041 2270 2171 2344 peecata

275 2345 524 2430 (Impinpimus.)
579 2344 705 2411 Eodem
738 2353 879 2427 spectat,
919 2352 1016 2427 atque
1056 2345 1154 2408 etiam
1206 2365 1282 2426 sua,
1312 2345 1375 2410 hcc
1402 2355 1468 2422 est,
1499 2345 1610 2410 multis
1632 2345 1818 2411 nominibus
1848 2366 1941 2411 reum
1969 2367 2041 2412 esse
2063 2368 2170 2414 coram

190 2433 324 2516 gravius
347 2429 499 2513 quiddam
521 2431 657 2514 exponit
687 2431 766 2495 haec
794 2429 955 2513 loquutio‚
986 2431 1013 2495 si
1041 2429 1154 2512 pedem
1205 2428 1286 2494 Dee.
1340 2430 1500 2513 Agnoscit
1531 2451 1610 2515 ergo
1642 2431 1766 2496 iustum
1799 2452 1869 2497 csse
1901 2431 2102 2511 Dominum,
2140 2445 2173 2499 st

189 2527 361 2595 moveant,
391 2517 498 2579 varias
520 2517 715 2581 offensiones
737 2515 880 2598 undique
902 2535 1087 2581 occurrere:
1122 2526 1155 2579 ct
1206 2516 1321 2598 optimi
1344 2515 1458 2581 iudicis
1481 2516 1621 2581 officium
1646 2536 1751 2600 agere,
1777 2536 1877 2599 quum
1901 2517 1983 2581 nihil
2006 2517 2093 2602 apud
2115 2519 2172 2586 he·

190 2601 318 2684 quidam
342 2601 424 2665 nihil
447 2600 657 2666 relaxationis
681 2623 751 2666 esse
772 2602 916 2685 ipserum
940 2600 1154 2678 matisconi
1207 2602 1311 2664 mines
1339 2602 1419 2666 recti
1448 2611 1504 2666 aut
1532 2602 1608 2667 iusti
1640 2603 1829 2685 reperiatur.
1879 2600 1957 2668 Ideo
1988 2602 2082 2668 addit
2107 2625 2171 2669 non

189 2688 257 2752 dies
279 2690 312 2751 in
337 2696 462 2752 noctem
487 2707 660 2752 conversus
682 2697 776 2751 esset.
822 2687 886 2751 Per
912 2686 981 2751 loca
1009 2686 1155 2751 solitaria
1207 2686 1300 2752 citari
1340 2697 1455 2764 testes,
1496 2687 1548 2751 vel
1580 2685 1714 2771 produci
1749 2709 1767 2752 e
1800 2687 1904 2771 coele,
1943 2687 2000 2753 sed
2034 2688 2173 2756 ludaeos

188 2772 336 2856 intellige
370 2773 423 2837 vel
456 2770 607 2856 abyssos,
645 2774 699 2838 rel
732 2773 892 2837 dal'ormes
926 2780 959 2835 et
991 2772 1155 2855 squalidas
1206 2771 1422 2837 eonscientiae
1442 2773 1626 2837 testimonio
1643 2773 1822 2857 constringi
1839 2794 1877 2840 ac
1894 2772 2054 2839 damnari.
2088 2775 2172 2841 Dili-

188 2868 302 2923 terras.
346 2859 418 2924 Hoc
441 2859 527 2922 enim
551 2860 620 2924 leco
649 2858 788 2923 libenter
809 2858 1003 2940 Hieronymi
1033 2858 1154 2922 versio·
1207 2868 1323 2940 genter
1343 2857 1485 2923 notanda
1508 2869 1557 2923 est
1574 2862 1637 2924 ista
1655 2857 1814 2941 loquutic:
1836 2860 1912 2941 quia
1930 2859 2043 2926 multis
2061 2862 2173 2944 proba·

189 2965 262 3008 nem
285 2964 410 3027 sequor,
434 2944 488 3024 qui
511 2944 683 3009 dictionem
707 2954 833 3011 uranus
855 2943 986 3009 deducit
1007 2944 1048 3009 ab
1066 2954 1154 3011 nutu.
1206 2944 1348 3009 tionibus
1370 2945 1455 3026 apud
1479 2944 1585 3009 Deum
1608 2964 1691 3026 epus
1714 2964 1777 3008 non
1800 2943 2000 3028 sacedotes,
2028 2947 2172 3030 qnando·

189 3029 320 3104 Iudaei,
351 3031 404 3109 qui
434 3041 537 3179 aptat)
559 3027 631 3094 duci
655 3029 782 3105 volunt,
811 3029 893 3093 mihi
916 3029 1082 3110 pueriliter
1104 3051 1153 3093 ar·
1206 3026 1335 3109 quidem
1357 3037 1490 3110 peccata
1516 3039 1627 3094 nostra
1655 3050 1714 3094 nos
1744 3029 1823 3095 satis
1852 3030 2019 3097 convictos
2048 3040 2172 3097 tenent.

189 3115 307 3198 gutari,
331 3136 389 3178 nec
412 3116 467 3194 qui
492 3136 586 3196 quam
611 3114 704 3179 solidi
723 3114 842 3179 habere
859 3113 1021 3178 videntur.
1056 3114 1154 3179 Viros
1207 3114 1281 3177 Non
1303 3124 1354 3178 est
1375 3114 1477 3197 igitur
1497 3134 1570 3179 cum
1587 3113 1658 3179 Deo
1674 3114 1877 3198 litigandum,
1899 3115 1993 3197 quasi
2008 3117 2172 3183 immerito

189 3200 276 3264 enim
296 3200 479 3281 significare
497 3210 623 3282 putant,
646 3200 730 3281 qued
750 3213 813 3294 tut!
832 3212 1033 3281 unguentum
1052 3201 1152 3282 signi·
1206 3200 1335 3281 puniat,
1375 3212 1430 3264 aut
1467 3202 1599 3284 gravius
1636 3199 1892 3266 animadvertat:
1928 3201 2005 3284 quia
2040 3213 2173 3284 peccata

189 3287 280 3351 licet:
320 3296 418 3367 atque
450 3287 543 3349 aiunt
576 3296 689 3368 gentes
722 3284 782 3350 hoc
816 3285 946 3349 nemina
980 3283 1153 3365 designari.
1207 3294 1318 3348 nestra
1341 3297 1452 3368 aperte
1475 3286 1618 3368 produnt
1638 3286 1749 3367 quales
1771 3287 1881 3364 simus,
1912 3306 1972 3352 nec
1992 3286 2066 3352 aliis
2088 3289 2172 3372 apud

189 3370 315 3437 Sensus
338 3382 447 3435 autem
471 3392 568 3437 verus
591 3370 769 3454 prophetas
791 3379 857 3448 est,
889 3371 922 3433 in
946 3370 1151 3434 solitudinem
1206 3370 1312 3433 Deum
1337 3371 1531 3436 testimoniis
1553 3391 1634 3452 opus
1656 3373 1726 3437 erit.
1761 3371 1827 3437 Pro
1848 3370 2009 3437 mdiorum
2029 3372 2175 3440 aliiver-

188 3458 337 3523 redaetes
357 3479 426 3521 esse
449 3456 605 3533 Iudaeos,
636 3467 673 3520 ut
702 3467 796 3520 extra
826 3456 1022 3520 consortium
1053 3455 1154 3519 hemi·
1206 3462 1283 3518 tunt
1304 3475 1403 3536 supra
1425 3474 1500 3521 nos:
1533 3455 1588 3521 scd
1612 3457 1698 3521 malo
1719 3458 1948 3540 proprietatem
1977 3457 2071 3522 verbi
2100 3461 2173 3526 reti·

189 3565 269 3608 num
292 3543 414 3608 similes
436 3545 502 3607 sint
524 3544 678 3621 mortuis,
709 3561 769 3606 nec
799 3541 897 3605 ullam
928 3543 1034 3606 exitus
1064 3562 1153 3623 spem
1207 3560 1294 3605 nero.
1339 3541 1498 3607 Homines
1519 3542 1763 3625 subterfugiunt
1786 3542 1958 3626 variasque
1980 3542 2103 3609 termas
2123 3547 2174 3611 in·

188 3628 340 3695 habeant.
1207 3627 1311 3689 duunt
1332 3637 1371 3690 ut
1391 3628 1470 3691 iusti
1493 3626 1684 3692 videantur:
1719 3626 1774 3692 sed
1798 3627 1935 3711 frustra,
1963 3630 2040 3710 quia
2062 3649 2171 3697 secum

276 3715 324 3776 11.
359 3713 441 3797 (Nos
472 3734 573 3778 munes
606 3714 698 3794 quusi
730 3711 823 3799 ursi.)
877 3713 1043 3795 Exprimit
1074 3712 1155 3777 duas
1205 3721 1323 3792 gerunt
1345 3714 1529 3795 iniquitates
1550 3732 1636 3794 suas,
1658 3733 1676 3777 e
1698 3711 1815 3796 quibus
1838 3724 2005 3795 nequeunt
2025 3734 2172 3781 assecx·

190 3799 310 3861 formas
343 3819 453 3861 eorum
485 3801 539 3880 qui
569 3799 716 3862 miserias
749 3819 824 3863 suas
857 3798 945 3863 taciti
981 3800 1064 3862 terre
1097 3820 1152 3861 ne·
1205 3796 1333 3880 plicare,
1355 3799 1451 3864 sicuti
1473 3799 1661 3881 pronuntiat
1682 3798 1773 3863 Deus
1793 3798 1829 3862 in
1851 3798 2061 3865 damnatione
2078 3800 2172 3883 (lain,

190 3894 328 3964 queunt,
368 3885 445 3964 quin
480 3884 625 3947 externis
662 3885 765 3967 signis
798 3884 1031 3948 demonstrent.
1085 3885 1154 3947 Alii
1205 3894 1371 3964 peccatum
1405 3884 1558 3948 excubias
1588 3903 1684 3966 agere
1717 3903 1777 3966 pro
1809 3884 1948 3950 foribus:
1981 3895 2018 3948 nt
2049 3886 2173 3952 nuru·

189 3969 276 4032 enim
300 3967 430 4032 ululant
452 3969 680 4032 vehementius
703 3975 858 4051 tanquam
883 3971 969 4034 ursi:
1002 3969 1057 4033 alii
1081 3979 1152 4031 tun·
1205 3968 1288 4032 elabi
1311 3977 1414 4032 tentet
1436 3990 1495 4033 sua
1523 3968 1726 4035 contumacia
1755 3969 1901 4052 quisquis
1929 3967 2087 4036 iudicium
2109 3970 2172 4039 Dei

190 4075 285 4135 quam
320 4053 486 4118 columbae
514 4063 658 4136 gemunt.
702 4053 774 4119 Hac
803 4055 976 4136 posteriore
1004 4054 1154 4117 similitu·
1205 4054 1337 4135 spernit.
1382 4052 1447 4119 Ubi
1469 4052 1547 4119 dicit
1569 4053 1707 4118 Iudaees
1729 4074 1922 4137 cognoscere
1948 4075 2007 4120 sua
2029 4067 2172 4139 peccata,

191 4140 266 4202 dine
299 4159 377 4202 usus
409 4149 457 4202 est
490 4161 559 4222 cap.
589 4139 647 4213 38,
688 4160 788 4220 quum
823 4139 981 4204 Ezechiae
1013 4141 1154 4223 gemitus
1205 4160 1270 4202 non
1294 4139 1448 4221 intelligit
1470 4139 1556 4222 ipsos
1578 4159 1655 4204 vere
1678 4140 1767 4204 intus
1789 4140 1882 4219 affici,
1911 4149 1988 4206 tuuc
2010 4142 2099 4207 enim
2122 4158 2173 4209 se·

190 4233 349 4287 narraret.
382 4224 454 4288 Hoc
476 4228 562 4288 cuim
581 4224 703 4303 accidit,
727 4244 826 4305 quum
847 4224 988 4289 dolorem
1008 4241 1153 4290 nostrum
1204 4225 1315 4305 quitur
1335 4225 1553 4306 poenitentia:
1585 4224 1639 4289 scd
1661 4224 1803 4289 declarat
1824 4245 1894 4301 eos,
1929 4226 2062 4292 tametsi
2087 4226 2173 4293 iudi-

189 4309 402 4390 comprimerc
426 4329 590 4389 conamur,
612 4332 673 4374 nec
696 4319 804 4373 tamen
827 4311 871 4373 ita
894 4313 1058 4375 continere
1081 4331 1154 4392 pos·
1205 4310 1290 4375 cium
1324 4309 1387 4373 Dei
1421 4310 1564 4393 affugere
1597 4310 1746 4392 cupiant,
1785 4312 1917 4392 proprio
1957 4312 2174 4380 consolantiae

190 4417 319 4471 sumus,
361 4396 438 4476 quin
473 4395 584 4458 invitis
619 4395 711 4459 uobis
744 4407 879 4458 externa
910 4395 1027 4460 doloris
1060 4398 1154 4478 signa
1205 4395 1386 4459 testimonio
1409 4397 1598 4460 constrictos
1627 4416 1698 4460 esse
1730 4403 1763 4460 at
1792 4397 1952 4473 confixos,
1983 4408 2021 4462 ut
2049 4399 2175 4465 frustra

190 4490 371 4563 erumpant.
421 4478 558 4544 Summa
587 4492 652 4556 est,
685 4502 772 4545 nune
801 4479 834 4546 vi
864 4478 981 4544 doloris
1010 4491 1153 4546 extortos
1205 4480 1459 4563 tergiversantur
1491 4489 1548 4546 ant
1580 4481 1821 4546 excusationem
1856 4490 2025 4563 quaerant.
2076 4482 2173 4565 Quod

188 4567 253 4631 illis
277 4567 375 4630 luisse
404 4565 576 4640 clamores,
612 4587 697 4629 nunc
726 4565 868 4630 sirsurris
897 4574 930 4628 et
960 4565 1153 4647 obstreperis
1205 4576 1312 4630 autem
1335 4566 1478 4648 loquitur
1500 4568 1532 4630 in
1556 4567 1661 4649 prima
1684 4586 1829 4648 persona,
1851 4585 1889 4633 ae
1910 4569 2050 4650 sequasi
2069 4590 2173 4635 unum

189 4653 322 4716 vocibus
351 4664 542 4732 conquestos
570 4672 657 4715 csse:
691 4653 745 4715 sed
774 4656 948 4732 utrumque
984 4652 1054 4714 sine
1083 4673 1152 4734 pro·
1204 4650 1332 4733 evulgi
1357 4672 1492 4716 numere
1514 4652 1697 4730 constituit,
1728 4652 1807 4717 satis
1829 4653 1985 4717 usitatum
2008 4662 2070 4719 est.
2114 4655 2174 4720 In·

189 4738 289 4817 lectu,
330 4737 404 4819 quia
439 4736 528 4800 nulla
567 4738 599 4799 in
640 4736 756 4801 melius
796 4736 967 4818 eontigerit
1006 4737 1151 4801 mutatio.
1203 4745 1292 4800 terea
1314 4736 1455 4800 ostendit
1476 4737 1539 4802 hcc
1562 4737 1682 4801 malum
1705 4738 1751 4801 sic
1772 4738 2038 4819 peruniversum
2055 4759 2174 4825 corpus

188 4822 330 4889 Proinde
352 4823 470 4886 iterum
494 4824 612 4903 repetit
633 4822 754 4886 frustra
777 4821 930 4885 iudicium
961 4830 993 4884 et
1015 4820 1150 4885 salutem
1204 4822 1359 4904 grassari,
1395 4834 1431 4885 ut
1461 4823 1586 4886 nullum
1618 4823 1799 4886 membrum
1830 4823 1996 4907 integrum
2024 4836 2085 4890 aut
2111 4828 2173 4892 im·

189 4921 403 4992 exspectasse,
415 4908 602 4990 significans
615 4907 768 4989 populum
781 4907 901 4970 auxilio
915 4907 977 4970 Dei
990 4908 1151 4988 privatum
1204 4927 1301 4970 mune
1323 4907 1381 4969 sit:
1416 4919 1449 4971 et
1478 4909 1627 4989 quamvis
1649 4906 1719 4971 Deo
1749 4928 1879 4972 eausam
1910 4929 2002 4973 suam
2033 4912 2175 4993 probare

189 5016 267 5073 esse,
290 4994 372 5076 quod
397 4994 539 5057 maxime
561 4990 718 5073 cupiebat.
763 4995 870 5073 Atque
893 5014 970 5055 usus
993 5003 1041 5055 cst
1066 4992 1151 5055 salu·
1203 4992 1313 5073 possit,
1336 5001 1444 5056 tamen
1468 4994 1544 5075 quia
1566 5002 1742 5074 pervagata
1764 4994 1807 5057 eit
1825 5014 1882 5075 per
1898 5015 2011 5059 omncs
2026 4999 2175 5080 corporis

188 5078 232 5145 tis
254 5081 393 5160 nomine,
415 5087 453 5144 ut
470 5077 503 5143 id
523 5078 637 5142 melius
656 5098 692 5141 ac
711 5078 835 5158 plenius
854 5080 1052 5158 exprimeret
1068 5076 1151 5157 quod
1203 5087 1310 5158 partes
1333 5077 1502 5159 iniquitas,
1532 5099 1566 5143 sc
1589 5077 1678 5140 velut
1700 5099 1800 5142 unum
1823 5101 1864 5143 ex
1893 5080 2046 5145 membris
2069 5085 2173 5164 putri·

188 5166 279 5246 prius
301 5167 458 5244 iustitiae,
494 5174 526 5227 et
554 5183 639 5228 nunc
666 5164 783 5226 iterum
813 5163 920 5226 iudicii
944 5164 1074 5226 nominc
1098 5162 1150 5226 dc·
1204 5162 1261 5237 dis,
1285 5183 1321 5227 ac
1343 5165 1506 5227 communi
1533 5163 1726 5246 contagione
1755 5164 1911 5230 infectum
1940 5186 2010 5231 csse
2038 5166 2173 5233 latetur.

188 5249 304 5332 signat.
345 5250 433 5314 Hinc
455 5250 569 5334 collige
591 5270 649 5314 nos
672 5250 766 5331 culpa
784 5258 893 5312 nostra
915 5268 984 5312 esse
1007 5248 1151 5325 miseros,
1203 5248 1271 5313 Nec
1295 5270 1370 5313 vero
1391 5270 1499 5314 secum
1524 5260 1656 5331 pugnat,
1678 5247 1764 5331 qued
1786 5250 1945 5316 hactenus
1962 5273 1997 5317 so
2012 5256 2175 5320 exemerit
