4786 5976
118 369 182 434 589
841 367 890 432 IN
912 368 1163 434 lausonam.
1202 368 1303 435 cAP.
1325 368 1386 434 IV.
2055 372 2120 437 590

118 555 209 620 Deus
231 556 377 620 mitteret
399 556 510 622 solitos
538 557 695 623 doctores.
740 553 807 621 Sed
838 558 992 638 quoniam
1021 578 1094 621 ver·
1149 567 1239 621 turos
1261 557 1437 638 quominus
1459 556 1571 620 statim
1595 557 1686 622 Deus
1708 556 1880 621 celerrimo
1902 578 1999 623 eursu
2023 556 2123 622 addu-

119 641 195 706 bum
218 652 269 705 est
297 643 331 705 in
361 642 590 725 coniugatione
613 640 750 723 Hiphil,
782 642 890 723 potius
919 640 1092 724 legendum
1148 652 1236 705 aeret
1259 639 1453 719 Chaldaeos,
1483 644 1537 722 qni
1562 660 1639 706 voce
1663 640 1759 706 urbes
1781 653 2020 726 expugnarent.
2066 643 2122 707 ln·

118 736 176 802 est,
201 725 380 791 Menoratc.
419 725 488 790 Alii
510 738 619 790 autem
643 728 690 791 sie
712 735 891 807 exponunt,
915 727 1094 790 Memorato
1148 726 1267 808 telligit
1301 725 1428 807 quidem
1464 727 1638 791 clamorem
1672 746 1736 807 quo
1759 747 1795 790 se
1818 726 1858 791 ad
1881 726 2040 808 proelium
2071 729 2120 791 in-

120 809 351 895 degentibus:
386 810 448 877 hoo
470 826 530 889 est,
553 813 748 876 aununtiate
774 809 955 876 Chaldaeos
978 832 1092 893 prope·
1148 811 1250 874 citant
1272 811 1408 875 milites:
1437 810 1493 875 sed
1517 812 1593 893 quia
1615 810 1648 874 id
1673 812 1742 875 fieri
1766 810 1848 876 solet
1870 832 1943 877 oum
1966 812 2122 877 victoriae

119 917 201 975 rare,
226 906 263 960 ut
285 907 407 960 terram
431 905 571 972 vastent,
602 907 636 960 et
659 897 793 960 diruant
814 897 913 961 urbes
936 895 1093 972 Iehudah,
1147 896 1383 977 gratulatione:
1416 907 1524 960 actum
1549 897 1589 959 de
1611 895 1740 960 Iudaeis
1762 916 1833 961 esse
1855 898 2056 979 pronuntiat,
2085 917 2122 962 ao

120 992 152 1045 et
175 979 331 1064 populum
355 981 506 1064 redigant
529 983 562 1045 in
586 980 735 1046 nihilum.
781 979 847 1046 Sed
879 981 996 1045 tertius
1021 1002 1094 1045 sen·
1147 981 1175 1044 si
1206 983 1270 1045 iam
1303 981 1423 1045 milites
1457 980 1675 1062 triumphales
1708 979 1842 1063 plausus
1875 983 2020 1047 ederent.
2065 980 2122 1046 Se·

120 1087 177 1131 sus
195 1066 312 1130 melius
328 1066 512 1148 quadraret,
535 1067 751 1132 meoiudicio.
784 1066 875 1130 Dicit
890 1065 930 1129 ad
948 1064 1094 1143 verbum,
1147 1066 1269 1147 quitur,

120 1151 291 1216 Mernoratc
309 1151 466 1234 gentibus,
495 1171 558 1217 ecce
573 1151 773 1234 promulgate
794 1171 889 1231 super
911 1150 1093 1228 Ierusalem,

119 1256 238 1319 nempe
259 1237 410 1318 quoniam
435 1237 594 1320 propheta
612 1256 746 1319 operam
763 1256 798 1300 se
814 1236 950 1317 perdere
966 1236 1095 1301 videbat
1234 1236 1283 1300 17.
1310 1235 1411 1301 Sicuti
1430 1237 1570 1302 custodes
1591 1235 1653 1321 (est
1668 1235 1755 1299 aliud
1773 1257 1899 1314 nomen,
1917 1258 2014 1320 quam
2032 1239 2122 1319 prius

119 1321 205 1403 apud
227 1322 393 1387 socordem
416 1321 508 1386 illum
531 1321 752 1405 populum,et
775 1323 886 1403 quiin
910 1322 1095 1403 suapervi·
1147 1322 1272 1406 niuno)
1306 1322 1380 1403 agri
1409 1325 1500 1385 murat
1527 1341 1711 1402 supeream
1736 1322 1940 1387 incircuitu:
1971 1324 2047 1405 quia
2075 1343 2123 1387 me

118 1407 207 1472 cacia
229 1408 275 1472 sie
298 1405 518 1490 obstupuerat,
538 1415 577 1471 ut
599 1406 692 1472 nulla
709 1415 795 1471 esset
808 1427 944 1488 prorsus
959 1406 1094 1470 audien·
1148 1407 1352 1487 exacerbavit,
1374 1407 1451 1472 dicit
1471 1405 1617 1473 chooab.

119 1492 174 1567 tia,
197 1491 250 1554 vel
273 1491 436 1557 docilitas:
460 1493 623 1557 convertit
644 1511 827 1557 sermonem
848 1492 889 1555 ad
912 1500 1034 1572 gentes,
1058 1511 1094 1555 aa

120 1576 208 1654 dicit,
231 1575 404 1640 Memorato
424 1577 580 1660 peutubus:
602 1578 696 1659 quasi
719 1576 849 1654 diceret,
874 1577 944 1658 Ego
968 1575 1093 1658 pridem
1231 1575 1298 1641 Hie
1326 1577 1489 1659 significat
1520 1575 1651 1640 nullum
1687 1577 1754 1641 lore
1787 1576 1945 1660 effugium
1978 1575 2120 1655 Iudaeis,

119 1660 276 1726 admonui
300 1660 387 1726 huuc
414 1662 586 1743 populum,
621 1662 712 1726 Deus
741 1663 838 1725 etiam
870 1662 984 1725 habuit
1013 1661 1095 1725 alios
1148 1661 1202 1725 ubi
1236 1660 1420 1727 chaldaeos
1457 1660 1630 1725 adduxerit
1665 1660 1776 1740 Deus,
1816 1663 1969 1744 quoniam
2007 1682 2121 1727 omues

119 1747 281 1811 doctores:
306 1749 361 1811 sed
385 1745 463 1828 quid
487 1745 596 1828 adepti
619 1768 732 1810 sumus
755 1757 866 1810 nostro
889 1744 1006 1820 labore,
1032 1747 1094 1810 nisi
1148 1746 1264 1824 aditus,
1287 1768 1400 1810 omnes
1423 1747 1496 1811 viae
1520 1747 1650 1811 clausae
1673 1755 1770 1810 erunt
1788 1767 1829 1811 ne
1845 1750 1970 1829 possint
1991 1748 2024 1810 in
2041 1746 2120 1811 alias

118 1830 205 1914 quod
228 1830 367 1914 populus
389 1830 529 1895 subinde
552 1829 698 1895 redditus
720 1829 949 1896 estdeteriorl
983 1830 1093 1910 Quum
1146 1844 1250 1897 terras
1283 1833 1435 1916 migrare.
1480 1831 1622 1897 Perinde
1655 1842 1705 1896 est
1737 1833 1840 1915 igitur
1874 1853 1911 1898 ao
1940 1832 1968 1897 si
2001 1831 2122 1897 diceret

118 1937 197 1998 ergo
219 1916 266 1979 ita
289 1917 342 1997 sit,
373 1916 447 1980 Iam
468 1917 611 1981 nunt-iate
630 1914 782 1999 pentibus,
805 1916 921 1997 inquit,
949 1916 988 1980 de
1010 1914 1095 1980 Iero-
1147 1916 1245 1981 talem
1268 1917 1392 1981 instare
1415 1917 1557 1995 cladem,
1588 1938 1685 2000 quam
1709 1918 1852 1999 effugere
1875 1927 2041 2000 nequeant
2062 1937 2121 1983 ex-

118 2001 254 2083 solyma,
288 2000 350 2066 hoc
372 2011 439 2077 est,
474 2001 589 2065 Iudaei
617 2002 700 2065 nihil
732 2001 867 2083 posthae
897 2001 1032 2064 audiant
1055 2001 1094 2064 de
1146 2002 1228 2067 silio.
1273 2002 1334 2066 Est
1357 2002 1487 2084 quidem
1523 2002 1583 2067 hoo
1611 2003 1677 2066 iam
1706 2004 1809 2078 triste,
1842 2002 1898 2067 ubi
1932 2002 2012 2067 nudi
2046 2022 2120 2083 pro·

119 2087 209 2150 slede
233 2105 302 2161 sua,
326 2085 382 2150 sed
406 2095 484 2150 nota
506 2087 549 2150 sit
571 2106 609 2149 aa
631 2086 806 2150 manifesta
827 2087 925 2150 etiam
947 2085 1095 2166 profanis
1146 2087 1278 2170 lugiunt
1311 2086 1475 2164 homines,
1510 2087 1601 2169 quasi
1631 2108 1671 2150 ex
1703 2085 1864 2167 incendio,
1898 2094 1931 2150 et
1958 2097 2119 2168 quaerunt

120 2169 272 2254 gentibus
296 2170 359 2235 Dei
382 2170 464 2235 ultio
487 2171 644 2236 adversus
660 2191 723 2235 eos.
758 2170 797 2235 In
815 2169 875 2236 hac
891 2171 1095 2253 expositione
1147 2172 1253 2237 locum
1277 2169 1363 2255 apud
1393 2179 1507 2253 gentes
1540 2172 1741 2255 incognitas,
1774 2171 1828 2236 ubi
1857 2171 1980 2254 degant
2002 2172 2036 2234 in
2059 2171 2120 2235 mi·

120 2254 201 2319 nihil
236 2264 286 2320 est
320 2255 371 2319 vel
401 2266 565 2333 coactum,
600 2255 652 2319 vel
686 2256 875 2321 obscurum:
911 2264 944 2319 et
975 2257 1095 2337 optime
1146 2257 1232 2321 seria
1265 2265 1299 2320 et
1331 2266 1494 2339 egestate:
1531 2256 1588 2321 sed
1621 2255 1782 2339 propheta
1813 2254 1868 2321 hic
1901 2257 2119 2333 ooneiauatur‚

120 2339 259 2422 quadrat
282 2341 370 2423 stylo
395 2339 593 2424 prophetico.
627 2339 701 2404 Non
724 2360 804 2423 argo
827 2339 968 2422 amplius
984 2340 1097 2423 digna·
1148 2352 1273 2405 tantem
1307 2342 1374 2406 lore
1407 2345 1602 2424 gravitatem
1637 2361 1770 2421 poenae,
1805 2361 1888 2422 quae
1917 2341 1982 2404 iam
2007 2348 2120 2423 parata

121 2440 174 2489 tur
196 2447 273 2490 suos
295 2425 469 2508 populares
491 2426 623 2491 coelesti
646 2425 812 2504 doctriua,
846 2425 1002 2506 quoniam
1033 2425 1094 2491 hoe
1146 2439 1196 2492 est
1220 2426 1366 2502 ludaeis,
1400 2436 1437 2492 ut
1458 2449 1499 2490 na
1522 2424 1637 2490 exsilio
1670 2424 1799 2507 quidem
1827 2435 1862 2490 st
1884 2427 1962 2509 luga
1994 2427 2121 2507 possint

121 2520 192 2575 erat
211 2511 367 2592 proiiaere
388 2520 538 2575 sanctum
562 2510 716 2575 canibus:
739 2510 795 2574 sed
819 2509 933 2592 dirigit
955 2509 995 2574 ad
1014 2530 1094 2593 gen·
1147 2512 1207 2575 sibi
1231 2511 1411 2583 consulere,
1443 2513 1598 2592 quoniam
1624 2511 1714 2574 Deus
1747 2509 1788 2574 ab
1818 2512 1906 2574 omui
1940 2522 2032 2592 parte
2065 2529 2121 2575 eos

120 2605 168 2659 tes
191 2615 390 2658 sermonem:
414 2597 506 2677 quasi
530 2594 661 2671 diceret,
685 2595 723 2658 In
746 2595 849 2659 caecis
870 2604 904 2658 et
918 2594 1095 2659 incredulis
1148 2597 1293 2678 urgebit:
1327 2594 1599 2677 quemadmodum
1624 2595 1653 2659 si
1675 2595 1815 2676 appositi
1838 2607 1948 2660 essent
1970 2595 2120 2660 custodes

121 2679 195 2760 plus
217 2699 288 2743 esse
311 2679 555 2763 intelligentiae,
578 2699 674 2760 quam
697 2681 731 2742 in
755 2678 857 2743 electo
880 2679 942 2743 Dei
965 2680 1093 2761 populo.
1147 2681 1188 2744 ad
1210 2679 1407 2744 claudendas
1429 2701 1540 2743 omnes
1561 2679 1677 2744 aditus.
1711 2679 1831 2743 Postea
1851 2698 1981 2743 oausam
2004 2679 2120 2758 reddit,

119 2764 190 2828 Nea
211 2763 334 2843 obstat,
368 2764 453 2845 quod
487 2773 601 2847 postea
633 2765 731 2846 longo
762 2773 906 2845 tempore
934 2764 969 2827 in
995 2783 1092 2828 eursu
1150 2765 1307 2846 Quoniam
1335 2763 1584 2829 eeacmbaoerint
1607 2763 1722 2830 Deum.
1767 2764 1893 2829 Iterum
1924 2765 2017 2830 docet
2045 2785 2119 2846 pro·

120 2848 301 2913 vocationis
322 2869 401 2913 suae
431 2849 585 2930 perrexit.
631 2847 746 2914 Solent
775 2849 863 2912 enim
893 2868 989 2930 saepe
1019 2870 1092 2930 pro·
1147 2850 1254 2931 pheta,
1277 2868 1342 2913 nou
1366 2869 1436 2914 esse
1457 2847 1568 2913 Deum
1591 2849 1756 2914 crudelem
1780 2870 1858 2932 erga
1881 2847 2031 2924 Iudaeos,
2062 2869 2118 2912 ne-

120 2934 238 3016 phetae
267 2933 336 2996 nelo
358 2932 422 2996 Dei
452 2935 579 2999 accensi
610 2934 728 2996 minari
757 2933 878 3014 populo
906 2933 1093 2997 interitum:
1147 2956 1209 3017 qne
1232 2934 1328 2998 eham
1358 2933 1492 2997 fortuito
1514 2933 1588 2997 illos
1614 2934 1718 3017 affligi
1740 2943 1787 2998 tot
1810 2940 1843 2998 ot
1865 2944 1932 2999 tam
1955 2935 2120 3000 atrocibus

120 3027 283 3082 ettamen
308 3025 419 3099 postea
441 3019 622 3100 funguntur
644 3037 704 3083 suo
725 3037 878 3093 munere,
908 3028 940 3081 et
963 3028 1095 3082 tentant
1147 3019 1256 3083 malis:
1280 3018 1336 3083 sed
1359 3016 1437 3082 dare
1459 3021 1563 3083 iustas
1586 3039 1716 3098 poenas,
1740 3018 1827 3098 quod
1850 3020 1932 3082 irem
1952 3020 2015 3084 Dei
2033 3021 2066 3083 in
2085 3040 2121 3084 se

120 3102 226 3167 adhue
249 3123 291 3166 an
315 3102 476 3167 sanabiles
498 3104 575 3184 sint,
599 3102 778 3184 dequibus
803 3102 864 3168 visi
887 3111 965 3166 sunt
980 3101 1092 3184 despe·
1146 3103 1407 3186 provocaverint.
1453 3103 1525 3168 Hoc
1548 3105 1634 3166 enim
1658 3123 1774 3184 parum
1797 3100 1958 3184 proderat,
1981 3103 2120 3169 Iudaeos

121 3209 203 3252 rare.
234 3185 325 3250 Dicit
346 3186 517 3252 obsessores
537 3188 642 3253 venue
663 3192 781 3252 eterra
803 3187 981 3270 longinquo.
1011 3188 1092 3252 Ver·
1145 3189 1208 3253 sibi
1236 3197 1381 3252 metuere
1409 3209 1428 3252 a
1455 3187 1547 3254 clade
1576 3189 1776 3270 propinqua,
1808 3188 1870 3252 nisi
1904 3197 2121 3270 agnoscerent

121 3282 197 3337 tunt
218 3271 369 3337 custodes
391 3283 499 3338 ntum:
534 3271 589 3336 alii
612 3280 729 3354 putant
751 3272 924 3336 Ieremiam
949 3271 1093 3337 alludere
1145 3272 1254 3337 Deum
1277 3273 1410 3355 exigere
1433 3293 1556 3356 poenas
1578 3273 1618 3336 de
1640 3293 1750 3336 aarum
1775 3269 2004 3337 obstinatione.
2042 3272 2119 3338 Huc

120 3357 301 3422 adnomen
324 3357 612 3436 Nebuehadneaer,
641 3355 726 3438 quod
756 3357 880 3422 seilicet
903 3358 974 3423 eius
997 3357 1093 3422 satel·
1145 3358 1249 3440 igitur
1279 3366 1405 3438 spectat
1435 3378 1554 3423 causae
1588 3356 1737 3430 redditio,
1772 3365 1808 3419 ut
1830 3356 1943 3420 Iudaei
1976 3359 2120 3420 sentiant

119 3443 194 3507 lites
217 3444 346 3506 venturi
370 3444 437 3506 siut
459 3441 499 3506 ad
519 3442 774 3508 exscindendam
794 3441 1039 3525 lerosolymam,
1059 3447 1093 3507 st
1146 3444 1207 3507 sibi
1228 3443 1333 3524 infligi
1358 3443 1417 3506 has
1440 3442 1642 3508 calamitates
1665 3462 1685 3504 a
1707 3440 1767 3503 Dei
1791 3459 1905 3504 manu:
1930 3449 1963 3504 et
1985 3442 2018 3505 in
2042 3463 2119 3506 ean-

120 3527 315 3592 everteudas
349 3527 447 3591 urbes
479 3527 639 3592 Iehudah.
695 3525 761 3591 Sed
795 3527 880 3591 malo
914 3527 1092 3592 transferre
1146 3527 1218 3591 dem
1242 3529 1437 3591 sententiam
1461 3526 1601 3607 subiicit,

121 3611 299 3676 obsessores.
332 3610 542 3694 Quamquam
561 3625 617 3679 ost
635 3612 767 3693 quidam
791 3620 909 3693 putant
927 3611 1091 3676 interdum

121 3697 221 3778 accipi
251 3695 481 3778 propendere,
511 3706 568 3760 aut
590 3709 727 3762 vastare.
774 3694 840 3762 Sed
868 3696 987 3761 melias
1016 3716 1092 3759 con·
1236 3695 1283 3759 18.
1315 3695 1376 3759 Via
1397 3701 1463 3776 tua,
1493 3695 1677 3759 daemoes
1704 3701 1777 3760 tuac
1804 3694 1942 3775 fecerunt
1970 3692 2024 3759 boc
2045 3695 2119 3759 tibi:

120 3783 209 3864 gruit
232 3782 315 3846 alter
337 3801 470 3865 seusus,
504 3781 776 3863 quemadmodum
812 3781 964 3862 proximo
996 3801 1092 3847 versu
1146 3781 1221 3845 baec
1243 3780 1368 3844 matitia
1385 3784 1448 3861 tua,
1472 3780 1621 3860 quautam
1644 3799 1804 3844 amarum:
1825 3780 1974 3860 quoniam
1989 3780 2120 3863 pertigit

120 3865 266 3948 liquebit.
313 3865 454 3930 Videtur
476 3865 557 3929 mihi
580 3865 737 3949 frigidum
768 3865 852 3947 quod
882 3864 937 3928 alii
960 3876 1093 3930 vertunt
1146 3867 1262 3930 adcor
1284 3871 1372 3929 tuum
1401 3862 1467 3948 (vel
1491 3865 1640 3945 quamvis
1663 3885 1811 3929 amarum
1834 3864 1887 3940 sit,
1915 3871 1948 3928 et
1970 3866 2121 3946 quamvis

120 3950 282 4028 custodes,
312 3959 345 4014 et
368 3960 476 4013 tamen
498 3952 663 4014 communi
686 3950 754 4014 lere
776 3969 937 4016 consensu
958 3948 1021 4016 hoo
1042 3959 1094 4014 est
1146 3951 1319 4034 pertigerit
1342 3950 1381 4014 ad
1405 3970 1461 4015 cor
1485 3949 1603 4031 tuum).

120 4046 297 4117 receptum.
352 4032 418 4101 Sed
451 4033 573 4115 accipio
600 4055 664 4116 pro
696 4034 914 4099 obsessoribus.
967 4034 1095 4099 Venient

119 4122 218 4204 igitur
239 4121 421 4200 obsessores,
444 4119 564 4199 inquit:
587 4120 663 4201 quia
681 4131 737 4186 ist
756 4140 822 4182 non
841 4126 968 4183 tantum
992 4119 1093 4203 signi·
1232 4118 1514 4200 Quemadmodum
1538 4139 1642 4200 nuper
1665 4116 1744 4196 dixi,
1767 4116 1927 4199 propheta
1948 4120 2118 4183 confirmat

119 4207 195 4272 ficet
227 4204 408 4280 eustodire‚
443 4203 499 4268 sed
534 4204 630 4267 etiam
665 4203 815 4269 claudere
848 4205 1026 4285 angustiis,
1060 4213 1095 4268 et
1147 4225 1238 4270 suam
1263 4204 1458 4284 doctrinam,
1487 4199 1571 4285 quod
1600 4201 1723 4267 scilicet
1746 4201 1858 4265 Iudaei
1882 4222 1949 4267 uon
1971 4201 2120 4267 laborent

120 4291 212 4372 quasi
235 4311 390 4371 premere.
423 4288 550 4352 Venient
571 4288 673 4371 igitur
696 4287 867 4353 obsessores
888 4309 904 4353 e
925 4293 1010 4354 terra
1031 4290 1094 4353 ton·
1147 4289 1284 4354 adversa
1307 4291 1445 4366 fortuna,
1469 4289 1565 4354 sicuti
1588 4285 1688 4369 vulgo
1711 4286 1904 4368 loquunturr
1928 4287 1986 4351 sed
2006 4307 2119 4352 vocen-

117 4376 247 4459 m‘nqua.
293 4375 365 4439 Hae
388 4373 555 4457 epitheton
579 4375 783 4454 exprimitur,
808 4394 848 4437 ue
871 4374 1009 4455 populus
1033 4374 1093 4438 sibi
1147 4382 1201 4437 tur
1224 4395 1242 4438 a
1266 4375 1337 4440 Deo
1360 4375 1394 4438 in
1416 4371 1586 4447 iudicium,
1617 4391 1734 4454 nempe
1756 4383 1793 4435 ut
1816 4370 1892 4436 tacti
1916 4372 1979 4435 Dei
2002 4373 2119 4437 timore

121 4461 291 4543 promittat
325 4460 554 4541 impunitatem
592 4480 633 4522 ex
669 4459 828 4541 patientia
862 4457 942 4536 Dei,
982 4480 1093 4540 quem·
1147 4459 1348 4540 resipiscant,
1373 4459 1424 4523 vel
1446 4459 1573 4530 saltem,
1598 4457 1625 4521 si
1648 4455 1850 4539 pereundum
1874 4457 1918 4520 sit
1938 4457 2118 4521 secundum

121 4544 296 4612 admodum
325 4547 415 4626 prius
445 4544 650 4609 dictumest.
696 4542 806 4624 Quum
838 4545 923 4607 euim
948 4543 1095 4608 differret
1146 4564 1289 4620 earnem,
1321 4555 1356 4607 ut
1384 4552 1493 4608 tamon
1524 4540 1688 4606 humiliati
1712 4542 1841 4606 veniam
1870 4541 2053 4617 obtineant,
2086 4552 2119 4606 et

122 4630 279 4695 ultionem
303 4649 394 4693 snam
420 4630 519 4706 Deus,
550 4630 710 4710 putabant
731 4630 796 4692 iam
820 4649 855 4693 ss
878 4649 948 4692 esse
970 4627 1094 4693 solutos
1147 4628 1231 4692 salvi
1260 4631 1343 4693 fiant
1372 4630 1496 4711 spiritu.
1545 4625 1636 4690 Dicit
1665 4627 1776 4709 igitur,
1810 4626 1877 4690 Hoc
1909 4626 1977 4691 illis
2008 4625 2120 4706 fecisse

121 4717 212 4779 omni
239 4722 346 4778 metu:
381 4713 452 4778 ideo
482 4714 570 4793 dicit,
604 4714 755 4796 quamvis
786 4711 929 4777 nondum
965 4713 1093 4777 hostem
1146 4733 1225 4778 suas
1246 4715 1397 4779 actiones:
1427 4713 1518 4796 quasi
1541 4711 1676 4788 diceret,
1707 4711 1780 4776 Non
1803 4711 1959 4792 estquod
1983 4713 2119 4776 vertatis

122 4809 257 4865 cernant
279 4798 391 4875 oeulis,
422 4800 571 4880 quamvis
593 4798 736 4864 nondum
760 4799 895 4863 audiant
918 4798 1092 4879 strepitum
1147 4798 1276 4881 eulpam
1300 4801 1332 4863 in
1359 4801 1475 4874 Deum,
1499 4798 1549 4863 vel
1573 4796 1725 4861 adversos
1748 4816 1850 4873 casus,
1880 4807 1917 4859 ut
1939 4794 2059 4874 soletis,
2086 4808 2119 4860 et

122 4885 285 4950 venientis
314 4884 493 4948 exercitus:
528 4893 639 4947 tamen
669 4903 733 4948 non
757 4884 880 4948 trustra
901 4882 1010 4949 Deum
1034 4883 1094 4947 mi·
1146 4885 1271 4949 faciunt
1298 4886 1396 4949 etiarn
1419 4903 1532 4948 omnes
1555 4882 1691 4964 profani.
1736 4880 1821 4945 Nam
1843 4880 1979 4945 uniones
1999 4885 2119 4944 vedrae

122 4971 206 5054 nari,
228 4969 381 5051 quoniam
406 4978 572 5031 momento
596 4975 739 5034 accersat
758 4973 883 5032 eterra
905 4968 1095 5052 longinquo,
1147 4969 1233 5033 vobis
1248 4971 1379 5050 parient
1400 4968 1458 5032 bas
1479 4968 1591 5034 cuca.
1628 4966 1680 5030 Ita
1695 4965 1788 5029 Deus
1810 4965 1967 5048 fungetur
1988 4965 2117 5047 quidem

123 5056 176 5137 qui
213 5064 389 5119 exerceant
425 5073 518 5117 suam
556 5053 745 5119 vindictam.
805 5051 900 5130 Quod
938 5057 1094 5134 seqnitur,
1147 5054 1265 5121 iudicis
1287 5053 1409 5119 officio:
1444 5053 1499 5117 sed
1528 5052 1685 5135 quidquid
1714 5050 1852 5127 accidet,
1888 5049 2117 5132 imputandum

124 5138 226 5206 Edeut
254 5159 355 5204 vocem
387 5158 480 5202 suam
512 5157 607 5219 super
636 5139 728 5203 urbes
759 5136 916 5219 chudab,
950 5136 1094 5203 additum
1148 5139 1212 5203 erit
1234 5141 1353 5204 vestris
1375 5137 1559 5202 sceleribus.
1605 5138 1650 5201 Et
1672 5134 1785 5199 eodem
1814 5155 1912 5201 sensu
1939 5136 2037 5199 etiam
2060 5134 2116 5200 ad·

124 5236 182 5304 est,
214 5229 252 5290 ut
273 5223 387 5288 Iudaei
416 5225 537 5288 scirent
568 5223 668 5288 nullis
697 5222 874 5289 obstaculis
897 5243 932 5287 se
952 5223 1095 5304 prohibi·
1148 5225 1265 5309 iungit,
1289 5223 1376 5287 Haec
1392 5222 1515 5287 matitia
1532 5227 1596 5287 tua.
1628 5221 1776 5302 Denique
1794 5219 1936 5286 ostendit
1958 5218 2120 5304 propheta
