4784 5970
195 367 259 433 409
1046 363 1197 431 uAPuu
1220 362 1348 428 LXIV.
2132 372 2199 437 410

195 556 313 638 locum,
336 565 434 637 etque
455 553 490 617 in
518 552 615 617 aliem
645 553 845 618 sententiam
874 562 1035 635 torquere.
1082 550 1173 616 Oitat
1226 551 1312 616 Nam
1333 551 1367 615 in
1391 552 1582 636 reputandis
1603 554 1668 620 Dei
1700 556 1853 638 operibus
1883 557 1943 623 hoc
1971 557 2107 622 solenne
2134 558 2199 642 piis

144 653 149 663 ·
196 641 295 705 etiam
317 642 422 723 ipsum
445 639 519 705 eliis
536 637 646 704 verbis
669 637 712 724 (1.
733 637 808 703 (lor.
831 638 862 716 2,
882 637 932 722 9);
955 657 1073 719 nempe
1096 637 1173 718 quie
1225 656 1262 701 ec
1296 636 1409 701 tritum
1441 651 1501 717 est,
1535 651 1571 704 ut
1600 661 1619 703 a
1647 642 1755 722 specie
1788 663 1855 706 una
1887 641 1929 707 ad
1962 650 2068 707 totum
2096 664 2200 728 genus

196 735 353 809 sequutus
371 738 420 790 est
438 725 618 789 versionem
638 744 799 808 graecam.
833 722 908 802 Qua
925 723 958 787 in
983 743 1018 787 re
1035 722 1173 804 apostoli
1225 731 1404 787 transeant.
1438 723 1491 790 Ita
1512 745 1615 791 unum
1639 726 1702 790 hoc
1722 736 1790 791 tem
1813 727 1942 811 insigne
1957 727 2089 792 divinae
2110 730 2199 794 boni·

196 811 318 876 morosi
340 831 404 874 non
428 811 560 874 fuerunt
600 830 701 890 quum
732 810 912 875 sententies
941 807 1173 890 potiusquam
1225 809 1303 872 tatis
1335 809 1522 892 exemplum
1556 810 1735 893 prophetae
1776 821 1921 878 mentem
1953 814 2052 878 altius
2084 834 2200 897 rapere

197 896 296 961 verba
314 903 509 977 spectarent.
556 857 645 960 Setis
674 895 762 959 enim
794 905 864 959 erat
894 894 975 976 ipsis
1005 894 1172 958 monuisse
1225 894 1345 975 potuit,
1378 903 1416 960 ut
1447 896 1643 961 immensam
1676 897 1768 962 illam
1800 898 1957 962 bonorum
1990 899 2199 978 affluentiam,

196 979 376 1046 auditorem
410 980 472 1044 loci
504 981 683 1061 scripturae
717 979 805 1043 unde
833 981 901 1061 peti
930 982 1058 1061 poteret
1085 977 1171 1060 qnod
1224 998 1307 1060 quae
1330 978 1480 1046 fidelibus
1496 982 1531 1045 in
1546 981 1635 1047 coelo
1650 991 1701 1047 est
1716 981 1890 1062 recondita,
1913 1003 2025 1049 secum
2040 983 2199 1047 volveret.

196 1067 362 1130 docebant.
408 1064 505 1144 Quod
533 1075 641 1128 autem
666 1064 789 1130 Penius
811 1063 942 1129 videtur
969 1061 1010 1127 de
1031 1082 1092 1127 suo
1115 1064 1170 1127 ad·
1223 1063 1295 1128 lmo
1317 1063 1404 1129 clere
1425 1067 1647 1148 perspicimus,
1675 1066 1736 1132 sub
1759 1067 1819 1132 hoc
1841 1067 1893 1132 elo
1916 1068 1947 1131 ic
1969 1068 2198 1149 comprehendi

196 1150 324 1228 didisse,
346 1150 460 1215 Necin
481 1150 687 1215 corhomiuis
703 1148 850 1215 ascendit
865 1148 949 1230 quod
965 1150 1173 1231 praeparavit
1223 1147 1336 1213 foedus
1363 1152 1543 1233 gratuitum
1574 1172 1638 1234 quo
1666 1142 1726 1216 sibi
1756 1152 1843 1217 filios
1864 1088 2020 1218 Ahrahee
2047 1153 2081 1216 in
2108 1173 2198 1236 spem

198 1237 288 1302 Deus
310 1234 520 1319 diligentibus
542 1236 666 1318 ipsum:
690 1234 917 1318 explicationis
935 1254 1033 1300 causa
1050 1235 1172 1298 factum
1225 1243 1376 1299 aeternae
1398 1235 1487 1301 vitae
1509 1237 1600 1301 Dens
1621 1236 1796 1319 adoptavit.
1840 1237 1982 1302 Summe
2010 1238 2077 1303 huc
2105 1239 2198 1317 redit,

196 1333 256 1386 cst.
302 1320 394 1385 Nihil
426 1321 512 1385 enim
544 1319 660 1386 adiecit
694 1319 781 1401 quod
816 1341 880 1385 non
912 1329 1170 1385 consentaneum
1224 1339 1323 1401 quum
1355 1328 1447 1385 tanta
1474 1322 1517 1385 sit
1546 1321 1608 1386 Dei
1637 1320 1770 1388 bonitas
1794 1331 1828 1387 et
1858 1325 2019 1406 potentia,
2053 1343 2116 1388 non
2150 1339 2199 1389 est

197 1409 335 1473 situum
360 1405 538 1488 prophetae
568 1404 725 1470 doctrine.
770 1406 881 1488 Atque
910 1416 947 1469 ut
975 1404 1091 1469 melius
1121 1404 1171 1467 in·
1224 1404 1307 1486 quod
1331 1406 1361 1469 ei
1384 1404 1588 1471 diffidamus:
1618 1406 1673 1471 sed
1697 1409 1743 1472 ite
1766 1410 1909 1490 reposita
1931 1408 1966 1472 in
1989 1426 2027 1471 eo
2049 1428 2120 1473 esse
2142 1409 2199 1473 de·

197 1491 382 1575 telligarnus
416 1511 513 1573 quam
551 1490 634 1555 bene
674 1492 848 1555 conveniat
885 1511 961 1555 cum
1003 1486 1172 1570 propheta,
1224 1490 1279 1555 bet
1300 1489 1419 1556 fiducie
1441 1501 1563 1571 nostra,
1601 1501 1637 1555 ut
1659 1513 1827 1573 speremus
1849 1514 1923 1557 eum
1946 1502 2035 1557 certo
2068 1491 2197 1557 adfutu-

197 1576 370 1643 oonsilium
391 1577 461 1640 eius
483 1576 576 1640 nobis
594 1575 771 1640 tenendum
791 1587 851 1640 est.
885 1574 1026 1640 Disserit
1048 1594 1086 1638 ec
1100 1573 1172 1640 loeo
1223 1596 1298 1639 rum
1320 1595 1400 1641 essa.
1447 1580 1557 1659 Atque
1579 1577 1645 1642 huo
1666 1587 1815 1659 spectent
1841 1578 1999 1643 beneficia
2027 1577 2084 1641 illa
2107 1598 2198 1659 prae·

198 1662 238 1726 de
257 1661 420 1745 evangelii
438 1660 595 1743 doctrina,
613 1681 710 1744 quam
731 1659 874 1725 ostendit
892 1659 1028 1724 humani
1046 1659 1172 1742 ingenii
1224 1660 1312 1725 clara
1334 1680 1418 1742 quae
1440 1660 1494 1726 hic
1516 1683 1535 1726 a
1558 1661 1717 1744 prophete
1739 1675 2046 1729 commemorentur.

197 1746 521 1828 comprehensionem
540 1765 704 1829 superare.
733 1745 819 1809 Nam
840 1745 980 1810 alienam
999 1743 1172 1808 admodum
1309 1746 1340 1810 4.
1373 1744 1584 1831 (Occrmisfi.)
1635 1747 1751 1832 Pergit
1782 1749 1816 1811 in
1849 1748 1963 1811 eodem
1997 1757 2199 1830 argumento.

197 1845 229 1896 et
250 1841 410 1895 remotam
434 1853 453 1894 e
474 1852 572 1896 sensu
594 1833 701 1895 carnis
723 1841 856 1896 nostrae
878 1829 1048 1896 scientiam
1067 1831 1172 1895 conti·
1224 1830 1384 1912 Deplorat
1416 1831 1505 1895 enim
1538 1832 1676 1913 populus
1708 1834 1870 1897 fortunam
1905 1852 2012 1908 suam,
2047 1831 2132 1914 quod
2165 1834 2199 1897 in

198 1927 269 1980 net:
294 1916 435 1997 denique
457 1936 577 1981 arcena
598 1916 758 1998 sapientia
782 1924 842 1981 est.
887 1914 962 1996 Quo
984 1917 1023 1979 fit
1045 1926 1081 1978 ut
1103 1936 1172 1980 me·
1224 1914 1371 1980 adversis
1408 1915 1492 1979 nihil
1531 1918 1651 1980 sentiat
1692 1917 1915 1995 allevationis,
1954 1938 2055 2000 quum
2089 1927 2200 1982 tamen
2277 1972 2281 1979 .

197 2005 260 2066 rito
283 2001 406 2066 Paulus
429 2002 462 2064 in
487 2001 735 2066 admirationem
758 2002 829 2067 eius
859 2003 1016 2082 rapiatur.
1062 2003 1172 2082 Atque
1224 2000 1373 2082 patribus
1395 2000 1471 2065 olim
1495 2000 1587 2065 Deus
1609 2021 1743 2066 manum
1770 2003 1937 2085 porrigere
1966 2003 2083 2067 solitus
2106 2014 2199 2068 esset.

196 2099 234 2152 ut
264 2085 423 2168 propheta
453 2086 607 2151 beneficia
640 2084 704 2151 Dei
737 2086 941 2151 admirabilia
972 2106 1081 2151 seeum
1115 2106 1171 2150 cx·
1224 2086 1422 2167 Loquuntur
1451 2105 1529 2169 ergo
1559 2085 1673 2152 fideles
1701 2088 1735 2151 in
1764 2088 1854 2153 hune
1883 2087 2034 2151 modum:
2066 2087 2201 2154 Solebas

196 2172 342 2253 pendens
366 2172 457 2253 quasi
474 2172 633 2236 attonitus
651 2171 823 2256 exclamat,
845 2172 929 2235 nihil
948 2191 1084 2252 usquam
1107 2171 1173 2236 tale
1224 2191 1395 2238 occurrere
1417 2172 1564 2252 patribus
1587 2173 1717 2250 nostris,
1741 2192 1830 2238 nune
1851 2173 1951 2236 facies
1974 2183 2031 2237 tua
2059 2193 2079 2237 a
2108 2172 2200 2237 nobis

197 2258 298 2321 fuisse
316 2256 479 2320 auditum:
499 2258 543 2321 ita
562 2258 597 2320 in
616 2258 896 2340 praestantissimo
911 2258 1057 2320 omnium
1077 2256 1174 2321 bene·
1224 2276 1341 2322 aversa
1363 2266 1428 2322 est:
1461 2267 1494 2320 et
1515 2258 1592 2338 quia
1614 2265 1646 2321 te
1675 2257 1858 2322 invocando
1888 2256 1972 2321 nihil
2000 2258 2200 2340 proficimus,

197 2344 283 2419 ficio,
324 2340 380 2405 ubi
413 2342 536 2407 scilicet
574 2362 633 2424 per
665 2343 870 2427 evangelium
911 2342 1004 2405 nobis
1036 2342 1173 2407 offertur
1223 2342 1346 2408 videris
1373 2341 1601 2407 inexorabilis:
1631 2342 1717 2407 unde
1746 2342 1809 2406 ista
1832 2342 1983 2421 varietas,
2009 2343 2103 2425 quasi
2126 2362 2198 2406 mu·

197 2427 361 2509 Ohristus,
391 2427 530 2492 eundem
553 2429 588 2492 in
609 2428 742 2492 modum
773 2428 958 2494 exclamare
988 2427 1072 2503 licet,
1103 2426 1171 2492 Do·
1224 2436 1295 2492 teta
1316 2436 1435 2491 natura
1457 2426 1541 2490 elius
1565 2447 1652 2492 nunc
1674 2447 1761 2492 esses
1783 2447 1880 2510 quam
1903 2426 2016 2491 fuisti?
2053 2426 2200 2494 Subiun-

197 2514 296 2589 mine,
318 2512 405 2594 quod
426 2525 572 2596 praestes
594 2513 715 2596 populo
734 2527 790 2578 tuo
809 2513 898 2577 omni
915 2524 1011 2593 captu
1036 2511 1171 2576 humani
1224 2521 1309 2598 gunt
1337 2511 1463 2592 deinde,
1497 2519 1530 2576 et
1558 2511 1706 2576 fatentur
1739 2533 1774 2577 se
1807 2513 1923 2576 merito
1956 2533 2078 2595 poenas
2111 2513 2198 2589 darc,

196 2599 322 2681 ingenii
344 2599 449 2662 maius
471 2608 536 2662 eet:
559 2598 669 2663 nullus
688 2599 811 2678 oculus,
833 2597 925 2662 nulle
943 2597 1043 2680 auris,
1061 2597 1172 2662 nullus
1225 2599 1302 2680 quia
1319 2607 1504 2679 peccarunt.
1539 2597 1637 2662 Prius
1655 2596 1808 2662 admonui
1827 2597 1911 2661 nihil
1930 2598 2064 2661 omnino
2082 2597 2199 2662 melius

197 2704 322 2758 sensus,
352 2683 463 2747 nullus
485 2683 614 2747 animus
635 2682 677 2747 ed
706 2693 831 2747 tantam
860 2681 1071 2746 altitudinem
1101 2703 1172 2764 per·
1224 2704 1295 2750 esse
1317 2685 1351 2746 in
1374 2682 1529 2758 adversis,
1552 2701 1651 2764 quam
1671 2683 1700 2746 si
1719 2680 1950 2747 beneficiorum
1966 2682 2030 2745 Dei
2050 2681 2198 2746 recorde-

198 2769 313 2832 venire
336 2775 450 2848 potest.
495 2766 612 2848 Itaque
633 2767 761 2832 Paulus
785 2769 905 2849 optime
925 2767 966 2830 ad
989 2787 1083 2831 suem
1106 2767 1172 2831 dis·
1224 2788 1314 2832 mur:
1343 2787 1403 2832 nec
1426 2787 1537 2832 eorum
1560 2777 1688 2832 tantum
1712 2787 1796 2849 queo
1823 2767 1888 2847 ipsi
1919 2767 2047 2847 experti
2076 2787 2199 2845 sumus,

197 2854 399 2934 putationem
431 2852 651 2917 accommodet
681 2852 769 2915 hunc
797 2852 911 2928 locum,
942 2873 1001 2916 neo
1029 2851 1173 2916 abutitur
1224 2852 1404 2918 sedetiam
1431 2873 1514 2934 quae
1535 2871 1555 2914 a
1577 2853 1741 2933 scriptura
1770 2852 1968 2916 referuntur.
2013 2850 2081 2916 Nec
2111 2853 2199 2915 enim

197 2938 376 3021 prophetae
397 2938 568 3012 sententia,
599 2935 678 3001 dum
702 2937 898 3019 peculiarem
921 2958 985 3018 qua
1006 2937 1099 3001 Deus
1121 2958 1172 3002 ec·
1224 2938 1368 3003 firmiore
1401 2936 1518 3020 clypeo
1551 2937 1672 3001 muniri
1703 2957 1877 3019 possumus
1904 2936 2062 3001 adversus
2092 2938 2198 3001 omnis

197 3023 329 3088 alesiam
351 3042 444 3088 suam
469 3020 623 3105 dignatur
648 3023 788 3105 gratiam
818 3042 917 3104 supra
945 3021 1106 3086 mundum
1128 3022 1173 3087 lo·
1224 3025 1354 3107 generis
1383 3023 1587 3087 tentationes.
1631 3022 1808 3104 Perpetem
1839 3021 1928 3085 hunc
1955 3042 2096 3098 versum,
2126 3042 2199 3086 meo

198 3118 259 3174 cat.
303 3108 408 3173 Unica
429 3114 558 3172 tantum
576 3122 725 3190 superest
743 3106 926 3184 difficultas,
944 3105 1030 3189 quod
1048 3107 1172 3173 Paulus
1223 3108 1352 3185 iudicio,
1375 3118 1555 3189 exponunt,
1576 3107 1631 3190 qui
1660 3106 1741 3172 haec
1758 3107 1955 3172 coniunctim
1979 3105 2118 3190 legenda
2142 3129 2198 3188 pu·

198 3193 239 3258 ad
261 3193 444 3276 spiritualia
473 3194 658 3273 transferat,
686 3213 770 3276 quae
792 3193 846 3258 hie
868 3191 908 3256 de
938 3193 1172 3274 temporalibus
1224 3207 1303 3272 tant,
1337 3193 1467 3258 factumi
1498 3197 1526 3257 ef
1555 3193 1686 3275 faeetdi
1717 3193 1888 3257 iusidiom:
1924 3193 2017 3273 quasi
2050 3191 2198 3269 dixisset,

199 3279 365 3344 beneficiis
388 3299 408 3342 a
428 3278 589 3361 prophete
612 3278 775 3345 dicuntur.
820 3278 945 3342 Verum
969 3278 1078 3343 dicere
1101 3299 1171 3361 pos·
1224 3278 1404 3345 Occurristi
1425 3278 1466 3342 iis
1488 3281 1543 3360 qui
1561 3278 1747 3343 voluntarie
1769 3278 1829 3341 tibi
1848 3276 2006 3355 serviunt,
2028 3279 2199 3359 atquibus

197 3385 311 3428 sumus
334 3363 386 3427 hie
414 3363 605 3446 simpliciter
626 3364 747 3430 Isaiam
774 3364 896 3427 intueri
919 3384 1051 3428 causam
1075 3362 1171 3429 bene-
1223 3384 1353 3430 summa
1382 3362 1536 3445 voluptas
1566 3376 1616 3428 est
1643 3374 1732 3430 recte
1760 3383 1865 3447 agere.
1914 3361 2080 3425 Existimo
2110 3363 2196 3426 enim

196 3449 344 3514 ficiorum
357 3448 429 3525 Dei,
449 3451 579 3514 tametsi
598 3451 778 3531 praesentis
789 3450 878 3513 vitae
896 3456 1019 3513 statum
1038 3457 1171 3529 spectet.
1224 3450 1383 3514 laetantes
1406 3447 1460 3511 hic
1483 3450 1592 3514 vocari
1615 3468 1669 3512 eos
1691 3449 1747 3530 qui
1770 3447 1867 3511 rebus
1889 3448 2054 3528 prosperis
2076 3446 2198 3529 gaude-

198 3533 320 3598 Omnia
343 3536 430 3598 enim
460 3553 543 3616 quae
565 3535 671 3600 rictus
693 3545 726 3600 et
745 3535 854 3601 cultus
877 3553 975 3598 causa
997 3533 1172 3616 accipimus
1224 3536 1320 3599 bant:
1351 3533 1426 3616 quie
1447 3542 1527 3597 tunc
1548 3532 1690 3615 populus
1712 3534 1746 3596 in
1769 3532 1858 3595 luctu
1881 3551 1919 3594 ac
1942 3550 2089 3595 moerore
2116 3541 2197 3596 erat.

197 3619 320 3696 aDeo‚
354 3618 549 3684 documenta
579 3630 656 3684 sunt
685 3621 812 3703 paterni
841 3640 920 3703 erge
950 3639 1009 3683 nos
1040 3618 1171 3683 favoris.
1226 3617 1346 3684 Subest
1368 3617 1456 3681 enim
1487 3617 1587 3682 tacita
1609 3615 1796 3681 antithesis:
1824 3615 1915 3680 Olim
1938 3614 2064 3680 solebas
2086 3634 2198 3680 occur·

196 3705 306 3786 Atque
329 3703 391 3768 hoc
412 3703 489 3767 fidei
523 3705 690 3787 proprium
720 3715 777 3780 est,
801 3725 820 3767 a
840 3702 1028 3768 visibilibus
1057 3704 1172 3786 gratiis
1224 3723 1298 3767 rere
1319 3702 1477 3785 patribus,
1500 3712 1675 3784 antequam
1699 3701 1765 3766 ullo
1786 3700 1993 3767 incommodo
2010 3720 2198 3782 premeren-

197 3789 238 3853 ed
268 3788 449 3853 invisibiles
480 3809 662 3872 assurgere.
707 3789 868 3869 Quamvis
899 3808 978 3872 ergo
1011 3789 1173 3871 propheta
1225 3797 1291 3871 tur,
1324 3807 1441 3869 eosque
1475 3787 1618 3851 adventu
1653 3800 1708 3850 tuo
1740 3787 1940 3852 exhilarare:
1980 3806 2068 3850 nunc
2101 3785 2198 3870 longe

197 3874 237 3937 de
260 3884 396 3936 externa
420 3872 611 3938 liberatione
634 3886 666 3938 et
688 3872 760 3938 aliis
781 3873 882 3939 huius
900 3874 987 3938 vitae
1010 3872 1171 3938 beneficiis
1225 3872 1311 3949 abes,
1340 3892 1464 3954 nosque
1494 3892 1642 3937 moerore
1671 3881 1704 3936 et
1731 3872 1821 3936 luctu
1853 3871 2081 3937 contabescere
2110 3873 2199 3938 sinis.

198 3958 297 4024 verba
320 3958 426 4023 facere
449 3957 610 4035 videatur,
638 3972 747 4022 temen
771 3958 867 4023 altius
897 3956 1093 4040 conscendit,
1121 3969 1172 4022 at·
1225 3958 1349 4023 Eodem
1380 3958 1522 4039 pertinet
1551 3957 1637 4040 quod
1666 3957 1758 4021 addit
1786 3957 1971 4022 recordatos
2000 3955 2099 4021 fuisse
2126 3956 2199 4034 Dei,

197 4065 259 4128 que
282 4043 337 4107 ille
360 4043 566 4125 potissimum
594 4052 721 4126 spectet
749 4064 831 4126 quae
860 4042 901 4109 ad
930 4042 1085 4126 populum
1107 4041 1171 4107 Dei
1225 4045 1301 4126 quin
1323 4044 1489 4125 praesenti
1510 4045 1580 4108 eius
1603 4042 1713 4126 gratia
1734 4043 1936 4119 fruebantur,
1963 4061 2102 4124 eumque
2124 4063 2198 4106 sen·

196 4129 405 4214 peculiariter
427 4126 619 4193 attinebant.
665 4126 781 4209 Qualis
805 4130 892 4192 enim
917 4135 1003 4193 esset
1025 4127 1080 4191 hic
1101 4139 1170 4192 stu·
1225 4129 1348 4192 tiebant
1370 4136 1517 4192 autorem
1540 4147 1577 4193 ac
1600 4128 1782 4211 praesidem
1813 4146 1891 4192 suaa
1919 4126 2044 4191 salutis.
2091 4130 2198 4208 Atque

197 4235 265 4296 por,
293 4215 321 4279 si
344 4213 422 4278 dum
452 4213 592 4278 fruimur
621 4213 786 4279 beneficiis
808 4213 873 4277 Dei
900 4215 1020 4279 fontem
1051 4215 1171 4294 ipsum,
1224 4214 1271 4277 ita
1293 4233 1352 4295 per
1374 4213 1446 4276 vias
1467 4211 1532 4276 Dei
1555 4233 1608 4278 res
1630 4232 1802 4295 prosperas
1824 4211 1995 4295 intelligit:
2019 4213 2090 4276 sive
2112 4212 2197 4293 quod

197 4299 258 4365 hoc
298 4313 363 4376 est,
411 4304 584 4380 paternum
625 4318 769 4363 amorem
809 4319 873 4363 non
915 4297 1171 4380 respiceremus?
1224 4299 1287 4363 hoc
1313 4297 1409 4361 modo
1438 4298 1638 4380 propinquus
1668 4298 1734 4363 illis
1763 4309 1834 4362 erat
1862 4316 1963 4379 quum
1991 4296 2134 4360 molliter
2160 4316 2198 4360 ac

197 4385 369 4449 Fruuntur
408 4385 591 4466 promiscue
631 4382 707 4449 boni
745 4394 778 4446 et
820 4383 899 4448 mali
942 4383 1171 4449 communibus
1224 4382 1359 4448 delicate
1389 4381 1483 4446 velut
1508 4382 1592 4448 filios
1626 4390 1796 4447 tractaret:
1830 4381 1901 4447 aive
1931 4381 2006 4464 quia
2035 4382 2127 4444 Deus
2156 4381 2197 4444 ad

197 4471 328 4553 gratiis:
350 4468 407 4533 sed
430 4469 524 4534 favor
544 4469 601 4533 ille
619 4489 682 4551 quc
701 4487 762 4532 nos
781 4469 1006 4550 complectitur
1029 4469 1171 4550 peculia·
1224 4466 1470 4532 beneficentiam
1497 4488 1675 4550 propensus
1704 4475 1753 4531 cst
1782 4477 1910 4532 natura.
1956 4463 2021 4531 Sed
2043 4466 2197 4547 quoniam

197 4557 278 4619 riter
300 4554 340 4618 ad
364 4555 557 4620 domesticos
580 4554 733 4636 pertinet.
778 4552 832 4617 Ita
853 4554 891 4617 fit
912 4565 951 4617 ut
973 4574 1038 4618 nou
1060 4552 1170 4617 obser·
1224 4551 1309 4617 dixit
1340 4551 1449 4615 Deum
1485 4572 1654 4617 occurrere
1687 4552 1816 4617 solitum
1855 4552 1987 4616 facienti
2026 4550 2197 4633 iustitiam,

198 4659 313 4704 vernus
346 4660 384 4703 ea
417 4640 618 4705 solummodo
650 4660 733 4721 quae
766 4640 827 4704 sub
856 4638 1026 4702 hominum
1056 4658 1171 4703 sensus
1222 4635 1403 4703 recordatio
1425 4636 1467 4700 ad
1489 4636 1634 4702 studium
1656 4638 1788 4719 pietatis
1815 4637 1930 4700 referri
1961 4643 2079 4716 potest,
2109 4636 2196 4716 quod

197 4722 328 4800 cadunt,
351 4724 408 4788 sed
428 4746 560 4790 causam
583 4726 688 4807 ipsam
706 4723 971 4804 contemplemur.
1009 4723 1171 4803 Quamvis
1222 4722 1345 4788 scilieet
1378 4720 1491 4787 sedulo
1519 4722 1561 4786 ed
1587 4722 1696 4787 Deum
1728 4721 1899 4787 colendum
1933 4741 1969 4785 ee
2002 4719 2196 4784 addixerint.

197 4810 299 4894 igitur
321 4829 427 4890 neque
450 4811 544 4883 oculi,
574 4831 679 4893 neque
710 4830 806 4875 auras
836 4829 873 4873 ec
903 4808 1104 4892 pertingant,
1134 4818 1172 4872 ut
1222 4810 1333 4890 Atque
1354 4808 1399 4870 ita
1422 4806 1595 4888 explicatio
1613 4807 1675 4871 erit
1697 4807 1873 4889 superioris
1896 4804 2043 4870 membri.
2081 4804 2196 4870 Solent

196 4893 475 4977 comprehendent
495 4896 635 4977 gratiam
655 4894 847 4977 adoptionis,
870 4913 936 4976 qua
953 4917 988 4958 se
1005 4894 1170 4959 Dominus
1223 4894 1310 4957 anim
1348 4892 1527 4975 prophatae
1564 4892 1711 4974 pluribus
1744 4891 1938 4958 confirmare
1974 4891 2058 4973 quod
2095 4889 2195 4954 semel

196 4991 325 5063 patrem
344 4990 490 5044 nostrum
509 4989 656 5057 testatur,
679 4992 788 5044 temen
807 4978 841 5044 id
859 4979 994 5062 spiritus
1011 4979 1063 5044 sui
1082 4979 1171 5044 testi·
1223 4977 1385 5042 dixerunt
1439 4975 1614 5042 Racordurr'
1643 4977 1708 5041 Dei
1737 4988 1788 5042 est
1816 4977 1910 5041 suevi
1925 4975 2011 5046 ,eius
2040 4975 2196 5039 memoria

197 5067 306 5129 monio
328 5065 462 5129 revelat.
507 5065 570 5129 Est
591 5067 689 5130 etiem
711 5064 887 5148 probabile,
910 5086 1012 5147 quum
1036 5064 1075 5130 de
1098 5084 1170 5147 spe·
1223 5065 1270 5130 sic
1291 5063 1387 5142 allici,
1421 5071 1459 5126 ut
1480 5083 1539 5128 nos
1562 5062 1644 5127 nihil
1666 5065 1772 5146 magis
1801 5069 1953 5144 optemus
1982 5070 2079 5142 atque
2101 5061 2135 5124 in
2158 5081 2197 5124 co

197 5151 270 5216 ciali
293 5151 355 5214 Dei
378 5150 532 5215 beneficio
553 5151 709 5233 loquutus
731 5163 818 5216 esset
840 5150 1009 5234 prophete,
1033 5150 1094 5216 hac
1117 5171 1170 5216 oo·
1223 5149 1411 5214 felicitatem
1453 5158 1598 5211 nostram
1638 5149 1848 5213 constituere.
1904 5144 1995 5208 Nihil
2022 5145 2115 5209 enim
2146 5155 2197 5210 est

197 5234 577 5301 cesioneaduniversam
591 5234 885 5302 considerationem
899 5237 1170 5302 fuisseevectum.
1223 5232 1308 5318 quod
1331 5253 1391 5296 nos
1414 5234 1519 5315 magis
1543 5232 1688 5309 delectet,
1719 5251 1820 5314 quam
1847 5229 1977 5294 divinae
2006 5229 2196 5295 clementiae
