4784 5970
189 354 255 421 515
1001 353 1391 421 PRAELEOEIONES
2137 359 2202 426 516

190 544 336 621 caecitas,
359 552 396 609 ut
419 567 518 629 quum
542 546 760 630 impetebatur
789 545 830 611 ab
852 542 1009 628 Assyriis,
1039 541 1168 625 fugeret
1220 562 1282 624 qua
1304 562 1371 605 non
1394 561 1465 607 essa
1487 543 1708 626 appetendam
1730 545 1823 611 nobis
1844 552 1956 629 potum
1975 545 2028 611 vel
2050 567 2092 611 ex
2112 545 2202 624 Nilo,

190 631 226 694 in
244 633 441 712 Aegyptum,
464 632 524 697 hoo
540 638 600 712 ost,
620 637 742 714 pataret
758 629 915 696 auxilium
932 627 1168 711 ahAegyptiis,
1220 627 1273 692 rel
1295 648 1337 692 cx
1359 626 1537 709 Euphrate,
1559 627 1620 695 hoo
1639 637 1698 709 ost,
1721 652 1762 695 ux
1784 630 1899 697 mundi
1921 630 2096 712 illecebris,
2118 652 2203 713 queo

190 728 224 781 et
243 715 353 779 foedus
373 737 447 782 cum
460 717 523 782 illis
543 722 743 799 percuteret:
765 726 888 799 postca,
911 715 1015 796 siqua
1033 713 1168 776 mutatio
1221 732 1298 794 praa
1319 734 1354 778 se
1376 713 1486 777 ferunt
1507 733 1661 798 maguam
1684 735 1854 799 pompam:
1875 717 1932 782 sed
1951 717 2064 801 potins
2087 715 2201 782 biben-

190 801 402 885 contingoret,
428 803 601 885 expetebat
623 803 733 868 foedus
755 822 829 867 cum
847 799 1003 883 Assyriis,
1026 801 1060 863 et
1082 818 1167 861 ome·
1221 798 1298 862 dum
1322 818 1391 865 csse
1410 819 1451 862 ax
1470 818 1588 864 arcano
1605 801 1663 867 illo
1686 802 1783 882 lente,
1801 801 1857 884 qui
1875 802 1948 868 ideo
1970 802 2066 868 nobis
2085 821 2201 867 recon-

190 889 247 954 bat
270 890 368 952 etiam
392 891 536 952 maxima
558 888 715 953 mercede.
761 887 858 952 Hanc
881 887 983 968 igitur
1001 884 1167 948 vesaniam
1221 884 1309 948 ditus
1332 894 1382 948 est
1404 894 1441 948 ιιι
1463 883 1526 949 fide
1556 885 1663 968 ipsum
1693 907 1898 970 quaeramus.
1942 885 2015 953 Iam
2038 887 2200 970 sequitur,

190 995 279 1038 nuuc
298 975 457 1056 propheta
475 975 614 1057 castigat
630 993 730 1055 quum
751 972 839 1051 dicit,
864 971 946 1052 Quid
961 970 1018 1034 libi
1030 968 1168 1033 αᾱιιιαιιι

190 1061 353 1143 Aegypti?
389 1060 449 1124 hoa
482 1066 542 1138 est,
578 1060 653 1140 quid
687 1058 840 1140 proficis?
875 1066 997 1139 quanta
1029 1064 1078 1119 est
1110 1053 1168 1117 illa
1307 1053 1357 1118 19.
1384 1052 1555 1136 Cocltpobil
1576 1062 1604 1122 to
1625 1056 1749 1122 molitio
1775 1062 1842 1137 tua,
1873 1062 1901 1122 et
1927 1059 2107 1124 commones
2128 1063 2201 1124 tuae

191 1145 341 1227 stultitia,
373 1145 449 1208 diam
473 1145 574 1208 sentis
597 1144 769 1207 manifesta
800 1143 881 1207 iram
906 1141 980 1219 Dei,
1010 1150 1043 1204 et
1066 1150 1098 1203 te
1119 1141 1167 1203 al·
1221 1137 1287 1221 (rel
1309 1139 1501 1205 defectiones
1524 1141 1612 1226 tuae)
1629 1161 1764 1222 poectum
1786 1144 1824 1209 de
1841 1149 1869 1208 te
1886 1144 2024 1227 mama:
2046 1149 2075 1209 et
2093 1164 2202 1227 copiae

190 1231 259 1313 fligi
284 1235 330 1294 tot
353 1229 470 1294 malis?
498 1230 648 1311 quoniam
673 1229 764 1293 Deus
787 1227 846 1292 tibi
870 1236 919 1292 est
941 1225 1110 1307 adversus,
1134 1235 1167 1289 et
1219 1244 1285 1289 scos
1305 1229 1333 1289 et
1353 1225 1441 1304 scira
1470 1228 1551 1306 quod
1579 1229 1700 1294 molum
1728 1234 1924 1294 domanam
1952 1233 2042 1295 tuum
2069 1229 2201 1295 derelin-

191 1318 316 1380 interea
344 1337 409 1379 non
439 1317 562 1398 cogitas
592 1315 631 1378 de
662 1312 931 1378 reconciliatione.
976 1310 1068 1375 Haec
1097 1316 1167 1373 erat
1220 1330 1312 1391 quere
1334 1309 1551 1395 (adverbum,
1575 1312 1637 1378 hoo
1658 1322 1716 1392 cst,
1735 1313 1821 1396 quod
1844 1313 2027 1398 reliqueris)
2051 1314 2199 1381 Iehooom

190 1405 247 1466 tua
277 1403 411 1481 sanitas,
442 1399 481 1463 ad
511 1401 615 1464 Deum
646 1400 830 1482 confugere,
861 1410 891 1460 et
924 1395 1043 1460 habore
1071 1394 1166 1458 illum
1219 1395 1325 1461 Deum
1346 1400 1444 1473 tuum,
1466 1401 1494 1461 et
1515 1399 1598 1478 quod
1618 1400 1712 1464 timor
1732 1419 1818 1465 meua
1844 1419 1941 1481 super
1962 1405 1991 1464 te
2011 1420 2074 1466 aaa
2092 1399 2201 1481 fucrit,

190 1487 385 1570 propitium:
421 1494 456 1549 tu
487 1496 593 1549 autem
623 1484 702 1565 quid
732 1483 824 1567 agis?
859 1483 986 1545 interea
1019 1481 1166 1563 confugis
1220 1480 1303 1545 dicit
1323 1479 1481 1547 Dominus
1503 1483 1640 1550 Ichuuolr
1662 1486 1859 1550 exercitatum.

190 1573 230 1636 ad
262 1574 414 1655 Assyrios
444 1581 476 1635 et
506 1571 696 1653 Aegyptios.
742 1569 850 1649 Quam
879 1567 997 1632 misera
1026 1576 1075 1631 est
1104 1566 1168 1630 ista

190 1657 343 1735 conditio,
367 1666 397 1721 et
421 1668 543 1738 quanta
574 1667 622 1720 est
653 1657 732 1719 haec
761 1653 911 1730 stultitia,
943 1651 1029 1733 quod
1058 1652 1106 1716 ita
1135 1659 1167 1716 te
1306 1650 1371 1716 Hic
1394 1651 1552 1736 propheta
1570 1654 1687 1719 iterum
1706 1656 1877 1720 confirmat
1897 1654 1983 1738 quod
2005 1655 2099 1737 prius
2122 1654 2201 1737 dixi,

191 1744 319 1824 fatigas,
343 1755 375 1806 et
397 1743 467 1806 sine
498 1740 666 1822 profectu?
713 1740 887 1805 Disaamus
909 1749 1017 1802 autem
1042 1758 1082 1801 ox
1106 1736 1166 1801 hoo
1220 1757 1337 1818 nempe
1360 1738 1516 1820 populum
1542 1740 1683 1814 tandem,
1707 1741 1785 1805 velit
1808 1740 1899 1818 nolit,
1922 1761 2099 1807 sensurum
2122 1742 2200 1824 quid

190 1829 259 1892 loco
283 1828 409 1908 quoties
433 1828 524 1890 Deus
548 1826 663 1891 delicta
692 1835 803 1890 nostra
832 1824 978 1906 castigat,
1007 1842 1166 1905 quaeren-
1220 1823 1262 1887 sit
1284 1822 1393 1887 aDeo
1412 1822 1567 1889 deficere:
1590 1827 1684 1908 quasi
1704 1826 1834 1905 diceret,
1858 1826 1920 1892 nisi
1941 1827 2103 1890 hactenus
2122 1827 2200 1890 satis

191 1913 268 1976 dum
293 1934 362 1976 csso
387 1912 576 1987 remedium,
602 1918 635 1977 et
657 1933 721 1975 aon
746 1909 1015 1992 acquiescendum
1040 1929 1110 1973 esse
1131 1907 1165 1972 in
1220 1907 1352 1973 edoctus
1374 1909 1462 1972 luisti
1487 1918 1534 1974 tot
1553 1912 1794 1993 experimentis,
1816 1911 1986 1995 perfidiam
2009 1919 2104 1976 tuam
2128 1931 2199 1977 esse

189 1999 285 2061 vanis
315 1997 457 2077 solatiis,
486 1998 603 2079 quibus
634 2017 693 2061 aas
723 1994 862 2061 subinde
890 1995 1013 2058 inescat
1042 1993 1165 2059 Satan:
1220 1993 1278 2058 tibi
1302 1993 1463 2058 malorum
1486 2015 1626 2073 oausam,
1657 1996 1749 2063 Deus
1770 1997 1857 2061 mala
1886 1997 1980 2061 malis
2009 1996 2198 2076 cumulabit,

190 2083 271 2147 tales
295 2085 381 2146 enim
405 2083 574 2148 illecebrae
598 2082 755 2148 inducent
785 2080 913 2145 tandem
943 2080 1037 2144 nobis
1060 2090 1166 2143 vetor·
1219 2088 1256 2143 ιιι
1279 2077 1412 2144 tandem
1436 2079 1487 2144 vel
1510 2081 1635 2146 invitus
1658 2102 1833 2166 cognoscas
1855 2091 1888 2147 te
1911 2082 2056 2164 recipcre
2078 2083 2198 2147 iustam

189 2190 277 2245 num,
307 2175 339 2232 et
362 2169 467 2234 morbi
491 2170 546 2250 qui
568 2179 661 2232 crant
684 2166 844 2232 curabiles
873 2166 951 2229 mali
981 2165 1167 2230 accessione
1220 2165 1403 2229 mercedem
1427 2175 1500 2229 tuae
1521 2166 1675 2232 malitiae.
1721 2167 1813 2233 Haec
1842 2168 1946 2251 igitur
1977 2187 2110 2232 summa
2140 2172 2197 2233 est.

189 2253 328 2319 lethales
351 2255 539 2318 reddantur.
583 2252 671 2332 Quid
691 2274 768 2335 ergo
792 2250 885 2315 nobis
906 2249 1070 2333 agendum
1094 2247 1165 2312 ost‘l
1219 2248 1286 2315 Sed
1317 2251 1422 2332 primo
1456 2251 1544 2327 dicit,
1581 2250 1752 2337 casipate
1784 2259 1812 2319 te
1844 2252 1972 2318 malitia
1993 2257 2070 2318 tua:
2107 2254 2198 2335 quasi

189 2340 286 2403 simul
309 2360 346 2404 ao
370 2341 527 2403 sentimus
549 2338 671 2402 ferulas
689 2339 759 2415 Dei,
782 2357 976 2418 quaeramus
998 2355 1072 2400 oum
1095 2334 1166 2417 ipso
1220 2335 1352 2411 dicaret,
1380 2336 1479 2400 etiam
1509 2338 1537 2401 si
1564 2337 1655 2403 Deus
1683 2360 1749 2404 aon
1777 2336 2011 2405 conscenderet
2041 2337 2197 2417 tribunal,

190 2423 297 2487 redire
328 2425 361 2487 in
392 2426 547 2506 gratiam:
583 2425 628 2485 ita
656 2422 798 2486 studium
834 2430 983 2485 nostrum
1017 2420 1165 2502 proloctu
1219 2441 1325 2502 neque
1348 2441 1482 2485 manum
1500 2443 1594 2487 suam
1618 2429 1786 2488 exsereret
1800 2423 1841 2488 ad
1857 2444 1980 2507 poenas
2001 2423 2197 2507 infligendas

189 2530 255 2572 non
279 2508 410 2574 carebit.
457 2508 492 2574 Si
517 2518 625 2572 autem
647 2506 944 2588 circumspiciamus
967 2505 1166 2570 indiversus
1218 2506 1347 2588 populo,
1379 2511 1488 2571 tamen
1511 2506 1667 2572 iudicium
1691 2508 1799 2593 palam
1822 2509 1891 2574 fore
1912 2508 1946 2573 in
1969 2510 2048 2591 ipsis
2071 2509 2197 2575 sceleri-

189 2602 307 2676 partes,
331 2594 410 2658 adeo
434 2616 495 2659 non
526 2594 696 2659 mitescent
726 2592 811 2656 mala
840 2603 963 2671 nostre,
991 2601 1028 2655 ut
1057 2592 1166 2672 potius
1218 2591 1288 2656 bus.
1334 2592 1379 2655 Et
1402 2592 1464 2657 hoo
1487 2592 1713 2659 vehementius
1740 2600 1800 2674 est,
1830 2615 1867 2661 ac
1893 2595 1968 2676 plus
1996 2592 2100 2658 habet
2128 2594 2197 2659 elii·

189 2688 434 2762 exasperentur.
481 2680 600 2744 Bibere
631 2698 733 2759 aquas
757 2677 832 2754 Nili,
863 2687 896 2741 et
925 2677 1034 2742 bibere
1064 2696 1166 2758 aquas
1219 2677 1334 2754 oaciaa,
1357 2697 1455 2758 quam
1478 2678 1506 2743 si
1534 2679 1693 2762 propheta
1721 2679 1914 2763 simpliciter
1943 2678 2066 2746 diceret
2088 2678 2197 2744 Deum

189 2766 377 2848 Euphratis,
403 2766 483 2829 nihil
507 2765 594 2829 aliud
618 2771 667 2828 est
690 2784 784 2844 quam
806 2771 914 2845 petere
938 2762 1013 2826 hinc
1035 2769 1068 2826 et
1090 2762 1166 2825 inde
1219 2762 1323 2827 iustas
1346 2783 1466 2845 poenas
1489 2766 1620 2846 exigere
1639 2765 1678 2829 de
1701 2766 1829 2848 populo.
1869 2763 2000 2830 Malitio
2021 2765 2124 2849 igitur
2143 2770 2197 2830 tuo

189 2854 365 2934 suppetias.
400 2850 528 2916 Alludit
547 2850 676 2932 quidem
693 2848 733 2912 ad
750 2848 931 2930 legationes
947 2868 1030 2930 quae
1048 2848 1167 2912 missae
1218 2847 1380 2930 custipobit
1412 2853 1449 2927 tc,
1485 2849 1608 2932 inquit:
1649 2850 1923 2932 quemadmodum
1955 2853 2042 2932 apud
2076 2850 2196 2916 Isaiam

189 2937 336 3000 fuerant:
366 2939 518 3017 quonium
543 2936 576 2998 in
600 2937 791 3017 Aegyptum
816 2933 1054 3016 proficiscentes
1079 2932 1164 2996 bibo·
1220 2933 1331 2997 eadem
1355 2934 1422 2997 fero
1445 2939 1495 2999 est
1517 2934 1681 3018 loquutio:
1709 2936 1830 3015 Stabit,
1853 2935 1969 3017 inquit,
1992 2957 2035 3001 ex
2057 2934 2197 3002 advorso

190 3022 269 3085 bant
293 3042 392 3102 aquas
411 3022 486 3097 Nili,
511 3021 564 3084 alii
589 3042 666 3084 vero
682 3018 872 3102 Euphratis.
906 3018 1037 3083 Interea
1057 3024 1165 3082 tamen
1220 3018 1345 3082 malitia
1368 3027 1441 3082 tua:
1465 3022 1556 3102 quasi
1580 3020 1703 3087 diceret
1721 3022 1821 3101 Deus,
1845 3021 2003 3086 Etiamsi
2024 3041 2087 3104 ego
2109 3021 2196 3104 quie·

190 3106 363 3189 allegorice
397 3105 555 3186 loquitar:
597 3106 689 3187 quasi
728 3105 865 3170 diceret:
907 3102 999 3168 Deus
1033 3112 1165 3185 paratus
1219 3124 1317 3181 mam,
1342 3108 1376 3168 et
1398 3124 1462 3168 non
1485 3124 1611 3170 sumam
1635 3106 1715 3170 mihi
1746 3115 1855 3190 partes
1885 3106 2011 3182 iudicis,
2040 3108 2140 3172 ctiam
2169 3108 2197 3172 si

189 3201 259 3255 erat
283 3191 340 3256 tibi
363 3191 516 3273 opitulari
539 3191 567 3254 si
590 3191 630 3254 ad
654 3191 724 3255 aius
747 3188 1003 3255 misericordiam
1028 3199 1060 3252 te
1084 3188 1165 3253 reci·
1219 3210 1282 3253 non
1306 3189 1438 3254 aliunde
1460 3199 1573 3275 surgat
1601 3199 1780 3270 accusator,
1807 3192 1907 3259 etiam
1937 3193 1964 3257 si
1995 3190 2109 3257 nullus
2139 3193 2196 3258 tibi

190 3297 297 3359 peres,
332 3279 422 3358 quusi
458 3275 498 3340 cd
533 3277 676 3360 asylum:
720 3283 755 3339 tu
794 3284 903 3339 autem
936 3293 974 3338 eo
1009 3273 1165 3355 neglecto,
1219 3274 1309 3338 litem
1334 3275 1497 3344 intendat:
1534 3276 1660 3342 malitia
1683 3282 1740 3341 tua
1769 3277 1870 3343 stabit
1898 3298 1940 3342 ex
1969 3277 2131 3361 opposito,
2165 3284 2197 3342 et

189 3367 286 3444 putas
310 3365 413 3445 magis
437 3361 496 3425 tibi
519 3363 599 3425 utile
618 3361 688 3424 fore
708 3359 899 3438 subsidium,
923 3358 1009 3442 quod
1028 3359 1167 3424 afferent
1218 3359 1357 3424 incutiet
1381 3358 1437 3423 tibi
1461 3361 1623 3427 ruborem.
1669 3361 1726 3428 Sic
1748 3363 1846 3428 etiam
1872 3362 1934 3430 hoc
1957 3363 2036 3442 loco,
2066 3362 2197 3428 Malitia

190 3449 240 3513 vel
263 3448 430 3531 Aegyptii,
455 3447 507 3512 vel
532 3448 676 3531 Assyrii:
707 3455 742 3510 tu
770 3446 873 3529 igitur
895 3445 1024 3527 quaeris
1052 3454 1164 3528 potum
1218 3450 1274 3509 lua
1295 3444 1458 3527 castigabit
1479 3452 1514 3512 te.
1552 3447 1708 3512 Tenenda
1730 3452 1839 3513 autem
1863 3453 1914 3514 est
1936 3450 2020 3514 ratio
2042 3468 2102 3513 our
2125 3468 2195 3531 pro-

188 3535 222 3598 in
247 3534 430 3616 longinquis
453 3533 654 3617 regionibus:
679 3532 769 3614 atqui
781 3530 872 3596 Deus
895 3530 950 3595 dat
972 3530 1030 3595 tibi
1055 3550 1164 3612 aquas.
1219 3530 1318 3613 pheta
1341 3530 1403 3595 hoo
1424 3531 1518 3596 dicat.
1563 3533 1648 3598 Nam
1672 3533 1792 3600 scimus
1815 3538 1896 3598 tuac
1923 3533 1959 3598 in
1988 3553 2046 3598 ore
2076 3533 2195 3600 multo·

188 3620 232 3683 Et
255 3619 383 3683 videtur
407 3621 566 3699 respicere
590 3619 629 3682 ad
653 3616 911 3694 similitudinem,
941 3636 1038 3698 quam
1069 3616 1165 3698 paulo
1219 3636 1290 3681 rum
1314 3615 1415 3682 fuisso
1435 3618 1664 3699 querimonias,
1689 3640 1726 3685 ac
1747 3620 1775 3683 si
1795 3619 1886 3684 Deus
1904 3619 2043 3684 nimium
2062 3640 2196 3686 severus

189 3705 404 3784 anteposuit.
450 3704 633 3769 Vocavcrut
654 3705 763 3767 Deum
786 3703 910 3767 sontem
933 3721 1092 3783 aquaram
1116 3702 1164 3766 vi·
1217 3702 1332 3766 fuisset
1354 3722 1391 3767 aa
1413 3703 1549 3786 rigidus.
1594 3702 1706 3784 Quum
1729 3724 1807 3788 ergo
1830 3704 1878 3769 ita
1907 3703 2046 3771 subinde
2069 3704 2195 3770 obstrs·

189 3789 357 3851 ventium:
388 3789 481 3870 quasi
505 3788 633 3864 diceret,
657 3789 748 3852 Dans
772 3796 821 3852 est
843 3786 904 3852 tibi
926 3787 999 3850 lons
1020 3788 1165 3870 irrigaus
1217 3795 1335 3869 parent
1363 3786 1444 3866 Deo,
1475 3788 1634 3871 propheta
1663 3789 1793 3872 repellit
1823 3789 1906 3854 tales
1933 3789 2128 3867 calumnias,
2157 3810 2196 3856 ac

189 3882 223 3936 et
245 3874 405 3954 perennis,
429 3888 462 3936 ot
479 3895 645 3954 nunquam
661 3872 788 3937 deesset
806 3872 865 3936 tibi
881 3892 1038 3954 aquarum
1062 3873 1165 3953 eopia,
1218 3871 1295 3938 dicit
1317 3871 1477 3937 malitiam
1507 3875 1664 3952 sufficere,
1699 3884 1736 3939 ut
1758 3874 1938 3942 vindictam
1972 3880 2090 3942 contra
2123 3875 2195 3941 illos

190 3959 275 4021 siin
306 3979 343 4021 aa
374 3960 609 4039 acquiesceres:
641 3967 676 4020 tu
707 3965 816 4021 autem
846 3956 897 4021 vis
925 3955 1035 4021 bibere
1064 3975 1165 4038 aquas
1217 3964 1376 4023 exerceat.
1420 3956 1514 4023 Idem
1537 3957 1577 4023 de
1600 3960 1840 4028 aversionibus:
1869 3959 1927 4026 sed
1950 3959 2035 4043 quod
2057 3980 2195 4044 genera-

188 4042 256 4106 Nili
280 4052 311 4104 et
334 4063 432 4123 aquas
456 4042 645 4125 Euphratis.
692 4042 788 4106 Nunc
811 4061 888 4125 ergo
918 4048 1066 4105 tenemus
1088 4062 1163 4106 con·
1218 4041 1292 4107 liter
1325 4042 1453 4108 dixerat
1486 4065 1573 4109 nuno
1606 4045 1722 4111 melius
1754 4047 1918 4127 exprimit,
1952 4045 2039 4127 quod
2072 4045 2196 4111 scilicet

189 4128 298 4193 silium
333 4128 519 4208 prophetae.
575 4128 619 4190 Et
654 4126 765 4208 procul
807 4126 903 4190 dubio
944 4126 1090 4209 loquitur
1124 4126 1164 4192 da
1217 4127 1354 4209 populus
1377 4149 1448 4195 sese
1475 4128 1669 4195 subduxerit
1690 4151 1710 4194 a
1731 4130 1823 4197 cultu
1851 4136 1885 4194 at
1911 4129 2100 4197 obedientia
2121 4130 2194 4198 Dei.

189 4213 280 4295 aquis
303 4212 370 4275 Nili
394 4221 426 4274 et
448 4214 636 4295 Euphratis,
665 4211 821 4292 quoniam
844 4211 879 4275 iu
902 4213 1043 4293 speciem
1073 4220 1163 4276 uter·
1217 4213 1306 4295 Ergo
1337 4212 1487 4296 designat
1515 4213 1568 4281 hic
1589 4215 1729 4297 speciem
1752 4214 1911 4282 malitiae:
1945 4217 2038 4298 quasi
2074 4214 2196 4283 diceret

189 4320 252 4382 que
282 4298 421 4380 populus
455 4298 595 4379 pollebat
628 4307 660 4362 et
693 4295 825 4372 divitiis,
858 4304 891 4360 et
923 4297 1012 4360 omni
1045 4317 1164 4379 genere
1218 4317 1283 4361 uon
1317 4317 1398 4380 opus
1430 4319 1501 4363 asse
1534 4308 1592 4364 aut
1624 4310 1821 4379 accusatore,
1863 4312 1919 4366 aut
1952 4298 2103 4378 testibus,
2138 4310 2196 4367 aut

188 4384 384 4468 opulentiae,
415 4391 447 4447 et
468 4385 559 4464 copia
589 4383 686 4446 otiam
718 4380 899 4445 hominum.
946 4380 1057 4462 Quum
1086 4401 1164 4464 erga
1216 4381 1341 4446 iudico:
1369 4381 1426 4447 sed
1448 4383 1534 4448 solas
1557 4384 1665 4468 populi
1696 4385 1894 4453 delectiones
1922 4385 2005 4452 satis
2034 4386 2196 4453 valituras

188 4470 326 4553 populus
349 4468 451 4533 Israel
471 4468 648 4532 confideret
667 4467 784 4532 talibus
803 4464 982 4548 praesidiis,
1006 4464 1164 4548 propheta
1217 4464 1258 4529 ad
1292 4486 1429 4547 poenam
1462 4470 1663 4536 sumendam.
1709 4471 1828 4537 Postea
1860 4471 2020 4556 adiungit,
2052 4470 2142 4538 Scies
2169 4478 2197 4539 et

190 4556 244 4621 hic
274 4556 425 4636 obiurgat
457 4553 526 4616 eius
558 4551 840 4635 ingratitudinem,
873 4548 958 4632 quod
987 4570 1053 4614 non
1087 4570 1162 4615 con·
1216 4551 1334 4616 videta
1355 4571 1449 4632 quam
1470 4554 1588 4619 malum
1610 4557 1652 4621 eit
1672 4562 1700 4622 et
1720 4576 1867 4628 omanem
1893 4556 2069 4639 relinquere
2090 4556 2198 4623 Deum

189 4650 302 4706 tentus
331 4641 374 4704 sit
397 4639 459 4702 Dei
489 4637 619 4716 auxilio,
650 4638 778 4702 tametsi
810 4656 875 4700 non
906 4637 951 4699 ita
974 4633 1102 4699 visibile
1131 4642 1164 4699 ot
1216 4641 1304 4700 tuum
1328 4636 1481 4703 Iebouom.
1526 4638 1614 4705 Sunt
1646 4641 1850 4724 loquutiones
1883 4641 2002 4707 durae:
2035 4642 2095 4709 sad
2129 4642 2195 4708 iam

189 4725 400 4807 conspicuum
424 4734 482 4789 est.
527 4723 619 4786 Deus
641 4723 729 4786 caim
758 4720 856 4785 habet
885 4728 1041 4802 quantum
1072 4721 1163 4784 nobis
1217 4730 1291 4784 anta
1314 4724 1521 4803 exposuimus
1544 4725 1619 4806 quid
1643 4725 1704 4792 hoc
1731 4727 1903 4810 significet,
1934 4726 2105 4794 derelictio
2128 4738 2195 4805 tua,

189 4812 318 4887 sulficit,
342 4820 376 4874 et
398 4812 424 4875 si
448 4831 513 4873 uno
537 4810 608 4889 ipso
631 4827 775 4871 essemus
800 4806 953 4882 contenti,
977 4815 1063 4868 certe
1086 4825 1162 4887 sup·
1216 4804 1269 4868 vel
1293 4804 1527 4889 derelinquere,
1551 4811 1612 4875 hoc
1630 4821 1687 4890 est,
1712 4812 1847 4877 defectio
1870 4824 1937 4892 tua,
1961 4811 2047 4895 quod
2071 4813 2195 4879 scilicet

190 4904 314 4981 peteret
337 4896 376 4960 ad
400 4896 586 4961 satietatem
610 4892 702 4974 larga
725 4892 883 4956 bonorum
904 4890 1008 4972 copia:
1033 4897 1064 4952 ct
1087 4892 1163 4969 quia
1217 4888 1417 4971 dereliquisti
1447 4892 1556 4958 Deum
1588 4903 1697 4960 tuum:
1732 4903 1759 4961 ct
1790 4899 1883 4964 timor
1912 4918 1999 4964 metas
2027 4918 2126 4980 crepo
2159 4905 2195 4977 te,

189 5005 256 5048 non
281 4983 434 5066 fatigatur
453 4982 486 5045 in
506 4999 566 5046 suo
584 4978 805 5055 beneficentia,
828 4976 1050 5059 suppeditaret
1069 4974 1163 5039 nobis
1217 4973 1269 5070 vel
1292 4977 1327 5039 ia
1349 4982 1376 5040 te
1398 4997 1458 5042 aaa
1479 4979 1549 5059 suit.
1595 4981 1661 5044 Hic
1684 5003 1797 5048 rursus
1827 4982 1989 5066 propheta
2019 4986 2115 5066 quasi
2151 4985 2196 5049 di-

190 5069 344 5151 quidquid
368 5077 454 5133 essct
476 5064 625 5149 optabile.
672 5061 736 5127 Sed
768 5062 922 5143 quoniam
955 5081 1018 5123 aon
1050 5079 1161 5141 posau-
1217 5068 1285 5140 guo
1317 5061 1439 5125 scelera
1468 5065 1576 5146 populi
1608 5065 1818 5133 demonstrat.
1869 5069 2042 5151 Loquutus
2073 5079 2125 5136 eat
2156 5070 2197 5134 de

189 5175 262 5219 mus
296 5154 481 5236 conspicere
516 5150 616 5217 oculis
650 5148 757 5214 carnis
796 5146 864 5209 eius
906 5144 1162 5220 beneficentiam,
1217 5146 1456 5213 aversionibus:
1481 5149 1537 5213 scd
1561 5172 1648 5215 nuno
1672 5154 1761 5232 ponit
1784 5152 2003 5235 delectionem,
2026 5155 2114 5237 quod
2139 5176 2195 5239 po·

188 5239 261 5304 ideo
283 5241 429 5322 rapimur
451 5251 524 5321 post
546 5234 661 5300 mundi
684 5230 862 5298 illecebras.
908 5231 1082 5295 Disaamus
1105 5229 1162 5292 ita·
1216 5228 1314 5309 pulus
1343 5231 1436 5314 plane
1465 5246 1497 5298 et
1520 5241 1632 5317 aperta
1655 5236 1826 5304 desciverit
1855 5260 1976 5306 avaro
1998 5240 2081 5307 Deo.
2127 5241 2196 5305 Ra·
