4784 5970
188 373 251 438 355
1058 371 1108 437 IN
1130 369 1294 439 ISAIAM
1974 388 1979 401 ·
2108 370 2168 437 356

187 582 284 628 curae
306 561 373 625 iore
396 568 431 625 ut
453 580 526 624 enm
550 559 649 624 variis
672 559 835 624 beneficiis
850 555 994 625 exornet.
1028 558 1149 624 Osten·
1201 556 1384 640 participes,
1408 558 1465 623 sed
1487 559 1606 625 electos
1627 568 1772 624 tantum:
1806 559 1924 641 quibus
1946 560 2071 627 scilicet
2094 583 2166 646 gra·

190 645 238 711 dit
259 667 335 729 ergo
356 646 460 710 lucem
488 645 611 729 gratiae
641 656 672 708 et
702 645 839 723 favoris,
872 644 963 710 cuius
992 645 1149 720 meminit,
1202 643 1284 707 tuito
1306 644 1415 708 favore
1439 645 1597 709 Dominus
1620 645 1763 726 affulget,
1786 659 1824 708 nt
1841 666 1860 709 a
1878 645 1978 729 vnlgo
1998 647 2167 714 bominum

188 734 400 814 promiscuam
424 730 572 795 omnibus
594 752 658 794 non
682 731 765 807 fore,
793 729 848 796 sed
876 730 1069 812 peculiarem
1094 751 1149 811 po·
1202 730 1395 793 eximantur.
1440 727 1511 795 Hoc
1534 741 1640 794 antem
1665 732 1702 795 fit
1725 751 1782 812 per
1804 729 1973 795 Christum
1996 733 2052 814 qui
2076 755 2166 799 voca·

189 816 266 900 pulo
288 818 360 881 Dei.
404 816 558 881 Diximus
587 817 769 897 splendoris
798 818 929 880 nomine
960 835 1149 897 prosperum
1202 825 1257 878 tnr
1277 815 1324 877 sol
1348 815 1498 892 iustitiae,
1522 817 1673 896 quoniam
1696 817 1765 882 eius
1789 815 1889 880 veluti
1908 816 2008 882 radiis
2025 818 2167 884 illustra·

190 902 341 968 ecclesiae
374 912 495 966 statum
522 901 694 983 designari.
747 899 813 968 Sed
841 923 883 965 ne
912 899 999 966 hunc
1028 911 1149 964 statum
1202 921 1286 962 mur.
1336 897 1510 964 Caeterum
1541 904 1678 984 gratiam
1709 902 1804 983 longe
1834 901 1963 983 lateque
1992 924 2012 967 a
2038 903 2167 969 Iudaeis

189 989 230 1052 ab
253 997 386 1052 externa
408 987 513 1069 specie
535 988 760 1051 aestimemus:
783 985 981 1051 altiusenim
997 1007 1149 1051 conscen·
1202 985 1353 1048 diffusum
1378 986 1418 1048 iri
1441 987 1548 1050 docet:
1571 986 1666 1050 sicuti
1690 1000 1808 1051 sonent
1832 987 1929 1050 verba
1952 989 2108 1055 foederis:
2130 989 2167 1055 In

190 1072 239 1137 dit
261 1074 431 1155 propheta,
465 1092 523 1136 neo
545 1072 625 1137 mihi
655 1072 787 1137 dubium
816 1071 893 1154 quin
922 1071 962 1136 de
991 1071 1150 1154 spirituali
1202 1071 1326 1134 semine
1344 1083 1400 1134 tuo
1417 1071 1651 1138 benedicuntur
1668 1093 1781 1138 omnes
1797 1084 1918 1155 gentes.
1948 1074 2064 1156 Neque
2082 1077 2167 1141 enim

190 1157 261 1224 luce
284 1169 315 1222 et
337 1156 508 1240 splendore
530 1159 746 1223 concionatur.
792 1157 921 1241 Alioqui
945 1177 1008 1221 non
1034 1178 1150 1222 conve·
1202 1156 1229 1221 si
1253 1178 1336 1221 unus
1359 1166 1488 1220 tantum
1517 1158 1654 1240 populus
1684 1157 1846 1223 frueretur
1874 1159 1959 1237 luce,
1994 1161 2167 1243 quidquam

191 1245 275 1309 niret
297 1265 334 1308 ea
357 1244 502 1325 loquutio
524 1264 587 1325 qna
609 1255 722 1324 postea
752 1264 869 1308 usurus
898 1252 961 1325 est,
992 1241 1149 1306 Ambula-
1203 1242 1273 1306 eliis
1297 1239 1477 1322 prodesset:
1510 1240 1567 1306 sed
1595 1254 1754 1325 quatenus
1784 1266 1897 1326 sparsa
1925 1255 1975 1309 est
2006 1248 2167 1330 evangelii

190 1326 272 1394 bunt
305 1339 417 1413 gentes
451 1328 491 1393 ad
524 1329 728 1410 splendorem
761 1335 869 1393 tuum:
908 1338 941 1392 et
980 1337 1151 1392 contextus
1203 1327 1347 1391 doctrina
1369 1348 1427 1409 per
1449 1334 1553 1390 totum
1577 1328 1744 1402 mundum,
1767 1330 1930 1412 praeluxit
1952 1330 2075 1396 Iudaea
2093 1354 2168 1415 gen·

190 1413 288 1478 huius
311 1416 425 1497 capitis
447 1435 520 1480 eum
543 1416 707 1496 superiore
729 1414 761 1477 id
783 1412 876 1478 facile
898 1413 1047 1479 ostendit.
1090 1411 1150 1475 Di·
1180 1412 1290 1477 tibus
1313 1422 1388 1476 ante
1411 1414 1589 1478 excaecatis
1612 1412 1651 1475 ad
1676 1414 1760 1477 viam
1784 1416 2038 1481 monstrandam.
2085 1417 2167 1482 Nam

191 1501 236 1564 cit
267 1501 352 1563 enim
386 1499 498 1563 foedus
531 1500 593 1565 hoe
626 1499 783 1564 contineri
817 1498 914 1563 verbo
954 1510 986 1563 et
1025 1498 1151 1580 spiritu.
1203 1498 1301 1562 unius
1324 1498 1431 1579 populi
1454 1498 1655 1580 splendorem
1680 1501 1845 1582 proprium
1877 1501 1999 1567 taciens
2027 1504 2170 1568 ostendit

190 1582 343 1667 Denique
364 1606 404 1648 ex
427 1585 585 1648 antitheto
613 1586 705 1649 facile
734 1583 897 1669 colligitur
926 1584 1022 1649 aliam
1052 1584 1151 1649 eccle·
1204 1606 1268 1647 non
1292 1583 1386 1646 aliter
1404 1583 1561 1647 mundum
1580 1584 1765 1662 illuminari,
1789 1596 1886 1669 atqne
1904 1587 1936 1651 in
1956 1587 2056 1653 bisina
2075 1588 2169 1653 bene·

192 1672 258 1733 siae
279 1670 464 1733 felicitatem
487 1690 582 1751 quam
607 1672 638 1734 in
662 1670 732 1736 cibo
762 1683 794 1734 et
823 1679 918 1752 potu,
949 1669 1002 1733 vel
1031 1668 1096 1733 otio
1121 1680 1153 1731 et
1203 1670 1267 1734 ficii
1290 1669 1477 1732 societatem
1500 1670 1668 1751 pervenire
1695 1672 1853 1751 potuisse,
1883 1693 1977 1754 quam
2009 1674 2036 1738 ei
2066 1673 2169 1738 lucem

191 1774 285 1836 pace,
319 1765 351 1819 et
373 1755 445 1819 aliis
467 1756 643 1820 commodis
667 1756 822 1837 promitti.
867 1754 963 1820 (iente
985 1775 1151 1836 nunquam
1204 1764 1327 1837 peteret
1360 1775 1401 1819 ex
1434 1754 1533 1818 verbo
1563 1753 1618 1818 illo
1647 1753 1731 1836 qnod
1766 1756 1885 1838 prodiit
1917 1778 1936 1821 a
1963 1758 2109 1834 Indaeis,
2140 1773 2171 1824 et

193 1839 309 1904 deinde
340 1849 512 1923 sequutum
542 1851 591 1905 est
620 1851 746 1923 tempus
773 1861 835 1923 qno
863 1840 1021 1905 malorum
1050 1840 1153 1922 caligo
1204 1840 1422 1922 ierosolymae
1445 1839 1590 1903 anditum
1613 1850 1678 1904 est:
1714 1840 1767 1905 ubi
1796 1862 1929 1907 accensa
1959 1843 2021 1909 tuit
2045 1843 2171 1928 lampas

193 1935 306 2008 gentes
327 1946 440 1990 omnes
461 1927 610 1997 obruerat
632 1926 813 2008 tranquillis
836 1924 991 2008 laetisque
1013 1924 1151 1990 Indaeis.
1205 1926 1356 2007 Domini,
1390 1923 1445 1988 ubi
1469 1934 1602 1989 exortus
1623 1932 1673 1989 eet
1694 1925 1741 1989 sol
1771 1926 1929 2004 iustitiae,
1964 1941 1999 1992 nt
2029 1929 2106 1995 inda
2136 1931 2169 1995 in

192 2010 302 2092 Quum
324 2031 402 2094 ergo
422 2025 590 2094 separatur
612 2012 763 2076 ecelesiae
785 2012 925 2075 conditio
948 2021 1049 2075 atoto
1065 2011 1152 2092 orbe,
1203 2032 1316 2076 omnes
1339 2020 1446 2074 terrae
1467 2009 1549 2073 fines
1571 2009 1680 2073 lumen
1699 2031 1796 2075 snum
1815 2011 2021 2080 diffunderet.
2067 2014 2169 2081 Sicuti

192 2096 398 2175 beneficium,
427 2098 460 2160 in
482 2098 574 2162 cuius
596 2097 831 2178 possessionem
853 2096 956 2161 Isaias
984 2095 1151 2160 ecclesiam
1204 2109 1280 2162 ante
1301 2095 1459 2161 vidimus:
1492 2095 1543 2158 Ex
1567 2093 1647 2160 Sion
1671 2094 1812 2178 prodibit
1833 2099 1896 2164 lex.
1941 2099 2042 2165 Nulla
2071 2101 2171 2185 igitur

193 2183 304 2257 mittit,
326 2182 494 2264 spirituale
516 2193 577 2261 est,
608 2193 641 2246 et
666 2182 844 2263 spiritualis
873 2180 1027 2264 splendor
1056 2200 1152 2262 quem
1204 2194 1253 2248 est
1274 2182 1331 2246 lux
1353 2201 1450 2262 quam
1473 2202 1515 2243 ex
1538 2181 1769 2265 prophetarum
1792 2182 1954 2250 doctrina:
1988 2195 2026 2249 ut
2053 2187 2172 2251 frustra

192 2268 364 2350 promittit.
419 2267 533 2351 Itaque
569 2267 609 2332 ad
648 2267 816 2350 spirituale
850 2266 975 2333 Obristi
1015 2286 1153 2348 regnum
1204 2289 1238 2333 sc
1261 2268 1383 2333 iactent
1403 2266 1437 2329 in
1460 2266 1532 2330 luce
1554 2266 1720 2331 ambulare
1743 2269 1797 2349 qni
1819 2269 1858 2332 ab
1881 2289 1919 2334 ea
1941 2269 2108 2336 recedunt.

190 2352 271 2418 haec
293 2353 464 2434 pertinent,
487 2373 552 2434 quo
575 2353 684 2416 lumen
708 2352 868 2435 evangelii
891 2374 949 2435 per
971 2372 1084 2417 omnes
1105 2372 1154 2414 or·
1290 2351 1356 2438 (Ad
1382 2351 1535 2434 fulgorem
1564 2356 1651 2414 ortas
1677 2349 1748 2436 tui.)
1792 2352 1920 2419 Allndit
1948 2355 1989 2420 ad
2019 2376 2172 2422 auroram

193 2440 241 2504 bis
263 2449 371 2519 partes
395 2439 528 2514 refulsit,
558 2459 657 2520 eoque
679 2447 853 2502 extraneae
875 2448 988 2520 gentes
1010 2436 1153 2502 illustra·
1205 2438 1280 2522 quia
1303 2437 1399 2503 sicuti
1420 2436 1534 2502 lucifer
1552 2434 1636 2500 diem
1655 2436 1785 2502 inchoat
1802 2440 1842 2505 ab
1861 2461 1925 2504 una
1944 2450 2074 2506 tantum
2092 2443 2171 2507 coeli

192 2536 243 2587 tae
265 2532 351 2586 stunt.
395 2523 505 2602 Atque
527 2523 591 2587 huo
613 2524 755 2604 pertinet
776 2523 862 2606 quod
881 2523 1039 2605 sequitur,
1060 2542 1154 2603 super
1206 2524 1310 2609 plaga,
1333 2522 1443 2589 statim
1468 2541 1543 2585 vero
1566 2521 1612 2585 sol
1637 2531 1740 2586 totum
1764 2525 1920 2589 mundum
1944 2526 2097 2591 irradiat:
2126 2528 2173 2593 ita

190 2609 357 2673 moritur
377 2608 532 2673 dominus.
576 2609 650 2673 Etsi
680 2609 766 2673 enim
796 2607 893 2674 claris
919 2608 1022 2691 signis
1051 2622 1082 2673 et
1110 2608 1153 2672 ef·
1205 2610 1347 2694 primurn
1370 2607 1546 2671 diluculum
1574 2607 1636 2671 tuit
1665 2607 1699 2671 in
1729 2607 1865 2685 Iudaea,
1899 2610 1984 2675 unde
2015 2612 2076 2676 lux
2101 2624 2172 2678 orta

190 2693 283 2760 fectis
305 2694 448 2758 savorem
464 2693 526 2757 Dei
550 2695 772 2777 appariturum
791 2694 940 2773 ostendit,
963 2713 1028 2758 non
1044 2701 1152 2757 tamen
1206 2708 1304 2778 atque
1339 2715 1395 2776 per
1425 2692 1613 2757 universnm
1648 2693 1758 2758 orbem
1790 2693 1907 2760 deinde
1937 2717 2085 2780 expensa
2111 2708 2170 2763 est.

190 2779 312 2844 omittit
334 2779 416 2860 qued
441 2780 649 2862 praecipuum
673 2790 730 2855 est,
756 2762 871 2844 *fideles
899 2800 977 2843 vere
1002 2799 1154 2846 sensuros
1205 2781 1324 2845 Nullus
1345 2780 1430 2843 enim
1450 2790 1499 2842 eet
1517 2788 1622 2842 terrae
1640 2779 1787 2859 angulus,
1810 2801 1906 2863 quem
1925 2804 1989 2846 non
2010 2784 2173 2849 Dominus

191 2886 265 2930 eum
288 2874 428 2945 patrem,
461 2876 496 2928 nt
526 2864 664 2928 salutem
694 2864 735 2929 ab
763 2886 800 2929 eo
822 2876 1021 2946 exspectent.
1065 2864 1154 2929 Hinc
1205 2868 1266 2932 hac
1299 2866 1369 2930 lnce
1402 2862 1621 2928 illustraverit.
1680 2862 1779 2948 Reges
1810 2881 1919 2931 antem
1951 2867 2100 2939 nominat
2131 2890 2172 2934 nc

191 2950 307 3031 collige
347 2970 406 3013 nos
445 2950 587 3014 tenebris
627 2970 797 3032 oppressos
832 2971 903 3015 esse
940 2949 1041 3015 donec
1079 2972 1151 3016 enm
1206 2953 1324 3036 vulgus
1346 2949 1485 3034 ignobile
1507 2948 1709 3014 solummodo
1728 2958 1902 3016 venturum
1921 2951 1961 3016 ad
1981 2952 2043 3019 hoe
2060 2954 2171 3020 lumen

191 3034 374 3116 adoptionis
396 3035 557 3116 gratuitae
575 3035 760 3099 testimonio
777 3036 930 3118 affulgeat
948 3035 1152 3100 nobisDens.
1206 3045 1371 3121 putarent,
1404 3034 1460 3099 sed
1488 3035 1649 3116 principes
1675 3042 1708 3098 et
1745 3052 1928 3119 magnates,
1960 3040 2014 3121 qui
2052 3039 2172 3123 alioqui

192 3120 326 3201 Loquor
348 3117 387 3182 de
410 3127 477 3182 toto
500 3138 617 3201 genere
638 3120 788 3183 humano.
831 3120 915 3185 Nam
946 3141 965 3185 a
994 3120 1061 3185 solo
1083 3121 1154 3186 Deo
1205 3123 1265 3189 sibi
1288 3121 1501 3186 vehementer
1522 3120 1555 3183 in
1579 3140 1638 3184 sna
1660 3118 1819 3203 dignitate
1841 3122 1977 3203 placent.
2014 3122 2172 3192 Summus

192 3205 353 3269 vivificam
377 3203 462 3269 hanc
483 3204 586 3269 lucem
609 3204 738 3287 prodire
756 3204 978 3284 docetlsaiss,
1000 3217 1036 3269 ut
1056 3208 1154 3290 signi·
1206 3227 1285 3273 vero
1313 3206 1366 3271 hic
1393 3204 1499 3269 honor
1526 3213 1576 3268 est
1606 3226 1701 3287 quem
1736 3206 1889 3272 ecelesiae
1922 3209 2053 3288 tribuit,
2087 3208 2172 3293 quod

192 3292 266 3356 ficet
288 3289 448 3372 peculiare
475 3310 545 3354 esse
566 3290 628 3355 Dei
658 3289 860 3355 beneficium.
906 3289 1056 3356 Secundo
1085 3291 1155 3357 loco
1206 3302 1297 3358 tanto
1320 3290 1442 3373 fulgeat
1464 3289 1636 3370 splendore
1658 3301 1695 3353 ut
1716 3291 1850 3373 populos
1876 3303 1910 3357 et
1937 3295 2102 3378 principes
2131 3294 2173 3361 ad

190 3374 369 3441 notandum
389 3385 446 3453 est,
464 3375 564 3440 solam
584 3375 753 3441 ecclesiam
772 3386 950 3457 compotem
968 3396 1040 3441 esse
1058 3376 1154 3441 huius
1206 3401 1240 3445 se
1262 3385 1438 3443 convertat.
1483 3373 1603 3439 Lumen
1624 3374 1777 3441 eeclesiae
1808 3391 1915 3457 vocat,
1945 3400 2010 3444 non
2040 3378 2174 3462 quoda

191 3459 389 3544 splendoris:
423 3459 483 3526 boc
512 3471 576 3537 est,
610 3460 727 3526 electos
754 3461 824 3526 Dei.
874 3459 969 3526 Unde
998 3463 1154 3545 sequitur,
1206 3485 1240 3528 se
1262 3460 1435 3544 quidquam
1454 3460 1572 3525 habeat
1590 3460 1731 3540 luminis,
1754 3462 1811 3527 sed
1828 3482 1848 3526 a
1866 3463 1999 3530 Obristo
2017 3474 2173 3549 tanquam

191 3569 258 3612 non
281 3548 499 3629 promiscuum
521 3567 590 3611 esse
612 3558 668 3611 aut
688 3547 837 3612 naturale
855 3545 993 3611 donum:
1016 3548 1071 3611 sed
1090 3567 1154 3630 qno
1205 3549 1284 3613 luna
1306 3569 1324 3612 a
1347 3546 1415 3611 sole
1436 3555 1611 3610 mutuetur.

193 3632 354 3696 Dominus
388 3653 590 3696 communem
623 3637 759 3697 naturae
794 3632 955 3697 hnmanae
995 3631 1153 3697 detectum
1290 3630 1389 3717 (Leuc
1409 3632 1445 3695 in
1465 3630 1619 3717 circuitu.)
1662 3631 1815 3697 Pluribus
1836 3635 2008 3700 confirmat
2033 3637 2172 3719 promis·

193 3717 352 3782 sublevat.
395 3717 491 3782 Unde
511 3719 607 3781 etiam
631 3719 841 3800 perspicimus
863 3738 1022 3798 nusquam
1045 3717 1153 3782 lumen
1206 3721 1329 3784 sionem
1352 3716 1439 3781 illam
1462 3718 1501 3780 de
1525 3716 1725 3780 restituenda
1747 3717 1910 3801 eeclesia,
1928 3741 2012 3802 quae
2032 3722 2171 3786 incredi-

194 3811 250 3866 aut
288 3800 490 3883 splendorem
523 3824 592 3866 esse
626 3823 720 3883 quam
753 3803 787 3866 in
827 3803 970 3868 eeclesia.
1025 3803 1155 3885 Reliqui
1207 3804 1280 3870 bilis
1312 3803 1442 3867 omnino
1471 3801 1650 3867 videbatur.
1703 3801 1772 3868 Neo
1800 3804 1886 3867 enim
1916 3804 2010 3871 facile
2038 3816 2110 3872 erat
2137 3809 2172 3871 in

195 3887 280 3950 enim
304 3886 449 3950 homines
472 3888 598 3951 tametsi
620 3888 653 3950 in
676 3888 835 3954 luccesse
853 3888 1077 3970 aosplendere
1095 3889 1155 3953 sibi
1208 3901 1273 3953 tam
1297 3887 1414 3952 misero
1437 3895 1469 3950 et
1490 3886 1679 3969 perturbato
1702 3908 1811 3951 rerum
1833 3899 1921 3954 statu
1941 3891 2022 3956 haec
2041 3891 2173 3957 Iudaeis

195 3971 376 4046 videantur,
399 3971 580 4036 obruuntur
603 3972 761 4036 tenebris:
796 3975 952 4055 equibus
975 3995 1037 4039 non
1061 3974 1156 4038 aliter
1209 3973 1410 4057 persuadere.
1455 3973 1547 4036 Tune
1569 3994 1705 4054 regnum
1735 3971 1818 4037 Iuda
1845 3974 2045 4041 solummodo
2073 3992 2171 4043 resta·

195 4077 290 4138 quam
314 4054 433 4120 lumine
456 4057 616 4141 evangelii
638 4058 717 4137 eripi
740 4068 882 4138 possunt.
915 4057 1076 4141 Adiungit
1099 4080 1155 4122 no·
1207 4061 1270 4137 bat,
1293 4058 1390 4139 idque
1413 4055 1518 4120 adhue
1539 4057 1573 4120 in
1596 4057 1665 4122 dies
1686 4059 1900 4137 minuebatur,
1924 4061 2024 4127 donec
2039 4084 2172 4146 prorsus

195 4163 268 4206 men
298 4140 429 4222 pieriae,
464 4144 538 4224 quia
570 4150 739 4223 postquam
771 4142 870 4208 semel
903 4165 961 4208 nos
993 4143 1156 4208 Dominus
1207 4145 1398 4210 concideret.
1442 4141 1508 4206 Ubi
1530 4163 1607 4207 vero
1629 4143 1663 4206 in
1687 4143 1837 4207 exsilium
1868 4153 1993 4212 tractus
2022 4147 2087 4213 fnit
2116 4169 2172 4232 po·

195 4226 380 4307 complexus
410 4237 458 4291 est
486 4229 590 4310 gratia
617 4248 690 4305 sua,
724 4227 771 4292 sic
800 4248 857 4293 nos
886 4231 1091 4310 prosequitur
1121 4238 1156 4293 ut
1208 4230 1302 4312 pnlus
1324 4230 1358 4293 in
1381 4226 1543 4290 horrenda
1563 4228 1621 4292 illa
1643 4226 1854 4310 dissipatione
1877 4242 1909 4294 ει
1936 4233 2086 4299 tristibus
2108 4233 2173 4299 rni-

195 4313 348 4378 boneficia
370 4332 428 4376 sua
451 4314 483 4373 in
507 4313 599 4377 nobis
622 4312 725 4395 magis
748 4332 785 4377 ao
807 4316 911 4395 magis
932 4314 1098 4396 adaugeat.
1208 4318 1274 4391 nis,
1302 4315 1382 4377 adeo
1411 4311 1580 4392 desperata
1609 4323 1702 4377 erant
1731 4315 1840 4377 omnia
1870 4328 1906 4380 nt
1935 4323 2108 4400 putaretur
2134 4319 2173 4383 de

280 4397 309 4461 3.
332 4394 389 4482 (Et
410 4397 608 4462 ambutabunt
626 4396 753 4482 pentae.)
790 4397 968 4463 Confirmat
985 4398 1070 4481 quod
1091 4401 1155 4463 iam
1207 4399 1340 4464 ecclesia
1360 4398 1489 4479 penitus
1511 4404 1618 4461 actum
1641 4419 1722 4463 esse.
1766 4398 1919 4466 Pluribus
1946 4413 2037 4487 ergo'
2053 4404 2173 4470 confir·

196 4484 354 4547 diximus:
389 4503 451 4545 non
482 4483 576 4547 :uliam
606 4504 676 4547 esse
707 4483 874 4546 hominum
904 4483 1024 4556 lucem,
1059 4504 1154 4566 quam
1207 4481 1326 4548 manda
1349 4483 1408 4546 fuit
1431 4482 1510 4546 haee
1532 4481 1690 4563 doctrina,
1715 4505 1754 4546 ne
1769 4485 1870 4549 animi
1886 4496 2005 4553 natura
2020 4490 2172 4572 propensi

195 4589 293 4651 quum
317 4568 380 4630 illis
403 4567 566 4631 Dominus
590 4568 687 4633 verbo
714 4591 773 4632 suo
803 4567 945 4650 affulget.
991 4568 1062 4632 Hoc
1090 4571 1156 4650 qui·
1208 4570 1248 4633 ad
1271 4568 1485 4632 diffidentiam
1509 4567 1648 4650 amplius
1672 4566 1866 4635 dubitarent.
1911 4572 2093 4655 Propterea
2115 4573 2171 4640 ad·

196 4655 267 4719 dem
303 4654 444 4717 fatentur
476 4673 602 4717 omnes:
638 4652 694 4718 sed
727 4675 792 4718 non
827 4655 908 4717 tanti
940 4652 1064 4718 iaciunt
1096 4654 1156 4717 boc
1208 4655 1297 4720 ducit
1329 4653 1467 4717 Iudaeos
1498 4652 1588 4716 velut
1620 4655 1652 4717 in
1687 4674 1755 4716 rem
1790 4666 2008 4736 praesentem,
2042 4660 2172 4726 mmetsi

195 4738 385 4804 beneficium
409 4739 521 4819 quanti
545 4737 669 4816 debent,
700 4759 736 4803 ae
759 4738 892 4821 vulgare
914 4738 1065 4820 quiddam
1087 4760 1156 4804 csse
1207 4738 1318 4822 procul
1342 4739 1483 4803 abesset:
1518 4752 1552 4802 ut
1577 4737 1677 4801 nihilo
1700 4740 1803 4822 magis
1826 4741 1989 4807 haesitent
2017 4765 2116 4826 quam
2145 4745 2173 4810 si

194 4835 320 4907 putant,
348 4824 432 4907 qnod
456 4824 646 4887 naturaliter
669 4826 703 4888 in
726 4846 837 4889 omnes
860 4824 1008 4888 homines
1030 4844 1154 4907 compe·
1207 4826 1271 4888 iam
1305 4823 1345 4887 ob
1378 4823 1487 4888 oculos
1520 4824 1662 4905 ipsorum
1698 4841 1880 4905 poneretur.
1935 4827 2031 4893 Iubet
2064 4840 2173 4895 autam

195 4923 251 4975 tat.
283 4911 385 4991 Atqui
405 4910 683 4990 supernaturalem
703 4931 771 4973 esso
791 4910 873 4973 harro
894 4910 1030 4991 gratiam
1051 4921 1154 4972 osten·
1207 4909 1318 4974 fideles
1341 4909 1476 4975 attollere
1497 4909 1598 4974 ooitlos
1620 4910 1653 4972 in
1675 4910 1781 4989 altum,
1804 4911 1916 4995 idest,
1939 4935 2039 4998 supra
2056 4915 2173 4980 huma·

196 4995 252 5061 dit.
293 4995 461 5076 Distingui
484 5014 561 5077 ergo
583 4994 677 5058 debet
701 5016 719 5057 a
743 5008 868 5076 natura,
891 4993 986 5075 idque
1007 4995 1155 5074 repetitio
1179 5002 1183 5085 j
1209 5016 1281 5058 narn
1305 4995 1541 5076 cogitationem.
1586 4993 1670 5058 Nam
1694 4994 1846 5076 quamdiu
1870 4998 1967 5063 defixi
1994 5021 2109 5066 sumus
2140 5003 2173 5065 in

195 5080 292 5145 huius
323 5081 425 5158 vocis,
458 5101 551 5160 super
579 5085 621 5159 te,
655 5100 718 5160 qua
741 5081 830 5161 prius
867 5101 942 5143 usus
979 5092 1043 5154 est,
1077 5081 1155 5143 satis
1178 5094 1182 5155 t
1207 5093 1379 5143 externum
1413 5090 1551 5155 statum,
1591 5079 1731 5143 fructum
1766 5080 1883 5146 harum
1917 5087 2173 5165 promissionum

196 5166 346 5229 ostendit.
380 5166 527 5230 Primum
552 5165 660 5248 igitur·
676 5165 859 5240 tenendum,
882 5163 982 5228 solius
1003 5165 1061 5227 Dei
1085 5185 1154 5227 esec
1207 5166 1370 5247 percipere
1394 5186 1457 5229 non
1482 5184 1660 5245 possumus.
1694 5164 1794 5230 Addit
1817 5169 2009 5253 incircuitu,
2033 5184 2173 5236 utcerto

196 5249 258 5317 hoc
281 5249 485 5316 beneficium:
509 5251 624 5316 deinde
642 5271 705 5315 non
726 5270 837 5314 omnes
855 5250 1035 5332 promiscue
1053 5249 1155 5330 ipsius
1207 5259 1340 5314 teneant
1371 5271 1434 5314 non
1465 5250 1504 5313 ab
1535 5269 1597 5313 una
1628 5259 1754 5314 tantum
1783 5253 1896 5338 plaga,
1934 5255 1991 5321 sed
2028 5255 2175 5339 undique
