4784 5970
1071 363 1121 432 IN
1142 364 1308 434 ISAIAM
1670 294 1683 320 ⁸
2158 369 2183 432 4

1212 575 1301 637 spem
1323 555 1429 620 lacere
1451 553 1581 620 salutis:
1612 554 1688 637 quia
1709 561 1815 619 tamen
1837 554 1873 619 in
1895 553 2028 639 longum
2051 565 2182 638 tempus

515 656 564 722 ΙΝ
588 655 738 724 effug
760 656 837 723 XI„
1210 639 1376 707 rsiieiebat
1397 640 1514 705 misere
1533 641 1669 706 afflictos
1687 649 1720 704 et
1737 661 1837 723 paene
1855 639 2007 724 perditos,
2030 640 2182 726 frigidior

1212 735 1282 790 erat
1314 725 1489 793 consolatio
1523 725 1624 790 donee
1650 725 1783 791 libertas
1812 727 1934 790 reditus
1962 727 2054 808 quasi
2078 727 2182 809 digito

278 812 306 875 1.
336 809 590 896 (Coesolcmlni.)
632 809 763 876 Novum
793 816 1023 894 argumentum
1055 812 1161 896 ingre·
1211 821 1394 877 monstrata
1426 810 1499 876 fuit.
1553 809 1695 893 Ideoque
1729 811 1770 876 ad
1803 820 2006 894 praesentem
2039 811 2182 895 gratiam

192 896 281 962 ditur
314 895 480 980 propheta.
531 895 616 961 Nam
649 895 761 963 relicto
794 895 910 979 populo
944 897 1029 978 apud
1063 917 1160 979 quem
1212 897 1325 963 referri
1358 896 1454 962 debet
1486 897 1621 962 verbum
1654 897 1868 976 consolamini,
1906 897 1997 963 cuius
2030 898 2182 981 repetitio

191 1003 251 1048 nec
280 982 388 1047 minas
415 1002 475 1049 nec
497 982 692 1048 monitiones
714 980 800 1046 ullae
823 981 1046 1064 proficiebant,
1076 981 1160 1065 quod
1211 1003 1275 1047 ηοη
1294 982 1390 1048 modo
1409 982 1636 1047 certitudinem
1655 982 1800 1046 vaticinii
1818 984 1996 1059 confirmat,
2019 983 2075 1047 sed
2093 1004 2181 1048 com·

191 1067 360 1151 deplorata
383 1076 468 1133 esset
490 1067 561 1132 eius
582 1067 736 1150 nequitia,
759 1068 799 1131 ad
823 1073 968 1151 posteros
991 1087 1062 1132 sese
1083 1088 1159 1134 con·
1211 1067 1344 1133 mandat
1377 1067 1554 1133 efficaciam
1587 1077 1620 1131 et
1646 1067 1798 1133 fructum.
1844 1067 1945 1148 Quasi
1977 1066 2111 1151 diceret,
2144 1070 2182 1133 in

191 1153 308 1219 vertit:
332 1163 368 1218 ut
390 1153 509 1236 populo
532 1172 625 1219 cruce
649 1151 820 1217 humiliato
843 1151 973 1217 demum
995 1153 1029 1217 in
1052 1162 1159 1217 extre·
1212 1152 1273 1218 hac
1301 1152 1463 1237 legatione
1492 1155 1560 1218 fore
1588 1153 1735 1231 uberem,
1769 1153 1900 1235 plenam
1929 1161 1962 1218 et
1991 1156 2182 1219 continuam

191 1240 254 1304 mis
285 1240 462 1323 angoribus
492 1237 748 1304 consolationem
782 1237 965 1303 defuturam
994 1259 1059 1302 non
1090 1258 1160 1304 esse
1212 1238 1376 1322 gaudendi
1398 1258 1537 1304 causam.
1583 1237 1726 1303 Omnino
1749 1238 1881 1321 quidem
1903 1239 2108 1304 retinendum
2131 1251 2183 1305 est

191 1324 360 1409 significet.
405 1324 455 1390 Ac
484 1323 661 1389 verisimile
690 1333 740 1387 est
770 1323 976 1406 prophetiam
1007 1323 1091 1389 hano
1120 1322 1160 1388 ab
1211 1324 1359 1390 futurum
1382 1324 1473 1389 verbi
1497 1334 1640 1407 tempus:
1663 1324 1738 1407 quia
1760 1324 1872 1389 subest
1894 1325 1991 1390 tacita
2009 1325 2182 1391 antithesis

190 1409 260 1493 ipso
281 1412 434 1493 scriptam
452 1429 523 1475 esse
541 1430 639 1491 quum
658 1409 796 1474 instaret
808 1419 936 1491 tempus
948 1408 1160 1492 migrationis,
1212 1410 1297 1474 inter
1315 1410 1407 1474 triste
1425 1408 1506 1474 illud
1525 1409 1700 1492 silentium,
1718 1409 1757 1474 de
1776 1431 1839 1492 quo
1858 1410 1936 1487 dixi,
1957 1420 1989 1473 et
2001 1408 2181 1475 doctrinam

190 1516 232 1560 ns
261 1495 419 1562 decedens
447 1516 490 1559 ex
522 1495 589 1560 vita
619 1493 786 1560 eeclesiam
809 1493 873 1558 Dei
896 1495 966 1559 sine
988 1515 1044 1577 spe
1066 1495 1160 1559 resti·
1212 1495 1439 1560 consolationis
1472 1515 1554 1577 quae
1588 1505 1699 1578 postea
1731 1496 1894 1561 suecessit.
1939 1496 1984 1559 Et
2017 1516 2090 1561 cum
2118 1496 2182 1561 hoc

190 1581 324 1647 tutionis
346 1581 547 1663 gravissimis
566 1579 660 1645 malis
677 1581 826 1645 obrutam
845 1580 1051 1662 relinqueret.
1087 1581 1160 1644 Etsi
1213 1581 1363 1646 vaticinio
1393 1581 1553 1646 consentit
1581 1581 1734 1646 ecelesiae
1761 1580 1963 1664 querimonia
1985 1579 2115 1646 Psalmo
2138 1581 2184 1645 ‘14

190 1675 299 1731 autem
322 1666 461 1731 antehae
478 1666 577 1732 minis
594 1687 631 1731 ac
651 1666 829 1730 terroribus
848 1665 1001 1730 vaticinia
1019 1667 1052 1728 in
1072 1665 1159 1731 hunc
1212 1664 1255 1749 (v.
1279 1664 1332 1750 9);
1357 1664 1459 1750 Signa
1480 1676 1591 1730 nostra
1613 1687 1679 1730 non
1702 1666 1865 1731 videmus:
1889 1687 1955 1730 non
1973 1677 2022 1731 est
2040 1666 2182 1750 amplius

189 1753 288 1816 finem
310 1752 509 1835 permiscuit,
540 1771 652 1816 eorum
676 1758 786 1815 tamon
811 1751 982 1833 praecipue
1004 1751 1058 1832 qui
1081 1761 1160 1815 tunc
1211 1750 1383 1834 propheta,
1420 1771 1480 1816 nec
1512 1761 1562 1816 est
1592 1751 1681 1816 inter
1712 1773 1771 1817 nos
1805 1754 1858 1834 qui
1891 1754 1972 1817 sciat
2003 1772 2182 1834 quousque.

190 1836 346 1903 vivebant
357 1835 487 1902 videtur
506 1838 664 1901 rationem
677 1834 838 1901 habuisse.
862 1835 1029 1918 Quidquid
1050 1846 1159 1901 autem
1211 1836 1371 1901 Videmus
1393 1838 1479 1901 enim
1502 1847 1538 1900 ut
1560 1857 1594 1901 se
1616 1838 1738 1919 optimo
1761 1837 1868 1902 solatii
1891 1858 2010 1922 genere
2033 1836 2181 1902 orbatam

189 1922 323 2006 posthac
351 1934 519 2005 sequetur,
550 1921 590 1986 ad
619 1922 762 1987 futuram
793 1920 963 1988 ecelesiam
991 1922 1159 2005 spectabit,
1211 1942 1282 1988 esse
1312 1921 1473 2006 deploret:
1504 1923 1579 2004 quia
1598 1922 1689 1987 nulla
1711 1922 1881 2006 promissio
1904 1922 2063 1987 leniendis
2086 1923 2182 1986 malis

189 2011 280 2074 euius
312 2009 515 2074 renascentia
544 2016 680 2072 mortem
710 2007 779 2072 eius
808 2007 906 2090 longe
934 2016 1071 2089 sequuta
1100 2017 1157 2072 est.
1211 2009 1246 2072 in
1279 2007 1420 2072 medium
1454 2009 1597 2090 prodeat.
1642 2008 1781 2073 Perinde
1810 2028 1847 2072 ac
1876 2008 1903 2071 si
1934 2007 2070 2072 diceret:
2105 2007 2182 2071 Non

188 2093 386 2176 Perpetuam
410 2093 495 2158 enim
515 2092 693 2158 doctrinam
712 2093 867 2170 subiiciet,
891 2112 974 2175 quae
995 2093 1035 2156 ad
1054 2114 1158 2157 unum
1211 2095 1352 2176 patietur
1369 2092 1532 2158 Dominus
1556 2112 1612 2158 vos
1636 2093 1769 2158 destitui
1794 2093 1970 2176 prophetis,
1995 2095 2051 2175 qui
2070 2113 2126 2158 vos
2144 2093 2182 2156 in

189 2189 317 2262 tempus
347 2178 575 2262 restringenda
604 2187 749 2253 nonest,
781 2197 818 2242 ac
840 2177 1034 2261 praesertim
1058 2198 1158 2260 quum
1211 2178 1367 2243 extremis
1401 2178 1531 2242 demum
1564 2179 1725 2261 angustiis
1753 2180 1970 2245 consolentur.
2014 2178 2184 2243 Excitabit

188 2272 305 2330 tractat
344 2264 383 2329 de
423 2264 555 2329 exordio
594 2272 628 2327 et
671 2283 845 2345 progressu
891 2263 983 2347 regni
1023 2263 1157 2329 Christi.
1211 2285 1249 2329 eo
1277 2275 1421 2346 tempore
1453 2264 1540 2329 viros
1573 2262 1688 2345 quibus
1721 2265 1916 2348 legationem
1950 2263 2005 2328 diu
2039 2284 2058 2327 a
2091 2265 2184 2328 vobis

188 2349 296 2433 Atque
328 2371 365 2416 eo
397 2350 528 2415 maioris
560 2346 646 2432 apud
679 2368 740 2413 nos
773 2349 929 2414 momenti
961 2369 1032 2414 esse
1063 2349 1159 2413 debet
1211 2358 1355 2432 optatam
1394 2348 1572 2426 mandabit,
1612 2371 1648 2414 ao
1687 2359 1767 2415 ωηο
1804 2370 1933 2432 quoque
1965 2349 2114 2413 ostendet
2147 2369 2184 2414 se

190 2434 270 2502 haee
301 2435 486 2519 prophetia,
521 2433 606 2516 quod
635 2443 724 2499 reeta
753 2454 812 2499 nos
841 2433 1021 2516 compellat.
1073 2433 1157 2498 Nam
1211 2455 1323 2500 curam
1356 2433 1476 2498 habere
1509 2435 1619 2498 vestri.
1668 2434 1741 2501 Hoc
1773 2449 1881 2500 autem
1907 2436 2053 2498 futurum
2082 2433 2184 2512 Dicet,

190 2523 249 2585 etsi
279 2521 423 2604 priorum
453 2539 597 2604 anagoge
619 2519 690 2583 fieri
712 2528 828 2602 potest,
857 2528 894 2584 ut
916 2527 949 2584 et
971 2517 1101 2584 Iudaeis
1124 2528 1156 2583 et
1212 2540 1275 2585 non
1317 2529 1445 2583 tantum
1480 2519 1518 2582 ad
1553 2521 1776 2601 captivitatem
1810 2520 2034 2604 babylonicam
2067 2520 2183 2596 refero,

190 2606 284 2673 nobis
306 2607 485 2672 eommunis
507 2604 655 2670 doctrina
676 2605 733 2669 sit:
767 2615 874 2669 tamen
898 2606 972 2687 quia
995 2604 1157 2670 derelictis
1211 2604 1267 2671 sed
1297 2605 1338 2669 ad
1368 2614 1472 2669 totum
1501 2604 1703 2670 liberationis
1725 2613 1852 2687 tempus
1876 2606 1959 2687 quod
1982 2607 2015 2669 in
2039 2626 2074 2669 se
2096 2626 2184 2668 com·

189 2690 278 2757 illius
300 2691 455 2775 temporis
474 2690 604 2755 Iudaeis
626 2700 770 2772 posteros
792 2689 978 2772 alloquitur,
1001 2698 1159 2774 quotquot
1211 2692 1363 2774 plectitur
1392 2711 1530 2774 regnum
1554 2690 1689 2756 Christi.
1733 2692 1837 2756 Porro
1861 2691 2059 2755 adverbum
2081 2689 2183 2767 Dicet,

189 2777 292 2843 futuri
325 2784 402 2843 sunt
432 2797 534 2858 usque
567 2775 607 2842 ad
641 2777 740 2840 linem
774 2777 902 2852 mundi,
942 2774 1022 2840 haee
1054 2777 1158 2859 magis
1211 2775 1427 2859 supplendum
1450 2785 1509 2852 est,
1532 2775 1707 2859 prophetis,
1731 2798 1811 2859 quos
1834 2776 1958 2842 scilicet
1975 2777 2008 2839 in
2025 2796 2096 2839 eam
2112 2796 2182 2839 rem

60 2917 67 2933 .
189 2862 360 2947 peculiaris
390 2882 460 2928 esse
489 2860 582 2927 nobis
612 2859 750 2926 videtur.
803 2861 875 2926 Hac
908 2860 1009 2945 igitur
1039 2860 1157 2926 exhor·
1212 2862 1396 2928 constituet.
1441 2860 1580 2925 Frustra
1610 2863 1697 2926 enim
1724 2862 1826 2927 verba
1848 2863 1999 2937 lacerent,
2030 2862 2093 2925 nisi
2116 2862 2183 2925 Do·

190 2949 314 3015 tatione
337 2947 441 3014 voluit
458 2946 620 3012 Dominus
642 2946 771 3029 piorum
795 2947 921 3011 animos
945 2946 1096 3024 excitare,
1119 2967 1159 3010 ne
1212 2948 1321 3012 minus
1343 2947 1422 3028 ipsis
1446 2944 1577 3024 diceret,
1600 2958 1698 3029 atque
1720 2950 1818 3013 etiam
1835 2948 1884 3012 ori
1899 2967 2007 3012 eorum
2024 2947 2184 3010 insereret

191 3035 224 3099 in
247 3034 401 3119 gravibus
424 3032 590 3097 aerumnis
613 3031 799 3096 deficerent.
840 3031 990 3095 Primum
1012 3030 1160 3114 Iudaeos,
1212 3031 1297 3114 quod
1331 3031 1403 3095 aliis
1443 3033 1642 3098 nuntiarent.
1697 3034 1759 3099 Est
1791 3033 1891 3116 igitur
1923 3042 2037 3097 mutua
2070 3032 2184 3097 relatio

190 3122 246 3203 qui
278 3121 311 3185 in
346 3119 461 3185 duram
494 3117 584 3182 illam
618 3116 839 3198 captivitatem
862 3115 1042 3181 abducendi
1064 3117 1161 3199 paulo
1213 3118 1298 3181 inter
1319 3114 1429 3180 Deum
1459 3127 1492 3180 et
1521 3116 1703 3200 prophetas.
1749 3119 1899 3200 Denique
1926 3117 2094 3199 pollicetur
2116 3118 2183 3181 Do·

190 3215 264 3289 post
287 3213 394 3285 erant,
429 3202 482 3268 ubi
506 3209 538 3267 et
560 3201 729 3268 sacrificiis
752 3210 785 3265 et
806 3200 975 3285 prophetis
997 3210 1159 3267 carerent:
1213 3202 1324 3266 minus
1350 3201 1510 3282 reliquam
1534 3203 1603 3268 fore
1625 3224 1715 3286 spem
1739 3204 1863 3278 salutis,
1893 3204 2022 3268 tametsi
2046 3204 2184 3285 ingrati·

190 3297 288 3375 atque
316 3291 406 3357 omni
434 3288 653 3355 consolatione
681 3285 828 3351 destituti
856 3298 973 3361 essent,
1008 3287 1071 3351 nisi
1095 3286 1160 3352 Do·
1214 3287 1293 3352 tudo
1331 3284 1500 3352 hominum
1538 3300 1732 3372 perpetuum
1765 3289 1862 3355 huius
1895 3290 1982 3354 vocis
2015 3288 2182 3352 silentium

192 3378 302 3443 minus
336 3376 388 3441 his
423 3373 585 3439 vaticiniis
619 3392 731 3438 eorum
764 3372 914 3438 miseriae
948 3373 1161 3438 subvenisset.
1213 3382 1460 3453 extremumque
1490 3373 1626 3438 exitium
1658 3384 1829 3439 mereatur.
1879 3375 1970 3439 Haec
2003 3382 2110 3438 autem
2141 3373 2183 3438 ad

189 3460 319 3529 Deinde
352 3462 423 3545 pios
457 3479 570 3524 omnes
599 3465 756 3539 quotquot
784 3457 886 3522 futuri
916 3466 1016 3534 erant,
1050 3464 1107 3522 aut
1128 3459 1162 3522 in
1213 3458 1365 3523 exsilium
1400 3457 1625 3542 babylonicum
1652 3459 1878 3543 restringenda
1908 3480 1972 3524 ηοη
2000 3480 2069 3523 esse
2098 3457 2182 3522 dixi:

190 3556 358 3632 posterum
391 3545 583 3620 exstabunt,
624 3552 664 3606 ut
702 3543 847 3607 animum
880 3544 1025 3626 erigant,
1065 3545 1162 3608 etiam
1213 3545 1290 3627 quia
1318 3553 1431 3626 patent
1452 3543 1618 3625 latissime,
1648 3554 1680 3609 et
1707 3545 1888 3610 doctrinam
1911 3544 2071 3628 evangelii
2094 3564 2183 3609 eom·

191 3655 293 3717 quum
326 3631 367 3697 ad
401 3639 548 3695 extrema
581 3627 703 3693 redacti
735 3649 805 3694 esse
838 3649 875 3694 ae
906 3629 1041 3712 periisse
1072 3627 1161 3694 vide·
1214 3629 1438 3713 prehendunt:
1475 3630 1510 3692 in
1544 3649 1607 3711 qus
1640 3633 1812 3714 praecipue
1844 3640 1895 3695 est
1929 3630 1978 3696 vis
2010 3630 2074 3693 ista
2106 3649 2183 3696 con·

190 3720 322 3786 buntur.
367 3716 415 3783 Ut
446 3725 554 3780 autem
582 3713 662 3778 haec
690 3713 792 3778 oratio
819 3713 893 3797 plus
921 3714 1081 3779 efficaciae
1104 3713 1161 3779 ha·
1214 3715 1350 3780 solandi.
1378 3714 1460 3780 Eius
1478 3715 1566 3779 enim
1584 3724 1632 3779 est
1648 3717 1774 3799 erigere
1788 3717 1924 3781 afflictos
1939 3726 1972 3779 et
1988 3722 2183 3797 prostratos:

79 3846 87 3861 ·
190 3805 291 3880 beret,
326 3801 495 3886 magisque
524 3798 651 3865 animos
680 3799 878 3881 percelleret,
907 3797 1015 3864 Deum
1038 3799 1163 3865 inducit
1214 3810 1342 3867 euectos
1372 3809 1404 3864 et
1433 3820 1511 3864 vere
1541 3810 1687 3866 mortuos
1716 3822 1872 3878 recreare,
1907 3810 2046 3865 moestos
2073 3801 2184 3864 levare

191 3889 390 3957 excitantem
429 3905 530 3950 nevos
569 3884 759 3967 prophetas,
800 3885 915 3968 quibus
954 3884 1088 3949 mandat
1127 3896 1163 3949 ut
1215 3886 1364 3964 tristitia,
1399 3884 1539 3967 denique
1571 3886 1658 3951 laeta
1680 3895 1711 3950 et
1733 3887 1875 3952 iucunda
1906 3887 2016 3951 omnia
2049 3886 2182 3950 afferre:

191 3977 296 4041 amica
318 3971 537 4038 consolatione
562 3969 673 4053 populi
697 3968 824 4035 dolores
844 3970 979 4036 leniant.
1026 3968 1163 4035 Summa
1215 3970 1300 4036 unde
1322 3973 1420 4035 etiam
1442 3971 1650 4055 evangelium
1674 3974 1870 4037 nominatur.
1911 3972 1978 4036 Nec
2002 3990 2080 4035 vero
2103 3982 2183 4037 ωηο

191 4070 250 4142 est,
281 4059 337 4125 ubi
366 4057 406 4123 ad
435 4065 565 4138 tempus
592 4055 681 4119 visus
707 4055 807 4119 luerit
828 4056 1006 4122 deseruisse
1028 4055 1163 4120 miseros
1215 4057 1346 4122 demum
1379 4056 1497 4137 coepit,
1536 4076 1638 4138 quum
1671 4056 1821 4122 Christus
1859 4057 2010 4140 apparuit
2043 4054 2182 4120 mundo:

192 4144 331 4224 exsules,
357 4163 472 4208 rursus
496 4162 535 4206 ex
559 4139 701 4204 tenebris
724 4160 926 4207 emersurum
947 4163 1017 4207 esse
1039 4142 1162 4222 gratiae
1215 4142 1271 4207 sed
1306 4142 1407 4206 multo
1441 4152 1552 4219 antea,
1585 4161 1627 4206 ex
1655 4163 1718 4225 quo
1747 4143 1868 4209 scilieet
1896 4141 2089 4206 manifestus
2121 4142 2183 4206 Dei

190 4229 434 4298 testimonium:
465 4235 498 4292 et
527 4225 584 4291 ubi
617 4226 818 4290 cessaverint
840 4225 943 4292 laetae
965 4225 1162 4310 prophetiae,
1214 4228 1306 4293 favor
1323 4226 1441 4304 illuxit,
1466 4247 1503 4291 ao
1518 4224 1637 4291 Daniel
1653 4230 1757 4311 primo
1773 4227 1929 4293 vexillum
1946 4227 2182 4309 quodammodo

191 4318 337 4382 futurum
367 4336 437 4380 esse
466 4332 580 4377 rursus
608 4311 673 4377 illis
696 4331 791 4376 suum
814 4319 950 4396 tempus.
994 4315 1104 4396 Atque
1127 4312 1162 4377 rit
1214 4314 1328 4391 erexit,
1351 4321 1387 4377 ut
1408 4332 1442 4376 se
1465 4310 1575 4376 fideles
1596 4313 1635 4377 ad
1658 4315 1798 4379 reditum
1821 4314 2043 4397 accingerent:
2070 4322 2184 4392 postea

190 4402 333 4468 laetitiae
355 4400 523 4465 materiam
545 4396 727 4480 amplificet,
750 4397 856 4462 utitur
871 4418 1006 4462 numero
1025 4397 1161 4481 plurali:
1213 4399 1377 4482 Aggasus,
1412 4397 1595 4477 Zacharias,
1629 4399 1817 4476 Malachiae,
1852 4398 2037 4474 Nehemias,
2071 4398 2182 4472 Deras,

191 4509 253 4572 quo
274 4487 438 4570 signifieat
460 4504 494 4550 se
517 4504 582 4547 non
605 4503 707 4546 unum
726 4491 784 4546 aut
805 4483 954 4566 alterum,
977 4483 1033 4549 sed
1051 4482 1161 4566 plures
1215 4495 1248 4548 et
1281 4484 1337 4548 alii
1377 4503 1477 4565 usque
1516 4483 1556 4546 ad
1589 4483 1714 4549 Christi
1746 4486 1937 4564 adventum,
1978 4483 2106 4548 eosdem
2140 4482 2181 4546 ad

191 4573 284 4657 quasi
314 4573 348 4637 in
378 4581 487 4635 turma
516 4569 708 4634 missurum:
743 4565 776 4631 id
807 4569 1011 4650 quodetiam
1034 4569 1162 4652 reipsa
1214 4570 1331 4634 melius
1348 4567 1544 4651 sperandum
1564 4568 1687 4634 hortati
1705 4578 1789 4634 sunt.
1824 4569 1889 4650 Qui
1909 4590 1984 4633 vero
2000 4578 2182 4651 postremus

191 4658 363 4745 praestitit.
400 4654 496 4722 Unde
518 4653 621 4737 magia
645 4651 767 4718 relucet
789 4652 917 4718 infinita
939 4654 1011 4718 eius
1035 4653 1162 4720 bonitas
1213 4655 1359 4720 omnium
1389 4654 1520 4736 scripsit
1542 4654 1730 4730 Malachiae,
1760 4654 1834 4736 quia
1864 4674 1981 4738 paucos
2011 4655 2079 4718 lore
2108 4673 2181 4736 pro·

192 4749 225 4811 st
254 4743 435 4811 clementia.
480 4738 664 4816 Caeterum,
694 4737 728 4801 in
763 4740 875 4819 primis
904 4739 1082 4804 notandum
1111 4748 1162 4805 est
1214 4740 1329 4823 phetas
1361 4739 1577 4823 intelligebat,
1610 4739 1651 4804 ad
1680 4741 1785 4822 legem
1815 4739 1917 4804 Mosie
1945 4739 2100 4822 populum
2130 4759 2182 4802 re·

192 4831 329 4895 verbum
356 4826 458 4894 futuri
488 4824 654 4907 temporis,
686 4823 764 4888 dicet
792 4824 915 4903 Ielsoec,
945 4822 1030 4907 quod
1060 4826 1161 4889 inter·
1214 4827 1322 4902 mittit,
1351 4836 1389 4889 ut
1416 4845 1457 4889 ex
1486 4844 1524 4889 ea
1552 4823 1753 4889 voluntatem
1776 4824 1839 4888 Dei
1861 4826 2029 4907 minasque
2052 4835 2085 4888 et
2107 4845 2180 4905 pro·

192 4923 299 4999 pretes
328 4909 552 4996 inpraesenti
582 4909 634 4975 vel
675 4910 852 4990 praeterito
880 4909 1052 4975 reddentes
1094 4922 1162 4975 tam
1213 4911 1314 4976 missa
1335 4911 1530 4994 intelligant.
1565 4909 1619 4974 Ex
1642 4911 1702 4976 hoe
1724 4919 1833 4974 autem
1856 4909 1925 4974 loco
1946 4910 2021 4990 quid
2041 4910 2182 4974 maxime

192 5001 292 5067 verba
310 4998 490 5084 depravant
508 5016 604 5078 quam
624 5005 993 5078 sensumoorrumpunt.
1022 4994 1162 5077 Oblique
1214 4997 1435 5079 quaerendum
1464 4997 1506 5060 sit
1535 4995 1568 5059 in
1598 4995 1764 5078 prophetis
1787 4995 1977 5079 colligimus,
2007 5000 2123 5076 nempe
2146 5005 2183 5058 ut

193 5086 278 5153 enim
312 5084 452 5150 medium
483 5093 612 5163 tempus
639 5080 799 5163 designat,
830 5100 892 5164 quo
914 5081 1059 5164 graviter
1081 5082 1162 5145 alfli·
1214 5084 1378 5164 preposita
1409 5082 1533 5164 gratiae
1556 5079 1619 5144 Dei
1650 5081 1818 5147 dulcedine
1848 5080 1888 5143 ad
1917 5101 2006 5162 spem
2037 5082 2183 5144 animent

192 5170 318 5256 gendus
340 5178 410 5235 erat
431 5167 580 5253 populus,
604 5165 695 5248 quasi
714 5165 785 5229 Deo
809 5173 945 5232 tacente.
978 5167 1050 5231 Etsi
1075 5168 1159 5231 enim
1214 5169 1283 5251 pias
1311 5177 1446 5247 mentes,
1476 5187 1517 5231 ne
1546 5165 1605 5231 sub
1632 5168 1791 5231 malorum
1814 5186 1912 5230 onere
1935 5166 2094 5245 deficiant,
2124 5165 2181 5230 sed

193 5271 269 5324 ωηο
291 5277 417 5340 quoque
436 5277 500 5322 uon
519 5252 643 5319 destitit
660 5252 753 5316 Deus
770 5273 829 5335 per
847 5252 970 5336 aliquos
989 5252 1161 5335 prophetas
1214 5251 1375 5336 intrepide
1400 5254 1576 5336 persistant
1603 5250 1637 5316 in
1663 5253 1723 5318 Dei
1746 5252 1960 5318 invocatione.
2005 5250 2182 5317 Caeterum
