4784 5970
189 373 254 438 181
1072 367 1122 434 IN
1140 366 1307 436 ISAIAM
2137 370 2197 438 188

188 568 339 646 respectu
361 567 467 624 terrae
489 556 649 624 (1888888
679 555 929 640 intelligendum
959 564 1024 636 est,
1057 575 1160 639 eque
1213 574 1381 638 nunquam
1410 554 1499 620 edita
1527 564 1613 622 8888.
1658 554 1772 640 Neque
1800 557 1834 624 id
1862 558 2053 661 ignorantia
2081 559 2126 623 fit
2154 561 2193 625 ab

189 650 310 714 eiectus
331 644 469 728 populus
490 643 565 722 Dei,
594 643 685 708 velut
706 664 725 708 8
746 640 841 708 8888
862 642 964 725 888818
992 640 1161 708 abdicatus
1212 642 1301 724 ipsis,
1330 641 1385 706 sod
1409 639 1552 718 8888818,
1581 663 1646 725 888
1667 641 1731 708 8181
1752 644 1910 729 quidquid
1932 645 2114 729 plausibile
2135 658 2191 724 888

189 753 260 800 esse
281 729 463 796 videbatur.
507 729 679 811 ’1888188
709 728 797 792 8818
821 748 883 811 888
905 729 1052 810 privatus
1081 736 1161 807 8888,
1213 726 1312 791 etiam
1331 727 1360 792 si
1377 727 1468 791 omni
1485 728 1611 793 ratione
1629 739 1747 807 888888,
1770 729 1864 796 facile
1881 732 2093 814 permittunt
2122 730 2190 798 Hoc

188 816 374 903 symbolum
393 816 455 880 tuit
473 814 677 899 praesentiae
691 813 766 887 Dei,
785 818 936 896 terraque
954 814 1025 897 1888
1042 813 1161 897 pignus
1213 824 1321 877 autem
1344 812 1406 877 tuit
1432 813 1612 896 888888888
1638 814 1828 879 consilium:
1858 837 1976 900 nempe
2005 817 2044 881 in
2066 837 2189 882 meme·

188 904 243 969 vel
265 901 364 967 arrha
386 901 498 967 beatee
520 899 740 965 haereditatis.
778 897 924 964 Abaotus
946 919 1024 982 ergo
1047 901 1082 962 in
1103 918 1161 963 ex·
1213 897 1296 963 riam
1319 917 1472 964 revocare
1493 899 1617 964 exitum
1639 899 1732 964 illum
1755 901 1897 985 priorem
1914 923 1958 968 ex
1971 902 2141 987 Aegypto,
2160 918 2191 968 et

189 989 299 1055 silium
318 986 456 1070 populus
474 985 711 1068 quodammodo
728 1007 748 1050 a
765 994 940 1066 conspectu
955 985 1018 1049 Dei
1038 983 1161 1050 eiectus
1213 983 1369 1048 miracula
1391 1004 1476 1066 quae
1498 992 1575 1049 tunc
1597 1004 1616 1048 a
1637 983 1780 1051 Domino
1801 986 1890 1052 edita
1911 987 2063 1054 inerunt:
2092 989 2190 1055 sicuti

189 1095 228 1141 ae
250 1074 440 1158 profligatus
462 1083 550 1148 erat,
580 1092 640 1137 nec
662 1070 767 1135 ullum
797 1068 901 1134 divini
929 1069 1046 1135 auxilii
1069 1069 1161 1133 88881-
1213 1068 1315 1133 88818
1343 1089 1414 1134 esse
1438 1069 1607 1153 prophetis
1634 1071 1701 1135 iam
1729 1080 1826 1137 antea
1855 1073 2058 1151 monuimus,
2091 1093 2188 1157 8888

190 1160 337 1225 888188
359 1157 509 1234 8888888,
532 1157 595 1222 8181
618 1155 888 1238 promissionibus
910 1156 984 1222 istie
996 1156 1160 1221 Dominus
1213 1174 1312 1236 opera
1334 1154 1396 1219 Dei
1419 1175 1623 1238 summopere
1645 1156 1875 1223 commendare
1896 1158 2020 1224 volunt
2063 1157 2188 1240 Quem·

190 1266 303 1311 eorum
330 1243 495 1309 miseriam
524 1242 734 1307 sublevasset.
778 1241 871 1307 Haeo
892 1249 1001 1306 sutem
1030 1239 1161 1305 miseria
1214 1237 1388 1304 admodum
1417 1239 1545 1322 David,
1579 1262 1679 1324 quum
1709 1242 1861 1308 victorias
1889 1263 1970 1327 quas
2001 1245 2189 1311 obtinuerat

191 1331 365 1414 diligenter
386 1329 479 1393 nobis
502 1327 737 1393 consideranda
760 1335 823 1407 888,
852 1325 938 1409 8888
961 1326 1104 1410 ablegati
1126 1325 1162 1389 in
1213 1323 1399 1403 celebraret,
1427 1327 1473 1390 ait
1498 1324 1633 1410 (Psslm.
1659 1326 1709 1407 18,
1731 1327 1764 1413 8)
1792 1338 1921 1394 montes
1943 1331 2132 1408 tremisse,
2152 1349 2189 1394 ac

190 1415 402 1501 longinquam
436 1415 619 1497 regionem,
653 1411 787 1496 templo,
821 1412 989 1478 sacrificiis
1021 1422 1055 1476 88
1084 1430 1161 1475 con·
1214 1409 1400 1492 defluxisse,
1412 1432 1519 1476 aerem
1534 1432 1605 1478 8888
1620 1412 1787 1491 diffissum,
1806 1413 1983 1480 Dominum
1998 1417 2189 1500 apparuisse

191 1501 345 1567 ventibus
378 1499 479 1565 sacris
511 1508 678 1564 carerent:
719 1509 755 1562 ut
786 1496 903 1580 quibus
940 1495 1037 1563 hodie
1069 1495 1162 1560 nulla
1213 1515 1232 1560 e
1259 1496 1366 1576 coelo,
1399 1517 1499 1579 quum
1528 1505 1640 1562 tamen
1667 1498 1701 1562 id
1731 1519 1892 1583 8888888
1921 1501 1984 1583 ipsi
2016 1501 2188 1568 acciderit:

190 1589 304 1669 forma,
330 1585 440 1650 nullus
462 1597 738 1651 sacramentorum
762 1604 849 1659 usus,
880 1582 971 1648 nulla
992 1582 1083 1649 verbi
1105 1582 1161 1646 ad-
1214 1580 1271 1646 888
1296 1580 1548 1665 descriptionem
1578 1584 1789 1668 aegyptiacae
1817 1584 2054 1669 redemptionis
2082 1588 2189 1651 imita·

191 1671 389 1737 ministratio
421 1678 485 1748 est,
520 1671 666 1753 cogitent
697 1689 733 1733 se
764 1666 999 1751 quodammode
1033 1690 1053 1733 a
1085 1688 1162 1734 888-
1214 1681 1278 1746 888,
1300 1677 1335 1731 88
1352 1668 1503 1733 ostendat
1518 1669 1625 1734 Deum
1644 1670 1699 1753 qui
1717 1671 1787 1736 eius
1806 1678 1900 1736 antor
1915 1671 1988 1755 fuit,
2009 1672 2076 1739 sibi
2093 1674 2188 1737 etiam

193 1768 308 1841 spectu
331 1757 393 1820 Dei
420 1757 539 1821 eiectos
561 1776 642 1835 esse,
672 1764 769 1838 88888
791 1755 877 1820 votis
899 1754 1090 1819 ardentibus
1111 1754 1162 1817 in·
1213 1753 1247 1816 in
1270 1753 1438 1819 vincendis
1462 1754 1609 1821 hostibus
1630 1764 1779 1821 autorem
1800 1778 1838 1822 ac
1860 1755 1976 1824 dueum
1996 1759 2110 1835 fuisse,
2133 1777 2189 1823 net

193 1843 427 1909 staurationem
456 1841 609 1906 eeclesiae
637 1851 750 1924 optare
779 1848 813 1905 et
841 1839 970 1904 assidue
998 1839 1163 1923 postulare
1215 1838 1325 1903 minus
1347 1839 1503 1904 virtutem
1529 1840 1656 1905 sinsin
1678 1861 1737 1905 888
1758 1841 1910 1922 victoria,
1937 1863 2039 1926 8888
2067 1846 2104 1909 18
2127 1842 2188 1908 11118

194 1929 329 1994 8188888.
1215 1922 1319 2007 signis
1353 1934 1388 1988 et
1421 1928 1579 2008 portentis
1611 1926 1849 2010 agnoscendam
1882 1948 1963 1994 esse.
2015 1928 2071 1993 Ita
2105 1950 2188 1995 8888

279 2014 331 2079 20.
367 2011 476 2097 (Erite
505 2009 658 2090 eBobel,
686 2009 785 2094 fugile
813 2032 834 2075 8
856 2008 1047 2096 Chaldaeis.)
1090 2009 1164 2074 Hoc
1216 2010 1377 2092 propheta
1395 2011 1466 2075 vult
1485 2012 1641 2095 8888818
1663 2012 1820 2078 miracula
1842 2013 1899 2078 illa
1920 2013 2136 2093 considerari,
2154 2025 2189 2078 nt

193 2099 372 2165 secundum
395 2097 577 2162 membrum
600 2105 650 2161 est
672 2094 771 2161 huius
792 2095 1071 2178 expostulationis,
1100 2114 1164 2176 888
1215 2096 1477 2161 incredulitatem
1499 2117 1592 2162 suam
1614 2098 1764 2182 corrigat,
1790 2119 1897 2182 neque
1918 2098 1986 2163 ulla
2007 2099 2189 2167 diffidentia

194 2195 332 2252 testatur
355 2184 518 2249 Dominus
550 2203 585 2248 se
615 2180 750 2264 populo,
784 2181 934 2263 quamvis
964 2180 1101 2263 indigne
1130 2188 1164 2244 et
1217 2190 1369 2246 tentetur.
1415 2180 1637 2247 8888818818
1660 2184 1724 2248 Dei
1745 2184 1834 2250 servi
1862 2203 1991 2267 semper
2012 2187 2050 2250 in
2072 2186 2188 2252 libera·

193 2272 333 2356 ingrato,
356 2268 594 2351 redemptorem
613 2267 690 2331 iore.
725 2267 902 2348 Postquam
924 2267 1013 2330 enim
1035 2287 1070 2330 se
1088 2264 1164 2329 boni
1216 2266 1338 2330 tionem
1371 2267 1462 2331 illam
1494 2267 1605 2334 oculos
1637 2269 1796 2334 coniicere
1828 2268 1993 2347 solebant,
2034 2280 2072 2336 88
2106 2270 2188 2337 tanti

194 2357 335 2422 doctoris
357 2355 462 2419 officio
484 2355 632 2418 functum
656 2359 792 2417 testatus
815 2361 878 2426 est,
906 2350 1063 2434 8888188
1085 2371 1164 2415 vere
1215 2350 1363 2416 beneficii
1385 2353 1541 2418 memoria
1563 2355 1711 2419 omnium
1733 2355 1860 2420 animos
1880 2356 1915 2420 in
1935 2377 1992 2438 888
2012 2375 2052 2422 88
2071 2357 2188 2423 fiducia

194 2441 363 2507 attendere
385 2439 539 2523 noluisse,
565 2440 612 2503 ita
634 2446 671 2501 88
691 2439 821 2520 propria
843 2436 938 2520 culpa
960 2436 1067 2500 exsilii
1088 2457 1164 2518 pus·
1216 2437 1464 2502 confirmarent:
1488 2439 1582 2504 sicuti
1605 2439 1681 2504 alibi
1703 2439 1825 2505 dictum
1848 2440 1910 2505 init
1926 2442 2068 2507 saeculis
2090 2443 2187 2509 omni·

194 2547 271 2593 narn
293 2526 355 2592 sibi
374 2525 590 2602 accersiverit,
612 2523 678 2588 ism
697 2522 932 2605 infatigabilem
956 2523 1163 2587 tolerantiam
1216 2523 1276 2587 bus
1301 2524 1499 2605 sperandum
1525 2525 1626 2591 fuisse
1654 2525 1887 2609 redemptionis
1914 2526 2005 2592 illius
2035 2528 2186 2606 fructum,

192 2611 384 2696 praedicans
412 2611 582 2694 subiungit
610 2631 644 2674 so
668 2608 883 2673 nibilominus
911 2608 941 2671 ei
962 2607 1163 2689 adfuturum,
1215 2617 1255 2671 ut
1287 2609 1448 2674 Dominus
1480 2611 1634 2676 continuo
1670 2631 1845 2694 progressu
1878 2611 1992 2695 populi
2028 2613 2187 2698 redempti

193 2707 231 2763 ut
260 2700 368 2782 ipsum
399 2718 417 2761 e
447 2696 604 2761 servitute
638 2694 764 2760 educat.
816 2693 912 2758 Iubet
941 2693 1044 2778 igitur
1076 2692 1164 2774 18888
1215 2703 1326 2758 custos
1359 2705 1455 2760 esset.
1505 2696 1685 2760 Dominum
1706 2717 1795 2780 ergo
1828 2697 1922 2762 facile
1953 2708 2187 2782 superaturum

193 2784 350 2849 excedere
368 2804 386 2847 e
405 2792 491 2846 terra
508 2781 696 2865 Babylonis,
719 2780 773 2845 ubi
791 2780 911 2864 captivi
934 2788 1037 2844 erant.
1068 2778 1165 2844 Unde
1216 2779 1449 2862 impedimenta
1477 2782 1588 2846 omnia
1619 2783 1796 2863 significat,
1829 2783 2071 2865 patefacturum
2102 2787 2187 2851 viam

192 2869 406 2950 perspicimus
435 2869 543 2932 Deum
579 2888 636 2949 pro
665 2865 823 2930 ineffabili
853 2885 913 2930 sua
949 2864 1164 2948 indulgentia,
1216 2885 1301 2947 quae
1323 2864 1433 2931 clausa
1455 2876 1513 2943 est,
1541 2887 1641 2948 88888
1663 2867 1792 2933 888888
1813 2868 2120 2951 suppeditaturum,
2149 2892 2187 2936 88

193 2955 343 3036 quamvis
365 2954 484 3017 iustam
507 2953 671 3017 nobiscum
695 2948 923 3033 expostulandi
952 2970 1082 3016 causam
1105 2950 1164 3014 ha·
1216 2951 1271 3014 siti
1292 2963 1436 3032 pereant,
1458 2951 1728 3033 quemadmodum
1752 2955 1816 3017 iam
1839 2954 1917 3018 olim
1939 2956 2107 3038 stupendo
2129 2957 2186 3021 mi·

194 3039 279 3120 beat,
299 3038 394 3102 malis
414 3049 520 3100 88888
538 3038 659 3101 nostris
676 3056 876 3114 succurrere,
894 3045 992 3118 88888
1010 3034 1165 3118 opitulari
1216 3036 1328 3100 888818
1350 3057 1368 3101 8
1390 3057 1472 3119 8888
1500 3037 1631 3114 eduxit,
1664 3060 1763 3121 quum
1794 3039 1931 3122 populus
1958 3040 1999 3105 de
2022 3062 2058 3107 se
2080 3053 2187 3109 aetem

193 3124 354 3207 indignis,
387 3122 531 3203 8888888
560 3122 600 3187 118
623 3122 677 3204 881
706 3121 847 3204 gratiam
879 3123 980 3203 ipsius
1014 3128 1164 3202 proterve
1216 3141 1288 3185 8888
1316 3121 1526 3187 existimaret.
1570 3122 1688 3206 Itaque
1716 3124 1841 3189 nullam
1869 3145 1941 3191 esse
1966 3145 2104 3192 888888
2131 3148 2187 3193 888

194 3210 383 3274 reiecerunt.
421 3206 517 3287 Quod
539 3208 685 3290 sequitur
703 3206 743 3270 88
759 3227 830 3271 uoce
846 3206 1071 3284 8888188888,
1094 3227 1165 3288 per·
1217 3206 1257 3270 88
1278 3205 1386 3271 reditu
1409 3207 1592 3289 desperent,
1614 3211 1839 3293 81888888188
1855 3210 1920 3274 Dei
1939 3231 2040 3294 quarn
2062 3214 2187 3296 experti

194 3295 279 3359 tinet
305 3293 346 3358 ad
369 3292 649 3356 confirmationem
679 3292 887 3357 liberationis.
929 3291 1046 3355 Fidem
1076 3291 1164 3355 enim
1216 3299 1295 3356 sunt
1316 3295 1530 3376 contemplari
1552 3305 1648 3378 atque
1671 3296 1779 3360 animo
1800 3296 1970 3379 complecti
1991 3297 2107 3365 velint

194 3381 299 3446 iacere
322 3377 426 3443 veluit
447 3377 669 3460 promissioni,
700 3397 781 3459 quae
805 3377 1004 3442 incredibilis
1032 3378 1165 3441 omnino
1301 3377 1351 3441 22.
1381 3377 1468 3462 (Non
1490 3385 1534 3444 est
1549 3381 1642 3463 888.)
1685 3381 1842 3446 Nonnulli
1868 3382 2045 3448 includunt
2072 3404 2186 3467 paren·

193 3481 274 3531 erat.
318 3465 365 3531 Ut
387 3485 465 3548 ergo
489 3464 723 3528 dubitationem
755 3484 886 3527 omnem
915 3462 1044 3527 tolleret
1067 3462 1163 3527 bene·
1216 3462 1301 3527 88881
1327 3462 1412 3527 ’8888
1441 3464 1558 3530 verbs:
1594 3467 1683 3532 Dicit
1712 3467 1892 3533 Dominus:
1925 3467 1982 3533 sed
2015 3488 2186 3552 88888888

192 3552 303 3618 ficium
326 3552 389 3615 hoe
411 3552 583 3633 magnifice
605 3548 854 3615 commendavit.
1215 3546 1303 3614 hune
1336 3559 1523 3615 contextum
1557 3552 1716 3617 retinere:
1757 3554 1842 3635 quod
1878 3554 2040 3621 Dominus
2075 3575 2186 3639 pacem

294 3636 510 3715 Arrauotiote.)
554 3635 817 3719 Magnitudinem
838 3633 977 3698 fiduciae
999 3634 1163 3716 exprimit,
1215 3634 1324 3716 impiis
1346 3645 1444 3718 neget
1465 3657 1530 3718 888
1551 3637 1678 3721 indigni
1701 3651 1790 3703 8888.
1827 3642 1937 3721 Atque
1958 3640 2021 3705 888
2043 3642 2187 3707 nomine·

194 3743 260 3804 qua
298 3720 417 3785 888888
438 3723 520 3804 erigi
539 3723 676 3787 volebat.
706 3721 858 3786 Solemus
880 3720 967 3784 enim
990 3719 1086 3802 pleno
1109 3739 1165 3784 ere
1216 3721 1276 3784 tim
1304 3719 1451 3786 additum
1481 3731 1532 3788 est
1560 3744 1602 3786 ne
1632 3723 1821 3808 hypocritae
1849 3744 1908 3789 888
1936 3745 2027 3791 more
2054 3727 2187 3793 inanem

194 3818 227 3870 88
249 3805 403 3871 88888888
424 3826 462 3869 88
484 3808 604 3872 iactare
627 3807 801 3888 dequibus
823 3806 905 3871 certi
927 3823 1055 3870 sumus:
1078 3804 1165 3886 quod
1216 3826 1258 3869 ex
1286 3806 1338 3871 818
1368 3808 1637 3888 promissionibus
1669 3809 1822 3874 fiduciam
1851 3810 2069 3894 conciperent.
2124 3813 2187 3878 1188

195 3893 222 3957 81
246 3890 439 3967 dubitemus,
463 3892 518 3954 vix
541 3891 699 3956 8888888
722 3892 873 3974 prolerre,
901 3900 998 3973 atque
1020 3891 1165 3955 obmute·
1216 3892 1303 3956 enim
1325 3891 1365 3955 ad
1388 3893 1474 3975 18888
1496 3894 1662 3975 888818888
1684 3904 1792 3978 negat,
1823 3901 1860 3960 ut
1881 3896 2034 3962 excludat
2055 3899 2187 3964 888188

195 3978 324 4042 ecimus.
369 3975 1099 4058 81888888888818888818881888188188
1128 3996 1166 4041 ac
1216 3997 1312 4059 aspe
1330 3977 1453 4042 salutis.
1483 3979 1549 4044 Sed
1567 3989 1601 4043 et
1619 3981 1708 4045 aliud
1726 3982 1908 4064 respexisse
1924 3979 2057 4048 videtur
2075 3982 2187 4050 lenias

196 4063 225 4127 si
247 4081 356 4125 ocrem
379 4061 522 4126 adesset:
551 4071 589 4125 ut
612 4062 748 4144 populus
776 4064 930 4126 maiorem
953 4061 1104 4126 fiduciam
1128 4081 1166 4126 ac
1217 4062 1302 4127 Nam
1324 4083 1424 4144 quum
1452 4067 1555 4129 maior
1580 4064 1691 4148 populi
1719 4087 1795 4148 8888
1823 4067 1989 4149 impietate
2017 4067 2189 4147 laboraret,

195 4148 372 4212 firmiorem
391 4149 499 4212 animo
518 4149 709 4230 conciperet.
741 4149 848 4228 Atque
865 4147 1047 4228 imperandi
1067 4148 1165 4211 verbo
1217 4156 1314 4229 88888
1337 4148 1397 4214 888
1420 4147 1612 4215 beneficium
1636 4152 1832 4235 repudiaret,
1861 4153 1984 4217 infirmi
2005 4175 2044 4221 ae
2065 4154 2188 4221 debiles

196 4235 309 4310 utitur,
340 4231 425 4314 8888
448 4234 551 4297 88188
581 4233 655 4316 8188
684 4233 846 4298 efficaciae
874 4232 981 4310 habet,
1011 4244 1043 4297 et
1065 4232 1164 4297 vehe·
1217 4233 1371 4314 permulti
1394 4234 1547 4299 vacillare
1569 4244 1730 4319 poterant,
1759 4259 1797 4303 88
1819 4239 1934 4304 terreri
1957 4238 2080 4306 iudicio
2104 4240 2187 4306 mul·

194 4319 341 4383 mentius
373 4333 540 4400 permovet
573 4320 713 4395 animos,
747 4338 845 4400 quem
874 4318 903 4381 si
933 4317 1029 4382 nudis
1057 4317 1166 4383 verbis
1218 4318 1385 4383 titudinis:
1426 4321 1696 4402 quemadmodum
1731 4323 1827 4389 hodie
1860 4323 2008 4413 videmus
2039 4327 2188 4392 infirmas

194 4405 256 4470 hoc
277 4405 383 4485 ipsum
408 4403 582 4468 retulisset.
1216 4404 1434 4470 conscientias
1455 4406 1591 4484 turbari,
1614 4429 1712 4491 quum
1731 4431 1750 4473 8
1766 4411 1887 4476 881888
1904 4407 2077 4477 8881888
2097 4420 2187 4497 parte

281 4490 333 4554 21.
355 4487 481 4573 (Itaque
501 4509 563 4553 888
583 4489 751 4574 adierunt.)
782 4487 946 4568 Quoniam
965 4487 1018 4553 via
1032 4486 1166 4554 Iudaeis
1217 4489 1333 4554 salutis
1366 4490 1545 4556 doctrinam
1576 4496 1738 4559 contemni
1769 4496 1889 4561 vident.
1941 4495 2054 4577 Quum
2085 4498 2188 4581 igitur

194 4574 236 4639 ad
258 4575 400 4639 reditum
423 4595 489 4637 non
512 4574 658 4658 patebat,
689 4594 890 4657 magnaeque
912 4572 1103 4638 solitudines
1133 4584 1166 4639 et
1216 4575 1388 4657 plerosque
1416 4577 1593 4657 periclitari
1615 4579 1750 4656 videret,
1781 4582 1900 4646 avertit
1922 4603 2038 4647 eornm
2060 4594 2188 4649 mentes

194 4662 395 4743 periculosae
426 4659 685 4736 intercedebant,
719 4660 791 4725 ideo
822 4659 979 4742 propheta
1009 4659 1165 4724 virtutem
1217 4662 1257 4725 ab
1279 4661 1435 4726 eiusmodi
1459 4666 1644 4742 tentatione,
1669 4687 1710 4731 ne
1728 4668 1902 4750 impierum
1923 4675 2023 4751 88888
2039 4669 2189 4737 incredu-

194 4746 260 4812 Dei
285 4746 466 4829 praedicat,
496 4748 631 4828 eiusque
658 4745 808 4828 exempla
837 4746 1002 4828 proponit,
1033 4766 1076 4808 88
1097 4745 1166 4810 8118
1216 4746 1322 4810 18888
1351 4747 1559 4815 88181888188
1591 4750 1772 4829 turbentur,
1805 4753 1859 4836 qui
1888 4755 2031 4838 gratiam
2061 4753 2129 4822 Dei
2157 4764 2189 4820 et

196 4832 386 4901 difficultate
406 4838 601 4896 terreantur.
635 4831 727 4913 18888
746 4852 824 4915 ergo
842 4829 1048 4896 considerare
1065 4830 1164 4909 iubet,
1216 4851 1406 4914 prosperum
1429 4832 1516 4899 hunc
1539 4846 1662 4901 statum
1685 4839 1853 4918 reiiciunt:
1879 4836 1936 4905 sed
1958 4838 2189 4908 8811888888

195 4939 276 4982 888
299 4919 380 4984 88818
406 4918 570 5002 potentiae
596 4917 696 4980 fuerit
717 4917 788 4981 Deo
810 4917 851 4981 88
874 4915 1056 4998 eripiendos
1079 4915 1165 4997 ipso·
1216 4914 1329 4981 888188
1361 4921 1485 4984 8881888
1522 4922 1760 5005 amplectantur
1792 4926 1855 5008 ipsi
1887 4923 1949 4990 hcc
1981 4923 2188 5004 beneficium,

195 5024 269 5067 rum
291 5015 399 5085 patres
422 5025 440 5069 e
462 5003 620 5069 servitute
642 5001 784 5085 Aegypti
807 5022 865 5085 per
887 5011 998 5067 vestas
1020 4999 1166 5066 solitudi-
1216 5011 1314 5086 atque
1335 5023 1373 5069 88
1395 5006 1556 5072 fruentur.

195 5109 268 5165 nes,
297 5087 608 5173 881188188188818,
636 5108 744 5169 88888,
775 5088 946 5169 88818888
967 5087 1032 5152 8118
1054 5107 1165 5153 88888-

196 5175 284 5238 88818
305 5175 534 5257 suppeditavit.
569 5173 683 5238 Iudsei
706 5193 875 5256 8888888
897 5193 955 5238 888
977 5172 1165 5239 8881888818

195 5257 321 5325 tabulas
342 5262 643 5340 comminiscuntur,
674 5268 706 5324 et
728 5259 885 5325 miracula
907 5260 1052 5344 fingunt,
1081 5279 1165 5341 8888
