4784 5970
14 380 17 387 '
115 378 179 445 aab
992 382 1141 451 CAPUT
1164 384 1236 450 LV.
2051 382 2114 450 286

116 571 265 635 tientiam
299 571 359 636 Dei
394 573 429 634 in
463 571 558 636 nobis
586 571 741 637 vocandis
772 573 970 653 exprimunt.
1022 573 1092 638 Nos
1230 574 1260 637 4.
1295 571 1388 657 (Eece
1416 567 1543 655 testem)
1594 571 1689 636 Nunc
1720 570 1836 636 melius
1865 572 2020 653 exprimit
2046 593 2117 657 pro·

116 657 204 721 enim
227 655 315 721 haud
338 657 438 722 semel
461 655 593 721 invitat:
617 656 674 723 sed
696 657 751 723 ubi
774 658 885 723 tardos
904 678 975 722 esse
994 658 1092 742 videt,
1145 658 1246 743 pheta
1267 680 1326 724 cnr
1348 657 1488 722 Davidis
1510 657 1710 722 meminerit:
1741 677 1858 738 nempe
1881 658 1967 739 quod
1989 659 2025 721 in
2047 659 2116 724 eins

117 743 236 807 iterum
266 751 364 825 atque
392 743 512 808 iterum
541 754 663 822 monet,
695 753 731 808 ut
759 741 912 808 duritiem
944 754 1091 808 nostram
1144 764 1243 808 manu
1267 743 1411 828 deposita
1433 742 1541 807 fuerat
1563 743 1733 824 promissio
1752 743 1791 806 de
1810 752 1946 807 venturo
1968 744 2116 828 redemp-

117 827 296 912 pertineat.
338 827 413 893 Non
436 829 541 893 reiicit
559 850 635 913 ergo
658 830 805 912 protinas
828 850 883 895 eos
906 830 961 912 qui
984 831 1091 912 ipsum
1145 843 1225 895 tore.
1269 831 1318 895 Ac
1341 838 1450 912 posset
1473 827 1603 911 quidem
1625 827 1666 892 ad
1692 828 1781 893 illins
1811 849 1981 911 personam
2012 834 2116 913 aptari

118 921 286 996 respuant,
317 913 373 978 ssd
406 925 578 997 postquam
608 915 737 998 saepius
766 915 930 981 invitavit.
976 915 1093 996 Expri·
1145 915 1199 980 hic
1231 936 1354 993 sermo,
1389 924 1548 997 quatenus
1580 914 1718 979 foederis
1751 935 1887 996 sponsor
1921 916 1999 980 fuit:
2041 918 2116 999 quia

117 998 218 1064 mitur
240 1002 337 1064 stiam
356 1000 408 1066 hic
427 1001 504 1065 fidei
520 1009 646 1079 natura,
670 1020 771 1083 quum
792 1022 851 1065 nos
867 1000 908 1065 ad
930 1022 964 1066 se
979 1001 1092 1065 venire
1144 1002 1314 1084 proprium
1337 1003 1504 1083 negotium
1535 1019 1600 1064 non
1627 1000 1711 1083 egit:
1741 999 1797 1064 sed
1820 1001 2032 1083 interpositus
2055 1004 2116 1067 fuit

117 1086 216 1151 iubet.
263 1085 317 1151 Sic
340 1087 426 1150 enim
450 1084 630 1151 audiendus
652 1096 704 1151 est
725 1086 888 1152 Dominus
910 1097 946 1151 ut
968 1087 1092 1151 fructus
1145 1089 1237 1168 quasi
1259 1087 1323 1151 Dei
1346 1098 1378 1151 et
1399 1085 1507 1168 populi
1538 1086 1709 1167 interpres.
1755 1084 1893 1150 Minime
1923 1096 2033 1151 tamen
2057 1088 2115 1152 du·

117 1179 279 1254 sequatur.
331 1171 417 1236 Nam
450 1173 504 1255 qui
537 1171 602 1237 fide
633 1171 769 1237 verbum
802 1173 864 1237 Dei
897 1173 1090 1255 percipiunt,
1145 1171 1233 1236 bium
1257 1183 1306 1238 est
1328 1173 1407 1254 quin
1431 1171 1471 1236 ad
1495 1169 1664 1236 Christum
1688 1182 1777 1236 recta
1799 1194 1859 1236 nos
1883 1171 1979 1237 ducat
2000 1173 2114 1258 Isaiae,

118 1257 251 1323 abiectis
284 1256 516 1341 cupiditatibus
547 1267 579 1322 et
609 1266 793 1342 contempto
821 1257 961 1336 mundo,
999 1259 1090 1340 quasi
1144 1258 1303 1341 adquam
1327 1257 1431 1323 facilis
1460 1256 1524 1320 fuit
1553 1257 1714 1322 transitus
1736 1277 1755 1320 a
1779 1258 1920 1321 Davide:
1950 1279 1987 1323 ac
2015 1260 2042 1323 si
2067 1259 2114 1324 di·

116 1343 224 1426 ruptis
246 1342 395 1421 vinculis,
425 1342 465 1406 ad
488 1343 596 1408 Deum
625 1344 748 1409 alacres
771 1355 803 1408 et
832 1345 973 1427 prompti
1000 1365 1090 1409 acce·
1125 1356 1248 1409 sceret:
1281 1343 1431 1409 Prodibit
1463 1343 1517 1406 ille
1550 1341 1690 1406 Davidis
1723 1364 1897 1423 successor,
1931 1366 1990 1428 per
2022 1346 2114 1410 cuius

119 1427 210 1492 dunt.
256 1425 322 1494 Sed
356 1427 438 1493 fides
470 1429 596 1513 concipi
630 1450 697 1493 non
726 1439 832 1513 potest
865 1431 936 1493 sine
966 1429 1089 1508 auditu,
1144 1450 1276 1495 manum
1310 1430 1469 1513 promissa
1501 1438 1551 1493 est
1587 1428 1731 1510 perfecta
1770 1429 1858 1493 salus
1892 1450 1928 1493 ac
1968 1431 2114 1496 felicitas.

118 1514 180 1580 hoe
211 1523 268 1591 est,
299 1515 369 1580 sine
399 1514 617 1598 intelligentia
646 1516 738 1580 verbi
768 1516 840 1580 Dei.
891 1514 970 1580 Ideo
1000 1515 1090 1598 prius
1143 1517 1273 1580 'I'estem
1297 1513 1442 1580 vocando
1464 1514 1577 1579 foedus
1600 1512 1685 1596 quod
1715 1515 1789 1578 iniit
1811 1535 1925 1579 verum
1949 1528 1982 1580 et
2005 1528 2114 1580 ratum

119 1599 232 1664 audire
262 1621 359 1682 quam
388 1599 540 1665 accedere
570 1601 676 1667 iussit.
720 1600 855 1681 Quoties
883 1601 983 1684 igitur
1012 1599 1089 1664 fidei
1142 1602 1177 1665 in
1201 1601 1333 1666 Christo
1356 1601 1425 1666 foro
1447 1601 1617 1684 significat.
1660 1599 1780 1665 Subest
1801 1610 1909 1665 autem
1933 1601 2057 1683 pondus
2079 1603 2113 1667 in

118 1687 240 1749 mentio
264 1686 330 1764 fiet,
352 1687 596 1751 meminerimus
626 1707 696 1750 eam
727 1707 802 1751 cum
826 1687 923 1752 verbo
953 1687 1089 1750 coniun·
1144 1689 1274 1751 nomine
1298 1687 1407 1752 testis:
1438 1706 1514 1751 nam
1536 1686 1635 1750 huius
1657 1686 1795 1750 foederis
1817 1687 2114 1768 comprobationem

117 1770 257 1854 gandam
281 1792 362 1852 esse,
384 1773 417 1836 in
441 1792 505 1854 qno
528 1770 773 1837 fundamentum
798 1793 894 1837 suum
916 1771 1023 1836 habet.
1143 1773 1176 1836 in
1199 1773 1333 1837 Christo
1356 1773 1423 1836 fore
1443 1772 1654 1852 demonstrat,
1677 1792 1696 1836 a
1718 1792 1782 1854 quo
1802 1772 1921 1837 veritas
1940 1772 2003 1837 Dei
2026 1781 2115 1856 pate·

204 1854 261 1941 (Et
284 1859 485 1943 percutiam.)
530 1857 709 1937 Quaeritur
732 1879 840 1923 annon
862 1857 953 1940 prius
976 1856 1089 1921 Iudaei
1143 1859 1208 1922 fiet,
1253 1858 1441 1923 'I'estabitur
1463 1857 1549 1921 enim
1569 1857 1676 1921 Deum
1700 1859 1833 1920 minime
1855 1858 2002 1922 fallacem
2027 1880 2113 1923 esse:

117 1942 230 2007 foedus
252 1964 326 2007 cum
350 1942 422 2008 Deo
444 1953 612 2008 aeternum
642 1943 808 2008 inierant?
839 1942 980 2007 Videtur
1003 1943 1089 2007 enim
1143 1944 1198 2007 sed
1222 1944 1285 2008 hoo
1307 1942 1528 2008 testimonium
1552 1943 1585 2006 in
1608 1941 1753 2006 doctrina
1777 1944 1918 2025 positum
1942 1955 2007 2009 est:
2031 1959 2114 2028 quse

118 2051 241 2095 novum
264 2029 473 2111 quiddamst
501 2029 668 2095 insolitum
698 2030 896 2112 promittere.
941 2029 1090 2110 Respon·
1143 2030 1170 2093 si
1202 2051 1267 2094 non
1296 2029 1472 2111 accederet,
1506 2049 1621 2112 param
1652 2030 1775 2093 fructus
1804 2031 2043 2113 perciperemus
2073 2052 2115 2095 ex

119 2119 189 2195 deo,
212 2114 295 2179 nihil
317 2116 370 2179 hic
393 2114 540 2197 promitti
562 2117 646 2189 novi,
674 2115 760 2198 quod
782 2124 879 2179 antea
903 2115 993 2178 Deus
1015 2135 1089 2178 eum
1143 2115 1288 2180 adventu
1310 2116 1449 2181 Christi:
1469 2114 1552 2180 sicut
1570 2113 1688 2178 dicitur
1706 2114 1836 2178 Psalmo
1855 2115 1995 2181 secundo
2011 2115 2055 2200 (v.
2073 2117 2115 2202 7),

118 2201 237 2286 populo
264 2222 327 2265 non
367 2200 559 2284 pepigisset:
593 2201 649 2266 sed
683 2203 853 2265 renovatio
888 2200 1025 2264 foederis
1058 2209 1091 2262 et
1144 2201 1363 2284 Promulgabo
1385 2200 1536 2266 edictum.
1581 2199 1655 2280 Quo
1679 2221 1777 2264 sensu
1799 2200 1898 2266 etiam
1929 2203 2005 2266 alibi
2032 2201 2115 2267 dixit

119 2288 321 2353 confirmatio
347 2296 406 2361 est,
436 2308 476 2350 ne
506 2286 618 2351 Iudaei
648 2288 688 2352 ob
718 2286 909 2351 diuturnum
938 2286 1089 2350 exsilium
1143 2288 1229 2351 idem
1252 2287 1364 2366 Isaiae,
1388 2286 1518 2351 Christo
1541 2307 1576 2350 os
1599 2288 1666 2349 fore
1688 2286 1793 2350 instar
1816 2287 1916 2370 gladii
1939 2289 1990 2351 vel
2014 2289 2115 2372 sagit·

118 2373 233 2439 foedus
255 2372 318 2436 Dei
341 2372 469 2437 irritum
498 2394 568 2437 esse
595 2373 827 2437 existimarent.
872 2372 958 2436 Nam
990 2392 1089 2453 quum
1144 2383 1204 2437 tae.
1249 2373 1390 2455 Ideoque
1412 2374 1520 2437 dacem
1541 2377 1568 2436 et
1583 2377 1811 2454 praeceptorem
1841 2373 1909 2437 fore
1931 2373 2030 2451 addit,
2054 2395 2116 2456 quo

118 2460 307 2551 exsularent
331 2479 349 2522 a
369 2460 502 2542 regione
530 2459 590 2523 sibi
621 2459 794 2540 promissa:
829 2479 928 2540 quum
960 2457 1089 2540 templo,
1144 2460 1356 2523 attentionem
1380 2460 1450 2522 eius
1480 2457 1646 2522 doctrinae
1678 2459 1844 2522 conciliet:
1875 2460 1950 2541 quia
1981 2461 2045 2525 nisi
2067 2460 2114 2523 lo·

119 2544 299 2620 sacrificiis,
341 2555 438 2626 atque
471 2544 620 2608 omnibus
651 2544 789 2608 foederis
822 2544 921 2621 notis,
962 2554 1090 2625 praeter
1144 2554 1295 2626 quantem
1319 2542 1496 2621 audiamus,
1519 2553 1669 2624 certaque
1692 2543 1755 2607 fide
1774 2543 2008 2626 amplectamur
2030 2545 2115 2627 quod

119 2630 409 2705 circumcisionem,
440 2639 605 2694 carerent:
634 2630 706 2711 quis
730 2628 769 2693 de
792 2628 856 2693 illis
880 2641 990 2693 actam
1019 2649 1090 2692 esse
1143 2628 1236 2694 nobis
1259 2630 1401 2692 affirmat
1419 2629 1458 2692 de
1477 2629 1580 2709 patris
1598 2628 1809 2711 beneplacito,
1833 2631 2023 2694 exinanitur
2045 2634 2115 2696 eius

120 2738 186 2781 non
208 2713 404 2780 indicasset?
437 2714 534 2779 Hanc
552 2734 629 2796 ergo
652 2714 804 2795 loquendi
826 2714 966 2777 formam
989 2714 1091 2778 Isaiae
1144 2715 1259 2779 virtus.
1305 2714 1409 2778 Sicuti
1433 2734 1551 2776 nomen
1574 2713 1698 2778 Christi
1721 2714 1799 2777 satis
1828 2725 1980 2796 personat
2003 2717 2036 2778 in
2060 2738 2116 2800 pa-

120 2803 161 2867 ad
184 2801 295 2884 populi
317 2809 447 2883 captum
473 2800 745 2863 accommodavit:
777 2811 812 2864 ut
835 2811 975 2881 pactum,
1006 2796 1091 2881 quod
1143 2809 1239 2882 patu:
1269 2799 1326 2862 sed
1350 2819 1450 2881 quum
1473 2819 1511 2863 eo
1534 2798 1662 2862 doctore
1685 2806 1719 2862 et
1747 2810 1956 2884 praeceptore
1986 2803 2034 2865 uti
2057 2824 2114 2867 no·

119 2888 211 2952 Deus
242 2906 314 2950 oum
346 2884 491 2967 patribus
520 2886 646 2966 inierat,
680 2896 798 2965 ratum,
832 2886 964 2949 firmum
993 2896 1091 2965 atque
1144 2886 1216 2964 lint,
1246 2907 1305 2950 nec
1327 2906 1402 2948 enm
1432 2891 1658 2967 praeterquam
1687 2906 1727 2948 ex
1756 2885 1825 2949 solo
1855 2888 1984 2950 nomine
2014 2908 2115 2970 agno·

119 2989 298 3051 aeternum,
320 2992 384 3035 non
407 2969 564 3034 mutabile
586 2982 644 3035 aut
665 2969 842 3053 temporale
873 2992 943 3036 esse
973 2970 1092 3034 intelli·
1143 2980 1247 3052 scant,
1270 2972 1375 3035 inanis
1398 2982 1430 3033 et
1453 2992 1536 3035 vana
1564 2980 1614 3034 est
1642 2990 1755 3034 eorum
1784 2971 1923 3036 iactatio.
1970 2972 2111 3054 Populis.

119 3071 243 3142 gerent.
288 3056 380 3122 Idem
409 3055 566 3140 intelligit
595 3078 653 3138 per
682 3055 921 3121 misericordias
943 3054 1090 3133 Davidis,
1143 3056 1215 3121 Hoc
1238 3057 1278 3121 ad
1301 3056 1585 3138 amplificationem
1614 3055 1759 3120 additum
1789 3070 1848 3136 est,
1877 3058 1952 3139 quia
1979 3060 2115 3125 ecclesia

119 3146 175 3211 sed
197 3145 260 3210 hae
282 3164 360 3207 voce
382 3142 563 3225 gratuitum
586 3163 655 3207 esse
678 3141 793 3206 foedus
816 3141 984 3206 admonet:
1014 3141 1090 3224 quia
1143 3143 1179 3206 in
1202 3143 1373 3225 pristinam
1397 3141 1590 3225 dignitatem
1613 3141 1742 3206 restitui
1766 3164 1829 3206 non
1853 3145 1967 3226 potuit,
1992 3146 2112 3210 nedum

119 3253 185 3295 non
208 3229 285 3294 alibi
307 3227 478 3292 fundatum
500 3238 551 3293 est
568 3248 665 3310 quam
688 3228 722 3291 in
742 3248 831 3292 mera
849 3227 912 3292 Dei
935 3227 1089 3292 bonitate.
1144 3229 1266 3312 augeri,
1282 3228 1344 3292 nisi
1360 3227 1504 3294 collectis
1521 3227 1688 3311 gentibus:
1709 3227 1844 3311 ideoque
1859 3249 1972 3294 vocem
1988 3231 2115 3297 Christi

120 3315 255 3396 Quoties
277 3335 354 3397 ergo
376 3312 515 3378 foederis
544 3335 664 3378 nomen
691 3313 831 3378 occurrit
852 3315 887 3376 in
910 3313 1090 3396 scripturis,
1143 3325 1314 3397 penetrare
1343 3315 1487 3395 oportuit
1520 3335 1623 3396 usque
1656 3312 1694 3377 ad
1724 3313 1856 3377 ultimas
1887 3326 2007 3379 terras:
2039 3321 2114 3400 quia

119 3402 215 3467 simul
240 3400 332 3464 nobis
350 3400 474 3482 gratiae
496 3420 616 3463 nomen
635 3399 670 3462 in
689 3405 831 3463 mentem
850 3400 962 3463 venire
985 3398 1089 3463 debet.
1144 3402 1296 3463 universo
1319 3400 1432 3483 generi
1454 3398 1599 3462 humano
1629 3400 1730 3475 testis,
1760 3399 1825 3462 dux
1857 3410 1890 3463 et
1923 3413 2112 3484 praeceptor

117 3488 160 3553 In
182 3488 243 3551 hac
267 3505 343 3549 vero
366 3505 401 3548 se
425 3505 573 3549 veracem
595 3483 665 3549 fore
694 3485 900 3567 pronuntiat:
931 3497 962 3547 et
992 3483 1089 3548 simul
1143 3496 1193 3550 est
1214 3486 1419 3550 constitutas.

120 3573 248 3656 oblique
276 3572 440 3653 significat
468 3591 502 3636 se
529 3590 675 3636 veracem
707 3592 744 3636 ac
772 3579 974 3634 constantem
1004 3591 1090 3634 esse:
1228 3571 1257 3635 5.
1289 3568 1381 3654 (Eece
1407 3568 1548 3653 parton.)
1593 3568 1713 3632 Fusius
1736 3570 1879 3650 explieat
1900 3568 2006 3635 Isaiae
2028 3572 2112 3654 qnod

119 3681 179 3724 neo
201 3658 294 3741 argui
317 3677 414 3739 posse
436 3655 606 3734 mendacii,
633 3656 728 3739 quasi
759 3655 870 3719 foedus
899 3676 992 3718 suum
1023 3657 1089 3719 vio·
1143 3657 1234 3739 prius
1268 3657 1377 3738 attigit
1410 3674 1476 3718 uno
1511 3654 1621 3718 verbo.
1673 3652 1799 3717 Ducem
1827 3655 1914 3718 enim
1944 3654 2114 3723 Christum

119 3745 211 3808 larit:
241 3742 378 3807 Iudaeos
411 3744 517 3826 potius
543 3741 738 3825 foedifragos
770 3761 841 3805 esse
875 3749 908 3805 et
939 3741 1089 3823 perfidos,
1143 3742 1210 3806 fore
1239 3742 1411 3825 significat,
1444 3760 1509 3802 non
1543 3740 1639 3803 unius
1672 3740 1792 3822 populi,
1827 3739 1882 3804 sed
1914 3753 2113 3810 cunctorum.

119 3830 270 3911 quoniam
294 3828 333 3890 ab
352 3828 422 3909 ipso
440 3827 664 3893 desciverunt:
687 3847 722 3891 se
740 3846 818 3891 vero
836 3827 922 3910 pacti
941 3835 999 3888 aut
1015 3847 1089 3909 pro·
1149 3827 1264 3890 Vocare
1284 3826 1335 3889 hic
1359 3826 1593 3907 possessionem
1614 3825 1771 3908 designat.
1813 3827 1873 3890 Est
1893 3829 1980 3891 enim
1999 3837 2115 3895 mutua

118 3915 210 3979 missi
233 3914 284 3978 sui
306 3914 472 3994 poenitere
497 3935 563 3978 non
586 3932 687 3996 posse.
734 3911 873 3977 Doridis
895 3921 987 3977 vocat
1010 3932 1089 3994 qno·
1142 3912 1255 3976 relatio
1279 3913 1365 3976 inter
1384 3910 1522 3975 vocandi
1541 3921 1574 3973 et
1592 3910 1809 3992 respondendi
1828 3913 1974 3978 verbum.
2010 3913 2113 3981 Vocat

118 4002 207 4064 niam
236 3999 299 4062 hoo
325 3996 447 4074 foedus,
476 4000 567 4063 cuius
596 4020 683 4063 nunc
712 3996 854 4063 solennis
884 3998 1089 4062 confirmatio
1141 3999 1243 4082 igitur
1261 3997 1413 4064 Christus
1432 4017 1490 4078 pro
1508 3997 1655 4077 imperio,
1675 4007 1713 4060 ut
1731 3997 1787 4078 qui
1805 4008 1963 4080 potestate
1984 4022 2112 4067 summa

118 4088 163 4166 fit,
186 4085 221 4149 in
245 4104 345 4148 manu
365 4081 504 4149 Davidis
526 4105 712 4166 percussum
736 4094 816 4149 erat.
861 4083 993 4166 Pepigit
1016 4084 1088 4166 qui·
1141 4084 1305 4166 praeditus
1329 4095 1386 4146 est.
1428 4083 1532 4147 Vocat
1554 4091 1661 4146 autem
1686 4093 1806 4164 gentes,
1831 4093 1867 4146 ut
1889 4105 1943 4147 eas
1966 4085 1999 4148 in
2024 4088 2111 4151 ordi-

118 4171 191 4236 dem
219 4169 382 4234 Dominus
410 4189 485 4233 cnm
516 4169 711 4250 Abrahamo,
743 4168 858 4234 deinde
888 4190 945 4251 per
972 4170 1089 4234 Mosen
1141 4191 1215 4234 nem
1238 4179 1334 4252 cogat
1363 4176 1396 4232 et
1424 4168 1574 4233 subiiciat
1595 4168 1693 4232 verbo
1722 4189 1791 4233 suo.
1836 4168 1973 4235 Praesto
2002 4179 2111 4236 autern

118 4256 332 4332 confirmavit,
359 4264 523 4337 postremo
546 4255 580 4316 in
605 4276 704 4319 manu
726 4255 864 4320 Davidis
894 4255 1005 4320 sanxit
1027 4255 1088 4321 hoc
1141 4254 1180 4319 ad
1203 4255 1393 4337 obsequium
1416 4255 1485 4318 fore
1507 4253 1594 4328 dicit,
1625 4253 1774 4336 quamvis
1797 4252 1956 4320 hactenus
1979 4256 2111 4339 ignotae

117 4342 203 4407 idem
225 4340 348 4424 foedus,
378 4349 416 4404 ut
445 4347 614 4405 aeternum
638 4351 730 4406 esset.
774 4340 911 4421 Quoties
933 4361 1010 4424 ergo
1033 4341 1088 4405 lu·
1140 4340 1268 4418 fuerint,
1299 4360 1364 4404 non
1387 4341 1473 4421 quod
1495 4361 1549 4404 eas
1573 4339 1658 4403 filius
1680 4338 1753 4415 Dei,
1785 4361 1958 4422 perquem
1983 4353 2110 4407 creatae

119 4427 189 4492 daei
213 4431 252 4491 de
274 4425 488 4508 redemptore,
516 4424 578 4491 hoc
605 4435 663 4503 est,
693 4427 733 4489 de
756 4427 861 4491 salute
883 4447 942 4490 sna
964 4428 1087 4511 cogita·
1140 4429 1279 4504 fuerant,
1303 4426 1463 4502 nescierit,
1487 4425 1543 4490 sed
1566 4426 1642 4507 quia
1670 4424 1783 4489 habita
1810 4448 1875 4490 non
1906 4427 1967 4490 fuit
1996 4449 2109 4492 earum

118 4515 208 4589 bant,
236 4532 396 4576 memores
423 4533 494 4577 esse
516 4510 664 4590 Davidis,
695 4512 784 4593 quasi
814 4513 1004 4594 interpretis
1033 4535 1088 4597 ge·
1140 4513 1222 4577 ratio
1255 4511 1356 4578 donec
1388 4513 1513 4577 censeri
1546 4512 1578 4574 in
1614 4510 1749 4576 ecclesia
1782 4524 1966 4595 coeperunt.
2018 4513 2110 4579 Dens

117 4599 222 4664 rentis
243 4617 415 4680 personam
438 4597 573 4677 Christi,
595 4598 745 4680 oportuit.
786 4597 855 4662 Nec
872 4599 959 4661 enim
978 4598 1087 4663 David
1140 4599 1228 4663 enim
1250 4598 1456 4680 peculiariter
1478 4606 1655 4662 vocaverat
1677 4595 1830 4662 ludaeos:
1862 4610 1977 4681 gentes
1999 4600 2109 4664 exclu-

117 4695 155 4751 ut
177 4685 326 4767 privatus
348 4684 519 4766 quispiam,
542 4683 599 4748 sed
622 4704 693 4748 cum
719 4704 756 4747 so
778 4685 873 4746 titulo
896 4693 928 4748 et
951 4705 1089 4766 persona
1140 4706 1196 4749 sae
1218 4684 1425 4761 videbantur,
1454 4683 1547 4765 quasi
1577 4682 1659 4746 nihil
1690 4683 1730 4746 ad
1761 4684 1866 4765 ipsum
1897 4686 2108 4767 pertinerent.

117 4771 170 4837 hic
200 4767 452 4836 considerandus
481 4779 539 4834 est.
583 4769 721 4834 Interim
750 4768 893 4834 tenenda
921 4783 971 4834 est
1001 4768 1089 4836 illius
1140 4769 1235 4834 Nunc
1263 4790 1340 4835 vero
1369 4770 1539 4834 Christum
1574 4768 1743 4851 alloquens
1775 4771 1937 4852 promittit
1971 4772 2039 4834 fore
2073 4780 2109 4834 ut

117 4857 273 4938 temporis
302 4855 394 4918 ratio.
444 4853 527 4919 Nam
558 4876 659 4937 quum
688 4856 723 4919 in
752 4855 866 4918 exsilio
896 4855 1088 4938 babylonico
1140 4877 1195 4920 eas
1227 4856 1289 4920 sibi
1326 4854 1549 4936 obtemperare
1588 4863 1700 4938 cogat,
1741 4855 1950 4936 quantumvis
1984 4856 2109 4919 alienae

117 4944 280 5007 exstincta
302 4951 387 5004 esset
417 4941 509 5023 regni
532 4939 684 5025 dignitas,
715 4949 746 5005 et
770 4939 941 5005 obscurum
965 4961 1000 5005 ac
1024 4941 1088 5005 vile
1140 4942 1231 5025 prius
1253 4941 1294 5005 ab
1316 4943 1385 5005 eius
1407 4940 1542 5022 imperio
1566 4940 1712 5005 fuissent.
1756 4939 1828 5005 Hoc
1858 4940 1943 5003 idem
1974 4941 2008 5004 in
2037 4962 2109 5024 pro·

117 5048 236 5092 nomen
270 5025 353 5109 regii
386 5025 531 5109 generis,
571 5047 630 5108 per
662 5027 749 5091 illius
784 5025 924 5090 familiae
958 5029 1087 5091 ruinam
1139 5047 1254 5110 gressu
1285 5026 1427 5110 apertius
1462 5025 1615 5108 declarat,
1649 5026 1703 5090 ubi
1737 5027 1833 5088 etiam
1864 5027 1905 5088 ad
1935 5048 2108 5091 numeram

118 5114 222 5178 videri
266 5119 395 5194 poterat
439 5110 582 5194 collapsa
625 5132 695 5178 esse
736 5113 797 5177 Dei
839 5113 976 5177 veritas:
1017 5113 1088 5178 ideo
1140 5112 1298 5195 pluralem
1332 5113 1459 5191 transit,
1490 5133 1553 5194 quo
1587 5112 1704 5176 melius
1738 5111 1900 5193 exprimat
1932 5133 1975 5175 ex
2009 5113 2108 5177 variis

117 5199 234 5264 solium
268 5197 406 5262 Davidis
440 5197 525 5278 quod
567 5197 709 5263 dirutum
750 5201 855 5263 fuerat
888 5197 951 5262 fide
991 5200 1087 5281 inspi-
1139 5198 1269 5282 populis
1291 5197 1461 5264 collectum
1480 5199 1520 5260 iri
1542 5198 1719 5273 ecclesiam,
1743 5198 1848 5277 utqui
1866 5197 1955 5278 prius
1971 5197 2107 5282 dispersi

117 5305 190 5350 cers
212 5284 312 5350 iubet.
1140 5293 1242 5362 erant,
1271 5285 1304 5348 in
1328 5304 1429 5348 unum
1451 5294 1576 5348 coeant.
1621 5281 1704 5345 Nam
1735 5281 1886 5348 currendi
1909 5286 2042 5351 verbum
2066 5283 2107 5349 ad
