4784 5970
190 373 254 438 ete
997 368 1382 438 PRAELECTIONES
1999 376 2005 381 “
2153 366 2213 431 680

190 561 368 641 Perperam
399 558 595 624 invocabant
617 557 731 623 Iudaei
761 559 831 624 eius
854 578 981 636 nomen,
1012 560 1166 642 quoniam
1220 559 1418 626 conscientia
1449 558 1542 622 nolas
1571 578 1641 623 esse
1671 556 1862 622 violentiam
1882 555 2009 622 afferre
2031 554 2211 640 proximis,

191 646 283 712 nulla
312 653 383 709 erat
406 646 440 707 in
463 646 542 725 ipsis
565 643 678 727 religio
703 643 755 729 vel
778 646 897 727 pietas:
926 643 983 710 sed
1005 656 1167 728 quantum
1220 646 1272 710 vel
1295 644 1436 728 aliquam
1460 643 1629 708 iniuriam:
1652 643 1818 708 communi
1840 662 1938 707 sensu
1963 662 2091 708 omnes
2116 640 2212 708 mari

191 732 232 796 ad
271 730 510 796 institutionem
545 731 608 795 Dei
648 732 804 813 pertinet,
845 730 1057 797 invocabatur
1097 732 1168 795 eius
1220 737 1379 815 cogentur
1410 729 1608 795 adulterium
1637 750 1708 794 esse
1737 748 1806 793 rem
1835 727 1967 793 foedam
2000 743 2035 793 et
2063 727 2209 792 detesta-

191 839 312 882 nomen
335 838 434 899 super
457 817 626 897 templum,
650 817 804 897 quoniam
828 817 984 898 templum
1007 814 1087 882 illud
1106 815 1169 881 sibi
1219 817 1334 881 bilem:
1365 815 1452 881 idem
1475 816 1573 881 etiam
1596 815 1740 880 cendant
1762 813 1802 879 de
1824 813 1947 896 rapinis
1969 822 2008 878 et
2031 813 2077 878 de
2104 814 2209 878 bomi-

189 911 452 969 consecraverat.
504 903 651 966 Revocat
681 902 783 985 igitur
810 923 865 968 eos
895 903 984 968 Dens
1013 904 1053 968 ad
1084 901 1168 967 hanc
1220 902 1323 967 cidiis.
1386 900 1554 982 Quantum
1594 902 1713 965 attinet
1750 899 1791 965 ad
1830 898 2116 983 superstitiones,
2158 901 2211 967 ubi

189 990 332 1071 primam
362 988 618 1064 institutionem,
655 1008 738 1069 quae
766 988 852 1071 apud
880 990 967 1071 ipsos
994 1001 1106 1052 sancta
1135 998 1169 1052 et
1220 999 1370 1053 ostensus
1392 988 1489 1052 fuerit
1512 1007 1611 1066 error,
1633 986 1728 1051 fateri
1750 1005 1863 1050 omues
1885 994 2052 1068 cogentur
2078 985 2209 1051 cultum

189 1074 387 1139 inviolabilis
417 1095 489 1138 esse
519 1073 667 1138 debebat.
718 1074 859 1139 Nescitis
892 1074 1000 1139 locum
1032 1073 1119 1138 hunc
1150 1094 1169 1137 a
1220 1074 1284 1138 Dei
1307 1072 1513 1138 retinendum
1537 1093 1607 1138 esse
1624 1073 1661 1137 iu
1679 1093 1739 1137 sua
1756 1071 1907 1153 puritate.
1942 1072 2052 1154 Bene,
2078 1072 2112 1136 si
2132 1092 2209 1156 ergo

189 1181 243 1224 me
274 1160 434 1224 delectum
466 1179 545 1238 esse,
575 1165 608 1222 nt
637 1159 704 1224 illic
732 1180 842 1225 nonen
869 1179 970 1224 meam
991 1159 1170 1225 invocetur?
1220 1159 1348 1223 nullum
1370 1170 1455 1224 esset
1473 1158 1629 1242 templum
1649 1156 1735 1240 apud
1753 1177 1820 1234 vos,
1843 1167 1994 1222 maneret
2010 1157 2071 1222 hic
2091 1177 2210 1223 sensus

192 1246 290 1310 Statio
312 1265 416 1311 coram
436 1246 517 1326 fecie
537 1265 607 1308 mec
625 1246 660 1309 in
677 1265 766 1311 sacro
786 1245 858 1323 icco,
880 1256 913 1308 et
931 1245 1024 1309 statis
1043 1244 1169 1328 polluti,
1219 1245 1352 1328 penitus
1374 1243 1524 1310 cordibus
1546 1243 1665 1309 vestris
1687 1244 1816 1320 infixus,
1846 1242 1953 1307 Deum
1978 1243 2117 1310 scilicet
2140 1264 2209 1309 esse

190 1345 223 1396 et
250 1331 369 1414 polluti
401 1352 466 1394 non
497 1352 563 1394 uno
591 1331 751 1396 scelerum
774 1349 904 1413 genere,
934 1330 1168 1412 sedquoniam
1219 1352 1300 1414 pure
1331 1330 1512 1395 colendum.
1557 1329 1653 1394 Nunc
1684 1329 1759 1411 quia
1786 1328 1943 1412 templum
1975 1338 2138 1394 erectum
2162 1338 2210 1395 est

189 1427 257 1481 tota
287 1417 340 1480 lex
365 1436 439 1479 mea
470 1415 603 1481 avobis
635 1418 756 1481 violata
784 1428 843 1494 est,
872 1427 905 1479 et
925 1436 1017 1481 meae
1040 1416 1168 1481 tabulae
1220 1416 1446 1500 lerosolymae,
1469 1414 1546 1497 quia
1567 1414 1634 1480 illic
1656 1413 1781 1480 offertis
1803 1415 1969 1488 sacrificia,
1997 1415 2086 1480 estis
2111 1416 2207 1492 fures,

189 1511 412 1585 contemptae:
449 1501 548 1566 Statio
571 1501 683 1567 adbuc.
729 1501 889 1567 Videmus
911 1523 990 1587 ergo
1012 1523 1167 1585 quorsum
1220 1503 1298 1567 estis
1327 1501 1478 1578 adulteri,
1509 1501 1589 1566 estis
1618 1499 1816 1565 homicidae:
1845 1512 1877 1563 et
1898 1501 2024 1582 putatis
2047 1521 2111 1566 me
2134 1522 2208 1584 qno

189 1589 305 1653 tendat
320 1587 501 1670 prophetae
517 1589 699 1652 consilium.
730 1587 917 1670 Exprobrat
933 1590 1018 1652 enim
1038 1587 1168 1652 Iudaeis
1221 1587 1394 1652 dammodo
1417 1608 1489 1651 esse
1511 1597 1732 1668 excaecatum,
1755 1598 1794 1650 ut
1815 1585 1962 1651 desinam
1983 1607 2061 1675 esee
2084 1585 2207 1651 vindex

190 1674 434 1756 impudentiam
458 1680 491 1736 et
512 1675 725 1757 proterviam,
754 1672 839 1755 quod
861 1673 1003 1739 audeant
1025 1675 1071 1739 ita
1092 1694 1167 1756 pro·
1220 1682 1268 1738 tot
1286 1683 1318 1737 et
1335 1678 1402 1736 tam
1420 1673 1577 1738 atrocium
1593 1672 1761 1738 scelerum.
1796 1672 1897 1755 Ergo,
1915 1673 2035 1754 inquit,
2056 1672 2207 1754 &danea

188 1780 341 1840 rumpere
360 1761 394 1823 in
416 1772 624 1840 conspectum
643 1759 705 1824 Dei
724 1778 795 1823 cum
815 1760 883 1824 suis
900 1759 1167 1842 inquinamentis.
1219 1759 1375 1825 latronum
1391 1759 1477 1839 factu
1492 1763 1535 1824 est
1552 1757 1638 1824 vobis
1652 1758 1761 1824 danen
1776 1757 1863 1823 istc?
1886 1757 1942 1823 sed
1957 1759 2206 1842 interrogative

190 1845 235 1910 Et
253 1845 368 1922 dicitiS,
391 1846 506 1925 iuquit,
531 1844 591 1909 hoc
614 1856 673 1921 est,
696 1855 868 1928 postquam
892 1846 1029 1910 stetistis
1050 1846 1085 1909 in
1106 1844 1168 1911 hoc
1219 1844 1282 1910 hoc
1315 1843 1489 1927 legendum
1520 1856 1579 1909 est.
1631 1844 1686 1908 An
1716 1843 1787 1907 fieri
1816 1852 1935 1926 potest,
1970 1849 2010 1908 ut
2037 1845 2204 1927 templum

192 1931 315 2013 templo
348 1930 461 2007 dicitis,
496 1929 522 1994 0
549 1950 606 1995 nos
633 1951 745 1996 snmns
772 1929 895 1996 liberati
921 1931 1168 2012 calfaciendum
1219 1929 1288 2006 hoc,
1319 1931 1352 1993 id
1381 1939 1439 2007 est,
1470 1930 1650 1994 sacrarium
1680 1929 1741 1994 hoc
1763 1931 1806 1994 sit
1826 1929 1984 2012 spelunca
2007 1928 2203 1995 latronum?

191 2037 295 2080 omnes
316 2020 397 2080 isica
419 2015 673 2092 abminationes,
697 2017 758 2081 hoc
780 2026 839 2093 est,
861 2017 985 2099 putatis
1007 2015 1166 2101 templum
1219 2016 1395 2081 Caeterum
1432 2016 1516 2080 ratio
1552 2015 1804 2098 comparationis
1836 2014 1978 2080 tenenda
2015 2026 2091 2092 est,
2132 2019 2202 2099 qnia

191 2103 252 2167 hoc
284 2102 375 2166 vobis
399 2122 469 2165 esse
491 2100 673 2178 latibulum,
705 2101 790 2183 quod
814 2111 903 2185 teget
924 2102 1035 2166 omnia
1057 2114 1169 2168 vestra
1220 2101 1361 2166 latrones
1384 2101 1482 2166 etiam
1501 2103 1527 2166 si
1546 2102 1614 2166 sint
1632 2100 1839 2166 audacissimi
1856 2112 1890 2165 et
1906 2120 2045 2184 prorsus
2062 2102 2200 2178 efferati,

190 2189 329 2270 flagitia:
363 2195 461 2267 atque
490 2188 538 2251 ita
560 2188 681 2270 putatis
704 2208 761 2252 vos
783 2187 912 2269 elapsos
934 2209 1004 2253 esse
1027 2208 1045 2252 e
1067 2208 1168 2251 manu
1219 2199 1328 2253 tamen
1351 2188 1385 2250 iu
1408 2187 1478 2252 loco
1501 2198 1612 2270 aperto
1634 2207 1700 2251 non
1722 2186 1845 2251 audent
1865 2206 2019 2252 exserere
2038 2187 2198 2271 gladium,

190 2294 272 2349 mea,
302 2273 394 2354 quasi
425 2294 492 2336 non
515 2272 668 2336 habenda
689 2281 774 2338 esset
795 2272 936 2355 amplius
959 2273 1105 2356 quaestio
1128 2276 1167 2337 de
1219 2294 1284 2337 non
1323 2273 1445 2337 audent
1485 2273 1634 2356 iugulare
1673 2272 1809 2337 miseros
1847 2270 2005 2338 homines.
2066 2271 2198 2354 Quare?

190 2359 341 2423 omnibus
366 2359 485 2422 vestris
513 2358 668 2438 peccatis:
700 2360 852 2441 qnoniam
876 2359 1034 2441 templum
1058 2380 1166 2423 meum
1219 2368 1370 2422 metuunt
1391 2358 1453 2423 sibi
1476 2379 1496 2422 a
1517 2359 1630 2441 poenis
1653 2357 1771 2440 legum,
1802 2356 2087 2440 circumspiciunt.
2135 2357 2194 2424 Sed

191 2445 284 2508 vobis
312 2451 361 2506 est
384 2443 489 2506 instar
512 2444 604 2526 asyli,
634 2442 695 2507 sub
717 2443 808 2508 ouius
832 2442 946 2508 umbra
969 2442 1167 2510 delitescitis.
1219 2445 1275 2508 ubi
1304 2456 1440 2526 possunt
1468 2443 1712 2526 deprehendere
1734 2442 1883 2508 homines
1904 2445 1938 2508 in
1961 2444 2098 2510 occulto
2121 2444 2195 2522 loco,

191 2530 328 2594 Certum
351 2535 410 2599 est,
439 2547 505 2591 non
527 2529 575 2592 ita
597 2528 745 2610 loquutos
767 2529 868 2594 fuisse
890 2528 1038 2594 Iudaeos.
1081 2529 1167 2594 Nam
1220 2528 1286 2595 illic
1320 2543 1371 2595 est
1399 2528 1605 2611 spoliarium,
1639 2531 1674 2593 in
1706 2549 1769 2611 quo
1798 2529 1872 2610 plus
1900 2529 1998 2594 datur
2027 2529 2194 2595 licentiae:

190 2616 218 2679 si
241 2615 380 2678 fuissent
403 2615 518 2697 rogati,
542 2634 583 2677 an
608 2615 676 2678 vita
695 2635 808 2679 eorum
826 2627 912 2681 esset
929 2615 1165 2693 abominabilis,
1219 2615 1368 2699 iugulant
1402 2615 1565 2693 homines,
1597 2625 1711 2697 postea
1743 2615 1914 2679 excutiunt
1941 2615 2097 2698 ipsorum
2128 2637 2194 2681 cru·

190 2700 320 2764 fortiter
342 2709 527 2781 negassent.
574 2698 639 2765 Sed
662 2701 823 2783 prophete
844 2720 910 2765 uon
933 2701 1067 2784 respicit
1087 2702 1166 2784 quid
1219 2722 1342 2766 menas.
1377 2701 1537 2766 Videmus
1559 2722 1637 2784 ergo
1659 2714 1697 2765 ut
1718 2699 1891 2781 speluncae
1912 2710 1947 2766 et
1969 2701 2043 2766 loca
2063 2703 2193 2767 abscon·

190 2785 334 2850 sentiant
364 2786 427 2866 ipsi
450 2786 501 2850 vel
527 2786 719 2868 loquantur:
750 2786 790 2851 de
812 2807 849 2851 re
871 2787 942 2871 ipsa
964 2785 1103 2866 disserit,
1133 2800 1167 2851 et
1220 2786 1288 2851 dita
1320 2788 1394 2870 plns
1428 2787 1611 2853 securitatis
1639 2785 1789 2851 adferant
1817 2786 2006 2852 latronibus.
2063 2785 2194 2870 Optime

191 2872 322 2936 disserit
349 2871 383 2934 iu
413 2890 552 2951 persona
575 2872 636 2935 Dei
666 2893 726 2954 pro
748 2872 904 2938 mandato
926 2873 987 2938 sibi
1008 2874 1165 2939 iniuncto.
1218 2870 1319 2956 igitur
1334 2872 1475 2955 quadrat
1489 2872 1694 2955 comparatio,
1712 2871 1767 2936 ubi
1783 2870 1942 2954 propheta
1957 2870 2049 2952 dicit,
2066 2872 2193 2938 Iudaeis

190 2957 380 3039 Exprobrat
410 2976 488 3039 ergo
518 2957 707 3041 hypocritis,
737 2958 822 3041 quod
851 2979 887 3024 se
916 2958 1067 3025 liberatos
1095 2980 1166 3025 esse
1219 2958 1377 3041 templum
1395 2959 1456 3024 Dei
1475 2957 1596 3024 factum
1614 2977 1685 3024 esse
1703 2959 1798 3041 quasi
1813 2958 2002 3040 speluncam
2018 2959 2191 3023 latronum.

190 3044 396 3121 existiment,
430 3043 505 3123 quia
535 3043 685 3108 venerint
713 3044 748 3108 in
778 3043 954 3127 templum:
985 3056 1018 3110 et
1050 3054 1167 3129 putent
1220 3042 1258 3111 Si
1293 3046 1381 3110 enim
1411 3043 1539 3109 nullum
1568 3043 1683 3108 fuisset
1714 3042 1888 3125 templum,
1921 3043 2040 3109 fuisset
2070 3057 2193 3108 retenta

190 3148 339 3193 cessuras
378 3127 440 3191 sibi
473 3129 606 3208 impune
639 3150 753 3195 omnes
788 3151 865 3195 suas
899 3130 1166 3209 abominationes,
1218 3130 1328 3213 aliqua
1350 3131 1532 3212 integritas,
1558 3128 1656 3213 idque
1677 3148 1718 3193 ex
1741 3129 1906 3193 communi
1926 3150 2036 3195 sensu.
2085 3128 2190 3211 Quum

191 3234 331 3295 quarum
354 3221 431 3277 ante
453 3215 613 3291 meminit,
634 3215 721 3295 quod
743 3215 867 3279 scilicet
885 3214 1041 3280 adversus
1058 3215 1166 3279 Deum
1218 3225 1329 3280 autem
1350 3215 1517 3280 sacrificiis
1540 3221 1690 3298 tegerent
1711 3234 1803 3278 suam
1829 3213 2080 3298 turpitudinem,
2102 3230 2189 3298 puta·

192 3299 285 3382 impii
308 3309 426 3377 essent,
456 3309 489 3362 et
512 3298 626 3362 iniusti
649 3299 808 3365 adversus
829 3299 1004 3382 proximos.
1049 3299 1167 3364 Postea
1220 3299 1298 3364 bant
1328 3321 1364 3365 se
1397 3299 1459 3365 hcc
1492 3299 1587 3364 modo
1620 3300 1774 3383 effugisse
1806 3319 1902 3364 omne
1931 3298 2102 3366 iudicium.
2153 3301 2192 3365 Et

191 3385 349 3467 adiungit,
373 3384 427 3447 An
444 3385 594 3466 spelunca
611 3385 769 3450 latronam
785 3391 831 3450 eet
845 3385 956 3450 domna
969 3384 1050 3463 isaac,
1073 3405 1168 3466 super
1218 3385 1291 3450 ideo
1309 3385 1463 3451 Christus
1477 3385 1518 3449 ad
1533 3396 1660 3467 tempus
1675 3407 1772 3452 suum
1786 3385 2007 3451 accommodat
2030 3386 2097 3452 hoc
2115 3388 2190 3453 vati·

190 3490 284 3552 qnam
318 3471 493 3534 inoccatum
521 3476 565 3536 est
594 3491 703 3536 nomen
731 3471 861 3536 meam?
912 3469 1086 3538 Conclusio
1116 3479 1166 3536 est
1218 3470 1356 3536 ciuium:
1386 3470 1538 3553 quoniam
1560 3469 1675 3536 Iudaei
1704 3472 1803 3536 etiam
1834 3485 1911 3535 tuuc
1934 3472 2100 3554 templum
2122 3492 2190 3556 pro·

190 3557 291 3620 totius
320 3557 501 3619 sententiae
524 3577 598 3621 cum
622 3557 880 3641 amplificatione.
925 3555 1055 3621 Iudaeis
1077 3557 1165 3622 euim
1218 3557 1427 3623 sanaverant:
1450 3568 1483 3621 et
1505 3577 1605 3640 quum
1629 3565 1750 3621 temere
1773 3566 1807 3621 et
1824 3556 1903 3621 falso
1920 3556 2117 3623 invocarent
2134 3558 2190 3622 Dei

190 3641 383 3724 permiserat
414 3641 574 3722 propheta
607 3642 779 3721 iudicium,
811 3642 1082 3725 quemadmodum
1110 3643 1166 3710 ubi
1218 3663 1346 3723 nomen,
1376 3642 1527 3708 volebant
1557 3654 1667 3707 tamen
1699 3642 1855 3727 templum
1886 3642 1948 3708 sibi
1970 3644 2105 3728 asylum
2128 3666 2191 3709 esee

191 3727 231 3791 de
254 3747 289 3790 re
312 3746 377 3789 non
401 3725 538 3791 obscura
561 3727 612 3792 vel
636 3727 735 3793 dubia
756 3728 880 3812 agitur:
904 3727 998 3804 Ecce,
1021 3729 1166 3811 vosipsi
1218 3729 1431 3811 impunitatis,
1450 3727 1575 3794 deridet
1591 3727 1745 3794 Christus
1764 3727 1861 3794 talem
1880 3729 2065 3807 stultitiam,
2090 3751 2193 3813 quem·

189 3812 262 3877 sitis
285 3813 319 3876 in
341 3813 472 3894 propria
495 3833 594 3878 causa
612 3813 748 3878 iudices:
772 3812 926 3879 licebitne
944 3812 1036 3878 vobis
1054 3814 1165 3893 furari,
1218 3813 1391 3879 admodum
1415 3815 1537 3880 fecerat
1560 3813 1726 3898 propheta.
1761 3814 1882 3879 Postea
1898 3813 2063 3899 adiungit,
2088 3815 2194 3880 Etion

190 3898 346 3974 occidere,
378 3910 412 3963 et
439 3897 633 3963 adulterium
654 3896 809 3982 patrare?
839 3895 964 3975 deinde,
994 3898 1107 3963 venire
1129 3899 1164 3964 in
1218 3920 1274 3982 eqo
1295 3919 1357 3965 ecce
1377 3900 1475 3985 video,
1497 3901 1573 3965 dicit
1594 3899 1739 3965 Iebccnb.
1774 3899 1847 3964 Non
1870 3898 2007 3965 dubium
2030 3909 2094 3979 est,
2117 3903 2193 3985 quin

190 3984 252 4050 hoc
282 3984 451 4067 templum,
481 3994 513 4049 et
542 3985 663 4049 iactare
688 3984 781 4049 vobis
803 4003 988 4049 concessam
1012 4004 1084 4049 esse
1104 3985 1164 4048 im·
1217 3986 1337 4052 ironice
1372 3986 1571 4070 perstringat
1599 3984 1755 4050 Ieremias
1787 3985 1923 4049 stultam
1952 3986 2193 4063 confidentiam,

190 4071 374 4155 punitatem
396 4073 541 4135 omnium
563 4068 749 4134 malorum?
782 4068 856 4133 Hoc
870 4069 1001 4150 quidem
1016 4069 1165 4136 sufficere
1219 4091 1286 4153 qna
1326 4069 1481 4136 fallebant
1514 4093 1548 4136 se
1581 4071 1669 4153 ipsos
1701 4069 1825 4137 Iudaei.
1880 4070 1965 4136 Nam
1999 4071 2192 4157 hypocritae

192 4154 345 4223 debebat:
388 4156 443 4220 sed
485 4155 639 4237 quoniam
678 4161 769 4219 tanta
800 4163 872 4219 erat
904 4154 939 4217 in
971 4153 1102 4220 Iudaeis
1133 4168 1166 4221 et
1218 4155 1371 4222 videntur
1393 4155 1454 4221 sibi
1476 4158 1658 4239 perspicere
1679 4156 1839 4240 quidquid
1860 4178 1992 4223 neeesse
2011 4172 2074 4224 ast.
2110 4159 2192 4224 Hinc

191 4241 366 4309 obstinatio
399 4252 431 4304 et
464 4240 656 4324 stupiditas,
689 4253 726 4304 ut
757 4259 824 4304 non
857 4238 1073 4305 concederent
1101 4243 1165 4307 nisi
1217 4241 1317 4306 etiam
1340 4241 1490 4324 quoniam
1513 4252 1630 4324 putant
1653 4264 1688 4306 se
1711 4248 1823 4309 acutos
1841 4263 1919 4319 asse,
1943 4242 2019 4326 plus
2037 4245 2192 4312 audacias

191 4329 371 4414 aegerrime
399 4339 431 4391 et
460 4328 574 4392 multis
602 4324 708 4391 modis
730 4326 882 4400 convicti,
912 4322 984 4389 ideo
1005 4326 1166 4409 propheta
1217 4328 1283 4393 illis
1302 4326 1441 4391 accedit:
1465 4326 1544 4390 dum
1563 4329 1748 4409 excogitant
1766 4327 1919 4405 tellanas,
1941 4328 2064 4412 quibus
2082 4329 2190 4396 Deum

191 4415 342 4499 adiungit
372 4414 456 4477 hauc
485 4413 698 4491 seutentiam,
727 4411 781 4476 An
809 4411 920 4477 dunas
946 4411 1038 4495 boec,
1070 4432 1166 4493 saper
1218 4423 1251 4478 et
1281 4412 1430 4476 homines
1458 4411 1623 4478 deludant.
1666 4413 1711 4477 Et
1739 4412 1812 4478 ideo
1843 4413 1924 4479 false
1952 4415 2121 4500 propbeta
2141 4415 2192 4482 hic

189 4523 284 4583 qnam
307 4502 484 4564 invocatum
505 4505 548 4564 est
570 4519 679 4563 nonen
700 4516 813 4577 mmm,
841 4495 988 4578 spelunca
1010 4495 1166 4563 nanum
1217 4499 1304 4582 ipsos
1322 4497 1448 4580 pungit,
1468 4497 1554 4578 quod
1569 4499 1691 4563 scilicet
1705 4497 1815 4563 Deum
1831 4499 1934 4566 velint
1948 4501 2043 4583 quasi
2058 4522 2191 4568 mecum

191 4588 263 4653 est?
297 4587 358 4652 hoc
388 4596 453 4663 est,
489 4606 531 4648 an
559 4585 632 4649 ideo
662 4583 746 4667 elegi
774 4581 855 4647 mihi
889 4583 996 4647 locum
1029 4582 1083 4647 ubi
1114 4605 1166 4649 me
1218 4583 1371 4649 reddere:
1393 4581 1571 4666 Eticmeyo
1588 4585 1764 4664 corsoides,
1787 4585 1901 4669 inquit.
1935 4584 2096 4652 Nondum
2115 4587 2192 4654 satia

189 4673 318 4751 colatis,
349 4683 385 4736 ut
416 4671 510 4735 vobis
541 4671 617 4753 plus
646 4670 755 4748 liceat,
784 4688 883 4750 quam
914 4669 941 4732 si
966 4667 1058 4732 nulla
1080 4678 1166 4734 esset
1217 4677 1342 4752 pateret
1373 4688 1470 4749 qoam
1501 4670 1683 4751 emphatica
1713 4671 1756 4735 sit
1784 4671 1946 4755 loquutio,
1980 4673 2047 4738 nisi
2077 4673 2192 4739 similis

190 4756 328 4845 religio?
382 4757 546 4835 Quorsum
581 4755 719 4840 religio?
756 4773 863 4819 nonne
896 4764 934 4817 ut
963 4751 1024 4816 hoc
1054 4754 1165 4818 fraeno
1218 4755 1308 4819 locus
1331 4752 1425 4816 nobie
1447 4762 1533 4818 esset
1554 4756 1660 4819 instar
1681 4754 1792 4821 clavis.
1837 4755 1935 4838 Apud
1956 4756 2081 4823 Isaiam
2105 4760 2191 4842 vige·

189 4846 422 4911 contineantur
457 4842 623 4923 homines,
661 4863 704 4906 ue
736 4837 928 4906 lasciviant?
969 4858 1046 4901 nam
1078 4849 1166 4905 certe
1217 4841 1299 4903 simo
1327 4857 1413 4901 ncnc
1440 4839 1545 4920 capite
1572 4839 1616 4924 (v.
1642 4840 1695 4924 15)
1725 4841 1857 4925 dicitur,
1887 4844 1959 4925 Ilgo
1986 4847 2090 4909 etiam
2122 4867 2190 4912 sum

188 4933 295 4997 cultus
326 4942 357 4996 et
386 4931 483 4993 timor
506 4927 568 4992 Dei
600 4928 714 5011 regula
737 4936 786 4991 est
808 4923 915 4989 omnis
937 4924 1111 5005 aequitatis
1134 4936 1165 4987 et
1218 4924 1355 5006 sapiens.
1393 4921 1534 4989 Dixerat
1556 4926 1722 5008 propheta,
1745 4927 1816 4992 Vae
1839 4929 1955 4993 astutis
1977 4934 2013 4992 et
2036 4932 2190 5014 sapienti·

188 5018 343 5084 iustitiae.
390 5016 486 5082 Nunc
507 5036 616 5080 nonne
638 5019 819 5096 praestaret
841 5009 969 5073 nullum
992 5029 1063 5072 esse
1086 5013 1165 5072 tem·
1218 5010 1293 5092 bue,
1327 5007 1383 5089 qui
1417 5009 1478 5073 sibi
1510 5022 1713 5077 excavarunt
1746 5014 1865 5078 foveas.
1915 5013 1989 5080 Illic
2021 5017 2192 5083 invehitur

188 5103 290 5187 plum,
322 5112 354 5166 et
384 5103 475 5166 nulla
504 5100 674 5177 sacrificia,
703 5119 800 5181 quam
827 5095 899 5178 plus
922 5093 991 5158 dari
1014 5093 1165 5159 licentiae
1217 5092 1373 5158 adversus
1388 5092 1537 5158 homines
1553 5098 1678 5178 impios,
1695 5099 1750 5178 qui
1767 5100 1957 5164 existimant
1972 5102 2044 5166 suis
2056 5103 2193 5170 fallaciis

189 5188 377 5254 hominibus
400 5188 439 5252 ad
464 5188 672 5269 peccandum,
697 5185 753 5249 ubi
777 5191 984 5265 praetextum
1007 5177 1067 5243 sibi
1090 5202 1164 5262 cap·
1217 5199 1310 5260 posse
1322 5179 1431 5244 Deum
1447 5181 1554 5262 ipsum
1571 5183 1806 5263 quodammodo
1822 5184 1940 5267 decipi:
1957 5188 2046 5268 quod
2063 5189 2193 5255 videtur

190 5285 261 5338 tant
284 5276 318 5340 in
335 5274 569 5340 caeremoniis?
593 5276 754 5340 facessant
770 5267 1004 5335 caeremoniae:
1029 5263 1165 5331 dictabit
1189 5251 1193 5328 l
1218 5274 1325 5329 tamen
1346 5286 1415 5330 esse
1433 5267 1663 5349 prodigiosum,
1688 5280 1719 5332 et
1737 5279 1795 5335 est.
1830 5272 1952 5336 Tamen
1971 5278 2194 5342 communiter
