4784 5970
202 398 265 463 265
1066 396 1217 463 capud
1239 396 1336 462 LIII.
2135 404 2199 470 266

201 586 295 653 Haec
317 602 425 652 autem
449 597 498 650 est
520 587 611 668 fides,
634 587 713 650 dum
736 588 960 668 amplectimur
984 587 1175 652 beneficium
1228 586 1387 651 Iohannis
1404 586 1443 649 lt
1460 587 1503 671 (v.
1522 586 1584 671 19),
1607 587 1747 670 Propter
1762 608 1815 653 eos
1830 589 1996 654 sanctifico
2011 594 2198 675 meipsum,

202 673 316 738 mortis
339 674 420 757 eius,
442 693 480 738 ac
501 673 596 755 plene
618 673 653 737 in
671 673 743 756 ipso
760 672 1029 755 conquiescimus.
1061 671 1174 737 Philo·
1228 681 1266 736 ut
1287 680 1320 736 et
1341 672 1402 754 ipsi
1426 673 1529 736 sancti
1553 673 1629 737 sint.

203 759 299 840 sophi
321 759 475 823 multost
494 757 660 841 praeclara
682 770 853 840 praecepta
871 756 1085 837 tradiderunt,
1108 758 1176 841 qui·
1315 758 1364 822 12.
1398 756 1610 842 (Propterea.)
1657 759 1781 823 Iterum
1805 760 1947 825 declarat
1969 760 2072 828 Isaiae
2093 765 2199 847 qualis

203 844 265 909 bus
286 845 445 908 iustitiam
469 844 631 910 contineri
653 852 784 925 putant:
807 843 864 910 sed
883 865 955 909 eam
974 844 1098 908 nemini
1116 864 1176 907 un·
1227 843 1356 909 futurus
1379 844 1423 907 sit
1440 845 1547 908 exitus
1562 844 1678 909 mortis
1693 843 1826 910 Christi.
1863 846 1961 911 Hanc
1976 849 2063 913 enim
2079 847 2197 916 doctri·

204 950 300 1013 quam
323 930 382 994 ulli
404 931 550 995 conterre
579 941 772 1012 potuerunt:
804 950 878 995 nam
902 930 975 1012 quis
1000 950 1040 993 ex
1063 949 1175 994 eorum
1227 949 1302 993 nam
1327 928 1402 993 addi
1425 949 1556 995 neccsse
1578 929 1640 993 luit
1662 930 1855 996 devictoris
1877 953 1972 1014 quam
1996 943 2100 999 morte
2121 956 2197 1001 con·

203 1015 325 1098 regulis
358 1016 441 1081 bene
469 1016 603 1081 vivendi
636 1015 821 1081 facultatem
855 1023 1073 1097 consequutus
1105 1013 1174 1078 cst?
1227 1024 1383 1096 sequutus
1409 1027 1474 1078 est:
1506 1015 1658 1097 quoniam
1691 1015 1723 1080 id
1750 1016 1836 1098 quod
1867 1019 1957 1101 prius
1987 1020 2109 1085 dictum
2139 1032 2198 1101 ast,

203 1101 326 1166 Parum
350 1107 459 1167 autem
482 1099 614 1183 prodest
635 1101 818 1185 intelligere
840 1122 922 1184 quac
945 1122 1024 1166 vera
1045 1101 1089 1164 sit
1110 1102 1174 1164 ius·
1226 1120 1287 1165 nos
1310 1106 1415 1165 morte
1437 1100 1507 1166 sius
1527 1101 1750 1167 reconciliatos
1769 1104 1863 1185 patri,
1887 1124 1952 1168 non
1971 1107 2049 1170 satis
2072 1109 2197 1175 animos

203 1186 282 1264 titia,
306 1188 333 1251 si
355 1209 393 1252 ea
416 1189 548 1252 interim
571 1207 748 1252 careamus.
793 1188 839 1254 Ut
860 1189 1048 1252 omittamus
1069 1185 1172 1268 philo·
1227 1195 1355 1250 nostros
1376 1185 1589 1251 obfirmasset.
1633 1186 1698 1251 Hic
1720 1201 1828 1253 autem
1854 1199 2024 1256 mutuatur
2046 1193 2197 1258 similitu·

202 1272 331 1354 sophos,
354 1273 407 1337 lex
430 1275 512 1355 ipsa,
534 1293 617 1356 quae
635 1273 903 1356 perfectissimam
921 1273 1010 1337 vitae
1029 1291 1175 1335 normam
1227 1270 1333 1334 dinam
1358 1291 1377 1335 a
1399 1275 1561 1336 communi
1591 1273 1868 1354 triumphantium
1895 1295 1996 1359 more,
2024 1279 2080 1359 qui
2103 1289 2196 1361 parta

202 1359 354 1436 continet,
378 1359 439 1424 hoc
461 1358 512 1443 (ut
533 1359 688 1444 diximus)
709 1360 857 1425 conferre
876 1378 940 1423 non
964 1359 1085 1440 potuit:
1109 1378 1173 1421 non
1226 1357 1347 1440 insigni
1380 1358 1518 1422 victoria
1555 1359 1727 1442 magnifico
1764 1370 1923 1443 apparatu
1955 1364 2063 1447 excipi
2096 1373 2196 1448 atque

201 1444 333 1525 quodsi
350 1444 694 1527 quidquamdeluerit:
712 1465 788 1510 nam
804 1444 916 1509 Moses
931 1443 1108 1528 (Deutao,
1122 1443 1174 1522 19)
1225 1443 1334 1506 ornari
1356 1442 1469 1508 solent.
1513 1442 1566 1507 Ita
1594 1457 1626 1507 et
1648 1444 1808 1524 Christus,
1836 1456 1873 1510 ut
1894 1455 2047 1514 strenuus
2076 1462 2109 1514 et
2139 1472 2194 1515 no·

201 1550 237 1595 se
260 1529 383 1595 bonum
407 1541 439 1595 et
461 1532 593 1614 malum,
617 1531 718 1594 vitam
742 1540 776 1595 et
804 1540 939 1595 mortem
971 1529 1175 1612 proposuisse
1226 1527 1300 1592 bilis
1328 1529 1513 1611 imperator,
1544 1529 1641 1593 victis
1672 1530 1817 1596 hostibus
1848 1533 2073 1616 triumphavit.
2117 1535 2196 1602 Οιιιιι

202 1625 342 1681 testatus
364 1625 427 1681 est:
460 1616 516 1681 sed
539 1617 624 1698 quod
648 1638 687 1681 ea
707 1617 749 1682 sit
771 1616 934 1697 corruptio
957 1625 1094 1680 naturae
1117 1636 1173 1679 no·

202 1712 298 1786 strae,
322 1712 358 1766 ut
379 1703 523 1768 iustitiae
545 1701 781 1784 impertiendae
798 1702 853 1765 lex
869 1703 1017 1766 sulficere
1031 1722 1097 1765 non
1120 1721 1175 1783 po·

201 1789 314 1851 tuerit:
350 1788 623 1870 quemadmodum
658 1789 757 1851 etiam
791 1787 882 1852 docet
911 1787 1035 1852 Paulus
1064 1786 1171 1871 (Rom.

202 1875 231 1950 8,
256 1873 290 1958 3)
314 1873 398 1939 hanc
427 1873 683 1939 imbecillitatem
706 1895 746 1937 ex
769 1893 869 1939 carna
891 1883 1014 1952 nostra,
1044 1893 1108 1936 non
1133 1893 1174 1935 ex

201 1961 273 2042 lege
304 1980 447 2026 manare.
499 1960 567 2024 Nos
597 1960 684 2022 enim
714 1959 775 2023 alic
809 1958 947 2042 impellit
979 1966 1107 2034 natura,
1141 1971 1174 2021 ct

201 2047 323 2110 maiore
361 2047 485 2127 impetu
519 2045 714 2128 cupiditates
747 2049 877 2110 nostras
910 2054 1103 2127 erumpunt,
1137 2055 1173 2106 ut

201 2131 360 2195 effraenes
378 2130 536 2213 quaedam
555 2130 690 2206 belluae,
714 2129 871 2195 adversus
889 2130 1079 2194 mandatum
1098 2129 1173 2193 Dei.

201 2216 253 2280 Ita
278 2218 313 2281 lit
335 2230 372 2281 ut
394 2217 446 2280 lex
468 2218 550 2281 iram
574 2216 799 2299 potiusquam
829 2216 987 2281 iustitiam
1012 2226 1172 2298 operetur.

201 2301 273 2366 Lex
296 2302 397 2385 igitur
419 2323 532 2367 omnes
555 2302 719 2367 convictos
741 2311 839 2378 tenet,
862 2310 895 2366 et
917 2303 1076 2384 patefacto
1100 2323 1173 2383 pec·

201 2398 282 2464 cato,
304 2409 433 2452 omnem
456 2387 642 2453 hominibus
664 2389 904 2452 excusationem
928 2387 1051 2451 adimit.
1096 2388 1174 2452 Pro-

200 2472 277 2537 inde
310 2473 373 2537 alia
405 2474 546 2538 iustitiae
581 2474 633 2538 via
667 2475 852 2555 quaerenda
885 2483 950 2537 est:
989 2493 1106 2554 nempe
1138 2475 1172 2536 in

201 2559 344 2638 Christo,
368 2579 464 2640 quem
493 2561 590 2623 etiam
621 2559 684 2635 lex,
714 2572 751 2622 ut
779 2561 876 2622 finem
906 2580 1011 2636 suum,
1041 2557 1172 2622 demon·

200 2645 328 2709 stravit.
369 2646 459 2710 'Palis
482 2655 589 2709 autem
614 2656 684 2709 crat
706 2645 787 2724 legis
810 2644 947 2708 iustitia:
972 2643 1039 2724 Qui
1061 2645 1173 2708 fecerit

200 2730 291 2806 haec,
319 2731 409 2794 vivet
436 2731 471 2793 in
501 2731 547 2793 eis
577 2727 698 2812 (Levit.
724 2729 773 2804 18,
796 2729 839 2813 5).
890 2732 936 2794 At
963 2751 1058 2793 nemo
1088 2730 1171 2794 lecit.

201 2815 278 2878 Alia
296 2835 373 2898 ergo
393 2815 518 2879 iustitia
536 2816 717 2879 necessaria
732 2826 798 2879 est:
821 2834 918 2896 quam
937 2819 1034 2879 etiam
1051 2815 1173 2879 Paulus

1224 1613 1359 1678 robustis
1387 1616 1501 1697 spolia.
1544 1614 1669 1680 Eadem
1699 1628 1749 1680 cst
1780 1619 1943 1682 sententia
1975 1639 2049 1684 cum
2079 1623 2195 1703 priore.

1225 1698 1286 1762 Est
1307 1701 1393 1763 enim
1414 1701 1563 1782 repetitio
1584 1703 1704 1766 usitata
1726 1700 1895 1769 Hebraeis.
1933 1704 1980 1768 Et
2001 1725 2082 1788 quos
2104 1708 2196 1791 prius

1225 1804 1361 1868 magnos
1394 1785 1486 1865 dixit,
1520 1809 1606 1852 nunc
1639 1798 1788 1869 potantes
1819 1802 1875 1852 aut
1908 1788 2058 1855 robustos
2090 1804 2195 1860 vocat.

1225 1869 1307 1933 Nam
1342 1872 1398 1951 qui
1427 1885 1506 1938 0³2)
1536 1882 1670 1937 vertunt
1701 1874 1822 1953 multos,
1854 1895 1986 1939 sensum
2018 1878 2195 1959 prophetae

1225 1955 1439 2020 meoiudicio
1468 1966 1674 2041 pervertunt.
1718 1960 1861 2023 'I‘antum
1892 1963 1924 2024 in
1957 1961 2081 2028 duobus
2107 1965 2196 2031 hisce

1226 2041 1379 2106 membris
1412 2042 1491 2108 haec
1525 2043 1710 2108 differentia
1741 2057 1807 2108 est:
1846 2046 1929 2126 quod
1964 2047 2071 2129 priore
2104 2048 2195 2117 Deus

1226 2136 1367 2191 testatur
1389 2128 1466 2211 quid
1489 2128 1622 2194 Christo
1646 2129 1785 2194 dederit:
1817 2134 1995 2213 posteriore
2023 2155 2099 2199 vero
2122 2137 2196 2200 snb·

1226 2213 1332 2297 iungit
1355 2212 1525 2280 Christum
1553 2235 1591 2279 eo
1619 2215 1774 2281 beneficio
1803 2216 1878 2281 frui.
1921 2217 2061 2283 Fruitur
2089 2229 2195 2286 antam

1226 2320 1290 2363 non
1314 2320 1373 2364 sua
1394 2321 1504 2380 eausa,
1534 2301 1590 2365 sed
1619 2312 1745 2365 nostra:
1776 2303 1928 2383 quoniam
1957 2301 1998 2367 ad
2029 2326 2086 2369 nos
2114 2307 2198 2371 redit

1226 2385 1324 2449 huius
1348 2386 1502 2452 victoriae
1524 2387 1657 2451 fructus.
1701 2385 1804 2451 Nobis
1826 2388 1913 2452 enim
1937 2388 2088 2455 Christus
2110 2413 2197 2456 mor-

1226 2483 1301 2549 tem,
1336 2472 1496 2535 mnndum
1529 2482 1562 2535 et
1599 2472 1760 2536 diabolum
1793 2475 1931 2557 subegit.
1985 2474 2026 2538 In
2060 2498 2197 2558 summa,

1227 2556 1385 2638 propheta
1414 2557 1618 2622 commendat
1649 2558 1702 2623 hic
1725 2559 1894 2622 victoriam
1917 2579 1998 2642 quae
2020 2582 2061 2625 ex
2091 2572 2196 2627 morto

1226 2641 1351 2707 Christi
1382 2651 1586 2724 consequuta
1618 2653 1677 2707 est.
1732 2643 1816 2707 Nam
1852 2646 1911 2708 etsi
1945 2653 2082 2710 mortem
2116 2649 2197 2712 obiit

1225 2728 1413 2791 infirmitate
1435 2729 1552 2804 carnis,
1575 2738 1684 2792 tamen
1703 2729 1838 2810 spiritus
1856 2731 2000 2811 potentia
2019 2735 2198 2798 resurrexit

1226 2821 1258 2877 et
1291 2813 1504 2895 triumphavit
1539 2813 1579 2878 de
1612 2814 1770 2879 hostibus.
1822 2818 1930 2897 Atque
1959 2816 2024 2880 hnc
2053 2820 2196 2900 pertinet

201 2921 244 2964 ex
266 2902 337 2982 ipso
360 2902 452 2966 Mose
476 2901 584 2965 docet:
607 2900 715 2982 Prope
738 2913 786 2964 est
809 2902 945 2965 verbum
969 2901 1004 2964 in
1027 2921 1083 2965 ore
1106 2908 1172 2984 tuo,
1225 2898 1402 2980 spoliorum
1425 2900 1624 2982 metaphora,
1647 2920 1710 2981 qua
1732 2901 1892 2982 propheta
1914 2923 1993 2965 usus
2011 2911 2068 2969 est.
2115 2903 2196 2969 Sur·

200 2996 234 3051 et
256 2988 290 3050 in
314 2988 409 3052 corde
431 2995 504 3051 tuo:
529 2985 590 3051 hoc
613 2995 663 3050 est
685 2984 819 3049 verbum
843 2986 918 3050 fidei
940 2986 1025 3067 quod
1047 2987 1171 3069 praedi·
1225 2985 1313 3048 rexit
1333 3005 1472 3067 namque
1494 2986 1527 3048 in
1551 2985 1663 3064 altum,
1685 2996 1722 3049 ut
1737 2986 1900 3067 captivam
1917 2986 2047 3052 duceret
2062 2991 2197 3072 captivi·

200 3092 312 3137 camus
342 3073 451 3154 (Rom.
482 3072 531 3148 10,
562 3070 605 3156 8).
650 3071 723 3137 Hac
752 3073 854 3154 igitur
882 3072 1028 3137 doctrina
1057 3072 1172 3137 iustili·
1225 3079 1334 3148 tatem,
1358 3078 1390 3134 et
1411 3072 1497 3134 dona
1518 3082 1663 3134 sumeret
1680 3071 1715 3133 in
1734 3071 1928 3137 hominibus.
1964 3073 2084 3139 Postea
2106 3076 2197 3142 addit

201 3176 326 3223 camur:
361 3157 448 3223 haud
482 3157 571 3222 nuda
604 3157 733 3239 quidem
766 3158 823 3221 illa
854 3164 888 3223 ct
920 3156 1075 3240 simplici,
1115 3159 1172 3223 sed
1225 3155 1479 3220 exinanitionem
1507 3156 1629 3221 Christi
1659 3156 1759 3221 fuisse
1782 3157 1881 3222 huius
1913 3159 2032 3223 summi
2067 3161 2197 3244 imperii

200 3254 360 3324 quatenus
383 3246 480 3308 offert
501 3244 694 3308 beneficium
725 3244 840 3308 mortis
863 3242 999 3323 Christi,
1028 3263 1091 3326 quc
1114 3265 1171 3307 ex·
1224 3242 1437 3324 principium:
1459 3242 1543 3305 sicut
1564 3243 1662 3305 etiam
1685 3241 1778 3307 docet
1795 3243 1926 3322 Paulus,
1949 3244 2117 3310 Christum
2141 3247 2195 3313 dc·

199 3329 333 3412 piantur
356 3339 486 3412 peccata
504 3337 623 3407 nostra,
645 3340 678 3394 ct
697 3329 947 3393 reconciliemur
968 3326 1050 3394 Deo.
1087 3328 1171 3394 Nam
1224 3328 1288 3392 leto
1319 3327 1404 3409 quod
1438 3327 1531 3391 nobis
1565 3328 1764 3392 contrarium
1798 3339 1867 3392 erat
1900 3329 2127 3414 chirographo,
2160 3334 2194 3398 in

200 3415 440 3480 sibeneficium
465 3415 526 3478 hcc
541 3415 769 3497 amplectimur
786 3414 859 3493 fide,
883 3415 960 3479 iusti
975 3434 1085 3480 coram
1102 3416 1172 3480 Deo
1224 3434 1319 3480 cruce
1337 3412 1556 3495 triumphasse
1579 3413 1662 3497 (Col.
1683 3413 1713 3488 2,
1734 3412 1796 3498 14).
1831 3415 1974 3479 Tantum
1990 3417 2090 3498 igitur
2104 3419 2196 3483 abest

200 3511 400 3583 reputamur.
445 3501 490 3565 Et
512 3500 671 3583 propheta
693 3521 728 3564 se
754 3501 860 3582 ipsum
893 3502 1035 3583 exponit,
1066 3509 1171 3565 osten·
1224 3510 1262 3564 ut
1290 3501 1471 3583 ignominia
1500 3501 1616 3562 mortis
1647 3518 1743 3579 quam
1773 3498 1853 3563 obiit
1881 3499 2042 3577 Christus,
2074 3503 2195 3585 aliquid

199 3585 279 3652 dens
302 3587 377 3669 quid
401 3587 480 3651 haec
503 3585 648 3652 doctrina
669 3587 842 3652 contineat.
885 3586 976 3650 Haec
999 3586 1085 3650 enim
1109 3585 1172 3650 duo
1224 3586 1374 3649 detrahat
1397 3585 1466 3648 cius
1487 3583 1620 3666 gloriae,
1643 3594 1679 3646 ut
1700 3592 1871 3666 propterea
1893 3585 1928 3648 in
1950 3606 2113 3650 summum
2138 3589 2195 3653 hc-

200 3674 345 3737 membra
368 3672 464 3737 simul
492 3671 685 3736 cohaerent:
715 3671 911 3737 Iustificabit
933 3671 1080 3735 doctrina
1102 3693 1170 3750 sua,
1225 3692 1336 3734 norem
1366 3689 1385 3732 a
1413 3669 1483 3732 Deo
1513 3679 1605 3751 patre
1634 3678 1766 3733 evectus
1795 3670 1846 3733 sit.
1898 3671 2064 3752 Exprimit
2096 3672 2195 3739 ctiam

200 3769 256 3820 aut
287 3759 474 3841 cognitione
508 3759 569 3835 aui,
603 3768 764 3839 quatenus
797 3757 939 3838 portabit
972 3757 1171 3838 iniquitates.
1224 3776 1327 3839 genus
1357 3755 1486 3818 mortis:
1528 3753 1800 3835 quemadmodum
1830 3755 1968 3832 Paulus,
2011 3777 2110 3839 quum
2140 3762 2196 3827 ob-

201 3840 309 3907 Scmel
334 3844 420 3906 enim
444 3844 547 3907 factus
570 3854 619 3906 est
647 3842 812 3925 piaculum
846 3863 904 3925 pro
938 3842 1048 3907 nobis:
1081 3863 1170 3907 nunc
1223 3841 1397 3906 edisntiam
1414 3840 1538 3904 Christi
1555 3838 1740 3922 amplificat,
1762 3851 1795 3904 et
1813 3840 1853 3904 ad
1875 3847 2013 3906 mortem
2037 3864 2138 3926 usque
2160 3867 2196 3912 se

199 3939 308 3993 autem
331 3928 371 3992 ad
395 3927 637 4010 percipiendum
663 3930 777 3993 mortis
806 3948 884 3993 snae
906 3928 1049 3993 fructum
1073 3949 1171 3993 evan·
1223 3929 1329 4008 ipsum
1363 3927 1514 3990 deiecisse
1548 3925 1636 4001 dicit,
1671 3925 1766 3990 simul
1801 3925 1892 3990 addit
1924 3947 1991 3991 ncn
2024 3928 2193 4013 vulgarem

198 4015 275 4098 gelii
299 4014 446 4079 doctrina
468 4033 527 4076 nos
549 4013 679 4077 invitat.
724 4012 801 4078 Ideo
831 4034 920 4078 mors
943 4013 1066 4078 Christi
1098 4013 1170 4078 doc·
1223 4014 1322 4077 luisse
1355 4021 1503 4088 mortem,
1538 4010 1593 4074 sed
1627 4011 1740 4088 crucis,
1773 4009 1806 4074 id
1839 4022 1889 4076 est
1921 4012 2128 4080 maledictam
2161 4026 2194 4082 et

198 4104 305 4165 trinae
323 4110 374 4164 ost
392 4097 587 4182 hypostasis,
606 4109 640 4161 nt
656 4120 715 4164 nos
733 4099 894 4164 iustificat.
924 4098 1058 4181 Optime
1073 4101 1169 4163 etiam
1222 4099 1482 4182 ignominiosam.
1538 4096 1591 4160 Ita
1623 4096 1684 4161 hoc
1715 4097 1786 4161 loco
1819 4095 1933 4176 Isaiae,
1967 4106 2004 4162 ut
2034 4102 2192 4166 maiorem

198 4187 275 4253 huic
303 4186 482 4269 prophetae
512 4184 597 4247 dicto
626 4184 801 4249 subscribit
827 4185 966 4250 Paulus:
997 4184 1051 4248 ubi
1082 4186 1169 4249 cuim
1222 4185 1437 4266 ignominiam
1470 4183 1648 4263 exprimat,
1680 4182 1766 4247 inter
1798 4183 1971 4249 sceleratos
2004 4197 2192 4268 reputatum

199 4270 308 4337 docuit
339 4271 509 4337 Christum
547 4288 606 4350 pro
638 4269 732 4334 nohis
764 4271 928 4335 victimam
960 4272 1169 4353 expiatricem
1223 4269 1323 4334 fuisse
1345 4269 1430 4335 dicit.
1477 4265 1543 4333 Sed
1566 4287 1628 4350 quo
1653 4269 1755 4332 maior
1785 4269 1846 4331 luit
1874 4269 2054 4353 ignominia
2082 4292 2192 4337 coram

198 4360 318 4424 factum
342 4379 420 4431 esse,
444 4368 481 4421 ut
502 4375 648 4420 essemus
670 4354 795 4420 iustitia
818 4356 880 4419 Dei
904 4356 937 4419 in
960 4356 1041 4439 ipso,
1072 4357 1170 4421 simul
1223 4356 1416 4430 hominibus,
1450 4374 1488 4419 eo
1513 4355 1618 4418 maior
1646 4355 1894 4420 resurrectionis
1923 4355 2026 4439 gloria
2055 4368 2192 4438 sequuta

200 4443 301 4519 addit,
323 4464 381 4524 pro
404 4440 537 4506 Christo
559 4440 721 4524 legatione
749 4442 926 4523 fungimur,
960 4454 991 4505 ct
1022 4441 1169 4507 obsecra·
1223 4450 1282 4506 est.
1322 4441 1453 4506 Marcus
1468 4439 1533 4524 (15,
1550 4438 1604 4524 28)
1628 4438 1715 4504 hunc
1736 4439 1844 4504 locum
1862 4441 1952 4522 citat,
1975 4463 2075 4524 quum
2094 4444 2192 4507 refert

199 4549 272 4594 mus
294 4549 361 4608 vos,
384 4526 729 4592 reconciliaminiDeo
751 4524 794 4610 (2.
814 4528 887 4591 Cor.
912 4528 941 4606 5,
959 4526 1023 4612 20).
1061 4526 1170 4593 Iustus
1222 4526 1391 4594 Christum
1415 4527 1502 4591 iuter
1523 4525 1604 4589 duos
1627 4525 1770 4590 latrones
1792 4546 1985 4608 suspensum
2008 4549 2087 4593 esse.
2119 4528 2192 4595 Hoc

197 4633 306 4681 sacas
332 4633 426 4677 meus.
478 4612 583 4676 Docet
612 4612 781 4677 Christum
812 4633 870 4677 nos
898 4613 1075 4679 iustificare
1104 4622 1168 4678 non
1222 4614 1309 4677 enim
1333 4621 1413 4677 tunc
1430 4612 1598 4677 verissime
1620 4610 1789 4694 impletum
1807 4624 1866 4676 est.
1908 4611 1973 4678 Sed
1995 4613 2192 4697 generaliter

198 4701 302 4766 solum
343 4710 503 4780 quatenus
543 4708 591 4762 est
631 4700 738 4777 Deus,
779 4698 835 4762 sed
873 4699 971 4763 etiam
1009 4709 1168 4780 quatenus
1220 4699 1371 4782 loquutus
1401 4710 1450 4762 est
1478 4695 1645 4780 propheta,
1678 4703 1716 4760 ut
1744 4697 1897 4762 ostendat
1927 4697 2094 4763 Christum
2125 4719 2192 4763 non

197 4787 312 4851 homo:
336 4784 489 4867 quoniam
512 4783 545 4846 in
568 4804 664 4849 carne
685 4805 745 4849 sua
768 4784 859 4849 nobis
879 4785 1036 4849 iustitiam
1060 4787 1167 4866 acqui·
1221 4785 1351 4867 vulgari
1370 4794 1474 4849 morte
1492 4781 1680 4846 defunctum
1703 4802 1783 4848 esse.
1818 4784 1953 4848 Maioris
1971 4792 2081 4848 autem
2099 4784 2191 4866 igno·

198 4873 283 4936 sivit.
327 4870 396 4934 Nec
423 4869 510 4932 enim
542 4868 619 4934 dicit
644 4871 740 4948 filius,
768 4870 825 4935 sed
852 4891 965 4935 servus
993 4891 1101 4934 mens:
1133 4881 1167 4934 ut
1220 4871 1342 4934 minias
1362 4890 1459 4935 causa
1479 4867 1581 4931 additi
1603 4877 1680 4932 sunt
1700 4868 1749 4932 illi
1779 4869 1937 4935 latrones:
1964 4880 2001 4933 ut
2028 4869 2190 4949 Christus,

195 4976 263 5022 non
287 4965 414 5020 tantum
438 4955 545 5037 ipsum
569 4956 809 5021 consideremus
831 4954 950 5035 Deum,
972 4956 1028 5021 sed
1051 4955 1166 5021 huma·
1221 4956 1316 5037 quasi
1338 4954 1586 5021 scelestissimus
1608 4953 1764 5033 omnium,
1793 4955 1828 5017 in
1851 4955 1956 5019 medio
1978 4957 2119 5036 ipsorum
2143 4955 2191 5019 lo·

196 5064 273 5107 nam
297 5050 449 5106 naturam
477 5037 770 5122 apprehendamus,
799 5043 833 5105 in
862 5063 926 5123 qua
952 5039 1165 5106 obedientiam
1219 5051 1355 5107 caretur.
1400 5040 1578 5123 Aptissima
1600 5041 1699 5124 igitur
1721 5060 1741 5103 a
1763 5040 1874 5104 Marco
1896 5040 1936 5104 ad
1959 5060 2032 5104 eam
2053 5041 2190 5106 circum·

196 5128 286 5193 illam
319 5126 495 5210 praestitit,
530 5145 595 5207 qua
625 5147 733 5191 coram
766 5127 838 5191 Deo
871 5126 1011 5192 absoluti
1043 5148 1165 5192 sumus.
1220 5128 1374 5193 stantiam
1397 5127 1450 5190 hio
1473 5125 1561 5190 locus
1582 5127 1701 5191 citatus
1724 5135 1783 5190 est.

195 5213 269 5279 Hoc
287 5215 373 5277 enim
391 5211 640 5276 fundamentum
659 5212 775 5278 salutis
792 5223 922 5277 nostrae
946 5222 1003 5288 est,
1027 5213 1113 5294 quod
1132 5233 1167 5277 sa
1304 5211 1392 5296 (Ipse
1405 5211 1589 5296 peccatum.)
1617 5211 1691 5276 Hoc
1708 5210 1853 5274 additum
1872 5220 1922 5274 est
1934 5211 2005 5276 vice
2023 5213 2191 5277 correctio·

195 5300 227 5363 in
252 5299 449 5365 sacrificium
471 5296 598 5361 obtulit.
639 5295 744 5364 Sicuti
766 5299 864 5364 etiam
884 5299 1076 5380 pronuntiat
1097 5299 1166 5380 ipse
1220 5297 1286 5364 nis:
1322 5320 1363 5361 ne
1392 5318 1494 5379 quum
1516 5297 1665 5362 audimus
1695 5295 1908 5380 ignominiam
1940 5297 2038 5363 huius
2066 5300 2190 5382 mortis,
