4784 5970
191 347 253 415 159
1071 342 1121 408 IN
1144 342 1310 409 ISAIAM
1341 380 1345 385 -
2136 338 2197 406 160

276 536 326 601 11.
348 532 489 619 (Vocant
511 532 549 597 od
570 531 684 597 orum
704 550 801 611 acen,
824 550 839 596 e
860 535 947 596 ιοννα
965 528 1033 615 etc.)
1065 530 1161 597 Post·
1184 550 1185 562 ¹
1214 528 1311 612 Quod
1329 541 1439 596 autem
1458 529 1557 610 addit,
1576 531 1719 613 loquutus
1736 550 1808 597 sum
1823 535 1852 597 et
1868 528 2036 611 addamne,
2057 525 2195 612 perinde

189 644 287 708 quam
308 618 467 704 propheta
497 616 537 682 de
566 617 781 699 praescientia
808 624 841 682 et
870 616 989 681 virtute
1018 616 1083 683 Dei
1113 617 1161 680 lo·
1213 617 1302 683 valet
1324 617 1411 681 acsi
1444 615 1579 696 diceret,
1609 615 1692 681 nihil
1721 636 1741 681 a
1769 637 1804 683 se
1833 617 1955 683 trustra
1984 612 2193 699 praedictum

189 715 308 793 quutus
331 714 396 780 est,
426 702 649 769 accommodat
668 700 856 786 generalem
878 702 1076 769 sententiam
1099 723 1185 785 qua¹
1214 722 1295 779 esse,
1318 710 1415 785 atque
1436 702 1498 769 hoc
1520 702 1720 779 vaticinium,
1749 700 1835 785 quod
1856 700 2065 786 promulgari
2086 700 2190 780 iussit,

189 815 268 860 usus
288 800 339 857 est
361 790 403 854 ad
424 788 613 854 institutum
634 809 740 853 suum.
781 785 919 853 Iudaeos
940 787 1029 852 enim
1051 807 1162 854 conso-
1214 785 1401 855 habendum
1435 808 1493 871 pro
1526 809 1562 854 re
1594 787 1764 872 completa.
1809 788 1959 853 Primum
1991 787 2099 872 igitur
2132 784 2190 853 hoc

188 878 251 944 lari
274 876 416 958 volebat,
444 885 542 957 atque
564 872 733 939 ostendere
755 893 821 937 non
845 873 892 973 ita
913 893 984 938 esse
1015 875 1049 937 in
1079 874 1162 939 exsi·
1213 873 1397 939 membrum
1419 873 1526 957 posuit
1548 873 1590 939 ad
1608 871 1841 941 adstruendam
1861 872 1925 938 sibi
1946 871 2066 938 fidem:
2088 871 2190 937 altero

189 965 270 1030 lium
288 960 454 1038 abductos,
472 961 551 1042 quin
570 980 644 1041 spes
662 958 932 1042 maneretahqua
949 958 1162 1025 liberationis.
1215 968 1324 1023 autem
1347 959 1464 1024 coniun
1491 959 1516 1024 't
1537 959 1751 1044 cogitationes
1772 980 1848 1025 suas
1869 978 1946 1025 oum
1973 957 2077 1024 verbo
2098 977 2190 1041 prae·

189 1050 341 1133 Speciem
370 1067 448 1131 ergo
476 1044 661 1129 subiungit,
696 1057 792 1127 atque
824 1044 952 1129 Cyrum
985 1055 1162 1109 venturum
1215 1044 1329 1110 dicato.
1386 1042 1459 1124 Quo
1515 1042 1690 1129 diligenter
1722 1042 1901 1110 notandum
1934 1051 1999 1109 est:
2036 1043 2189 1126 qnoniam

190 1134 361 1220 promittit,
384 1131 511 1195 tametsi
533 1129 567 1194 id
589 1129 777 1195 incredibile
799 1129 974 1195 videretur.
1019 1130 1083 1196 Ubi
1102 1152 1162 1215 ego
1215 1130 1316 1195 variis
1338 1130 1588 1214 cogitationibus
1610 1128 1840 1210 distrahimur,
1869 1150 1906 1196 ac
1932 1127 2127 1195 dubitemne
2147 1148 2188 1194 an

190 1220 420 1306 cogitationem
437 1215 574 1292 reddidi,
596 1216 792 1299 interpretes
810 1215 876 1280 lere
895 1224 1031 1281 vertunt
1049 1236 1162 1282 avem:
1215 1216 1307 1281 Deus
1324 1237 1366 1281 ex
1384 1216 1494 1280 animo
1511 1216 1664 1299 loquutus
1685 1216 1744 1280 sit:
1768 1236 1907 1300 eumque
1925 1214 2020 1281 nobis
2038 1213 2188 1291 similem,

190 1315 224 1373 ct
249 1312 335 1371 certe
364 1303 445 1368 haec
474 1302 619 1385 genuina
647 1314 697 1365 est
729 1299 819 1366 vocis
845 1301 1049 1384 significatio.
1095 1300 1162 1368 Sed
1214 1300 1247 1366 id
1270 1308 1329 1379 est,
1352 1301 1512 1384 duplicem
1536 1311 1592 1367 aut
1621 1302 1844 1367 simulatorem
1873 1320 1945 1367 esse
1973 1300 2214 1384 suspicamur.¹

190 1412 290 1475 quum
318 1410 360 1455 ex
388 1386 537 1452 Danielis
564 1386 706 1451 secundo
732 1386 775 1472 (v.
801 1386 854 1471 14)
883 1386 1035 1471 colligere
1066 1386 1163 1453 liceat
1215 1390 1260 1451 At
1283 1386 1366 1450 nihil
1389 1407 1463 1451 aee
1484 1387 1575 1452 exire
1596 1388 1790 1470 pronuntiat
1811 1387 1874 1453 nisi
1896 1383 1985 1470 quod
2003 1386 2075 1451 iam
2092 1399 2188 1449 antea

190 1498 249 1561 pro
271 1474 405 1540 consilio
428 1472 591 1537 interdum
614 1473 698 1537 sumi
727 1472 819 1558 (nam
840 1473 1027 1555 epenthesis
1048 1472 1105 1537 illa
1127 1472 1161 1536 in
1215 1472 1302 1555 apud
1332 1493 1367 1537 se
1399 1471 1567 1537 statuerit:
1599 1473 1646 1538 ita
1678 1483 1714 1538 ut
1746 1472 1943 1556 praedicatio
1976 1472 2073 1538 verbi
2108 1470 2189 1536 nihil

191 1563 321 1627 nomine
343 1572 399 1634 'etit
423 1557 597 1624 Chaldaeis
620 1558 741 1623 usitata
761 1557 825 1642 est)
846 1558 934 1623 malo
956 1558 1042 1624 hano
1062 1559 1163 1623 inter·
1215 1556 1303 1622 aliud
1337 1558 1379 1622 sit
1412 1577 1511 1640 quam
1543 1568 1671 1624 certum
1704 1557 1926 1625 testimoninm
1965 1555 2087 1623 occulti
2122 1557 2188 1622 eins

191 1647 406 1731 pretationem
427 1644 528 1726 sequi,
551 1653 588 1707 ut
606 1643 766 1708 Hebraeis
783 1643 977 1726 quibusdam
997 1644 1161 1726 probatur.
1215 1641 1352 1725 consilii,
1375 1641 1459 1724 quod
1482 1643 1575 1709 nobis
1597 1644 1745 1726 patefieri
1767 1644 1865 1710 iubet.
1897 1643 1966 1708 Nos
1988 1664 2071 1728 ergo
2094 1642 2188 1709 simul

191 1733 325 1798 Interea
346 1730 418 1795 fieri
439 1738 547 1811 potest
570 1737 607 1792 ut
629 1727 753 1794 alludat
775 1730 815 1794 ad
839 1750 944 1807 avem,
968 1750 1005 1796 ac
1028 1730 1056 1795 si
1078 1728 1162 1795 dice-
1215 1742 1312 1810 atque
1345 1728 1507 1793 Dominus
1541 1748 1652 1793 vocem
1686 1729 1828 1815 aliquam
1859 1728 2015 1812 protulit,
2049 1726 2091 1794 de
2120 1730 2187 1793 eius

191 1827 243 1885 ret
263 1816 406 1884 subitum
430 1814 499 1879 iore
518 1813 703 1879 consilium:
727 1836 787 1881 nee
809 1835 956 1899 repugno
978 1815 1057 1897 quin
1079 1815 1162 1881 cele·
1215 1815 1333 1880 effectu
1355 1815 1435 1879 certi
1458 1834 1530 1879 esse
1552 1813 1718 1880 debemus.

192 1905 322 1969 ritatem
345 1901 508 1965 adventus
531 1899 613 1983 Oyri
639 1907 752 1965 notare
782 1900 870 1966 velit.
922 1899 1017 1981 Quod
1049 1922 1163 1966 rursus
1485 1943 1490 1954 -
1793 1945 1800 1958 .
2081 1942 2089 1955 .

191 1985 1164 2159 &astatadstatfuttutsutttutto
1216 1940 1853 2178 qaibliltdtmjti'tb
1872 1943 2189 2179 ἒιζιιξξιιέἕ

191 2159 337 2226 membro
359 2177 477 2256 nomen
499 2170 555 2232 usp
578 2175 638 2238 pro
660 2157 854 2255 cogitatione
878 2157 928 2221 vel
947 2158 1076 2257 decreto
1094 2178 1165 2222 esse
1216 2136 1310 2263 {¹32
1329 2134 1461 2263 ⁰22¹}ae
1484 2123 1813 2266 ἓῖῗοθῗδῗΐέῗῑξέιὶ
1833 2135 1937 2266 &big
1960 2135 2026 2265 ¹¹30
2072 2134 2190 2265 35⁸2·

192 2247 344 2330 mitum·
378 2243 507 2342 -mem
529 2252 638 2306 antem
661 2242 923 2341 ⁰⁰⁰5¹l¹¹·v⁰⁰⁸t'
951 2263 1027 2325 ΨΜ
1056 2243 1165 2307 dwe'
1217 2221 1401 2367 dignisiimi
1424 2295 1520 2349 erant
1565 2306 1701 2368 quorum
1724 2287 1825 2352 animi
1847 2220 2189 2370 nullagbrohissione,

193 2344 265 2396 tum
287 2330 422 2428 qulm
444 2337 648 2409 exsequetur'
693 2327 731 2392 8¹
754 2348 805 2393 ⁰⁰¹
833 2336 942 2392 tamen
972 2327 1079 2427 piam
1105 2347 1164 2391 Μ’
1217 2370 1309 2435 nulla
1338 2370 1401 2434 Dei
1431 2335 1582 2436 ultro⁹se
1611 2372 1778 2436 offerentia
1807 2371 2022 2455 quantumvis
2049 2370 2190 2454 beniffm

193 2435 385 2587 artua
399 2411 1165 2581 tuatutatuta‘statut
1216 2455 1771 2624 qugpppt-quq,
1797 2456 1962 2628 pgng
1988 2456 2132 2608 qq
2140 2455 2190 2605 q

193 2673 370 2738 videretur.
419 2670 570 2752 Repente
598 2668 722 2734 invasit
750 2668 955 2754 Babylonem
985 2679 1081 2752 atque
1108 2694 1165 2736 ex·
1217 2628 1354 2691 ”mm
1376 2628 1509 2691 ianuam
1530 2628 1680 2693 ⁰¹⁸⁰&oe
1702 2628 1824 2694 ²¹¹¹ffi⁰
1846 2628 1909 2694 Dei
1935 2636 2071 2712 μορίω
2099 2646 2190 2694 mm

193 2757 372 2843 pugnavit,
402 2775 503 2837 quum
525 2764 636 2819 tamen
659 2753 816 2821 Chaldaei
838 2753 966 2820 nullum
989 2756 1020 2821 ei
1042 2756 1165 2856 aditum
1218 2713 1835 2879 ggssffiazffissegusseti?mezllff‘gg
1854 2714 1907 2865 ‘33¹
1930 2711 2190 2882 &gaiana

193 2851 307 2927 patere
329 2842 564 2907 existimarent.
598 2841 712 2905 Potest
730 2841 828 2906 etiam
847 2841 920 2917 dici,
942 2843 970 2906 si
990 2843 1041 2906 oui
1061 2864 1167 2926 magis
1193 2896 1194 2957 ι
1219 2885 1400 2967 projiciunt,
1428 2894 1465 2947 ut
1486 2884 1594 2967 palam
1616 2885 1772 2952 ferooifflt
1800 2896 1914 2952 mum
1934 2884 2056 2951 Deum·
2102 2883 2191 2949 Ano.

193 2926 982 3097 {rattruutauulaudula
1002 2928 1166 3078 aust
1219 2969 1512 3134 ngqup
1525 2972 1610 3121 ,q
1622 2970 2191 3141 qqqqqququ

197 3097 372 3180 astrologia
394 3096 562 3160 iudiciaria
585 3096 769 3175 utebantur,
792 3098 837 3160 ita
859 3099 967 3161 avium
991 3098 1118 3163 volatus
1136 3110 1168 3162 et
1220 3143 1343 3205 abiecto
1375 3139 1438 3204 Dei
1472 3141 1603 3216 timore,
1636 3142 1844 3208 insaniebant
1876 3162 1980 3227 magle
2013 3162 2052 3208 80
2088 3141 2191 3224 magis

197 3185 342 3267 garritus
372 3181 603 3258 observabant,
645 3191 741 3263 atque
781 3183 1013 3246 existimabant
1045 3193 1193 3248 cenam,

197 3290 266 3334 esse
290 3267 460 3333 scient-iam
483 3286 592 3329 rerum
615 3266 809 3330 futurarum.
847 3267 1010 3332 Dominus
1032 3289 1110 3333 vero
1133 3291 1167 3334 se
1192 3247 1193 3323 ι
1220 3225 1491 3308 q⁰⁰m⁸dm⁰d⁰m
1514 3225 1610 3292 h⁰d¹⁰
1625 3228 1737 3294 mum
1753 3251 1812 3295 ¹¹⁵⁰
1828 3240 1926 3305 vemt’
1949 3247 2006 3310 qm
2025 3246 2190 3293 mmmm

531 3350 771 3450 auem
1220 3311 1521 3376 *³
1551 3312 2190 3465 thail*m

196 3441 282 3505 M¹h¹
305 3450 416 3504 ΜΘΗ
438 3457 528 3537 pnl‘r
551 3451 707 3537 ⁰¹P⁰⁸¹t¹9
725 3459 830 3522 m⁸g¹⁸
849 3437 969 3537 blm?
991 3460 1108 3522 nimpe
1130 3451 1168 3504 ¹¹⁸
1192 3475 1193 3531 l
1220 3481 1444 3547 admittebant,
1497 3447 1535 3549 Si
1563 3485 1614 3548 cui
1648 3421 1906 3568 magisgplaceat
1937 3483 2101 3549 iustitiam
2135 3502 2191 3566 pro

196 3526 319 3590 alludat
342 3523 383 3588 ad
405 3524 603 3588 celeritatem
626 3523 719 3607 Gyri:
753 3535 851 3606 atque
877 3526 1039 3607 srgnrlicet
1061 3526 1168 3591 nullas
1192 3582 1195 3584 .
1220 3568 1283 3634 Dei
1306 3568 1435 3646 auxilio,
1469 3579 1506 3633 ut
1528 3589 1606 3634 mox
1634 3573 1781 3652 proximo
1803 3593 1910 3646 vomu,
1940 3571 2037 3647 gumi,
2065 3570 2192 3635 fruatur

197 3613 227 3676 ei
250 3612 321 3675 vias
340 3611 525 3692 praeclusae
543 3611 619 3685 lore,
643 3608 750 3674 nullas
768 3609 965 3675 munitiones
983 3610 1168 3676 obstaturus
1192 3670 1193 3688 ,
1869 3658 1875 3671 .

198 3697 371 3777 quominus
404 3696 438 3758 in
472 3694 676 3777 Babylonem
711 3695 821 3758 statim
856 3703 1012 3778 penetret.
1058 3696 1167 3778 Quum
1220 3675 1279 3719 ⁸¹¹⁰
1301 3674 1410 3719 ⁸⁰⁰⁸u‘
1435 3654 1514 3752 Μ
1536 3675 1614 3720 vem
1636 3657 1722 3755 ¹3¹³ss
1739 3668 1903 3735 ⁰⁰¹¹V⁰¹¹¹b
1924 3674 1963 3721 ⁰⁰
1979 3653 2067 3755 ΨΜ.
2085 3655 2192 3752 ΒΨ

198 3782 277 3846 dicit
298 3780 337 3845 ab
356 3781 479 3855 oriente,
509 3779 571 3843 hoc
592 3798 660 3843 non
682 3780 786 3844 solum
809 3782 949 3862 pertinet
970 3782 1012 3846 ad
1033 3785 1168 3848 certitu·
1219 3740 1392 3840 rmum!
1415 3751 1710 3840 ⁰¹⁰⁸qi¹⁰3¹³i¹³m
1732 3754 1891 3826 ”spuunt
1911 3740 2068 3807 (ΜΒΝ
2088 3742 2192 3841 ΨΜ

1221 3847 1295 3904 nes,
1328 3847 1384 3907 qur
1417 3845 1584 3906 promrssrs
1617 3849 1686 3892 erus
1715 3827 1893 3894 adhaerere
1921 3847 1987 3892 non
2017 3836 2191 3893 suennent

199 3867 307 3930 dinem
338 3865 574 3964 promissionis:
608 3864 666 3962 sed
695 3876 730 3928 ut
759 3866 864 3931 sciant
893 3866 986 3966 nulla
1014 3866 1170 3966 distantia
1221 3910 1291 3976 Sibi
1315 3911 1403 3976 enim
1426 3911 1535 3975 aneo
1558 3911 1711 3978 benefieri
1733 3934 1797 3978 non
1842 3915 1990 3979 atium?
2044 3914 2118 3977 uio
2142 3930 2190 3977 em

199 3951 252 4016 vel
275 3952 511 4034 longmqurtate
543 3949 665 4013 tardari
693 3971 785 4032 posse
813 3972 895 4033 opus
918 3951 998 4018 Der:
1032 3952 1169 4034 ideoque
1221 3998 1300 4080 ipsis
1323 4017 1416 4061 suam
1438 3995 1603 4061 offerebat·
1819 3935 1840 3997 Ρ
1990 3932 2042 3995 ’q
2119 3933 2141 3996 P

200 4036 341 4102 secundo
363 4033 508 4099 membro
531 4035 742 4117 expositionis
772 4037 842 4101 vioe
870 4036 1018 4121 additur,
1047 4045 1170 4103 eterra

199 4122 377 4205 lonqinquo.
422 4121 510 4185 Hinc
533 4120 694 4186 discamus
716 4120 750 4183 in
774 4140 870 4201 quem
899 4122 998 4187 finem
1029 4124 1169 4189 conferri
1309 4124 1359 4188 13.
1382 4121 1663 4208 (Appropiaquare
1682 4126 1825 4212 sociant.)
1865 4126 1903 4193 Si
1925 4128 2030 4212 magis
2052 4126 2193 4193 arrideat

200 4206 339 4273 debeant
360 4226 569 4288 quaecunque
592 4207 712 4288 passim
735 4206 774 4269 de
804 4209 1015 4287 praescientia
1041 4222 1074 4273 et
1102 4210 1169 4273 vir·
1222 4208 1309 4291 quod
1331 4231 1436 4292 nuper
1458 4210 1544 4286 dixi,
1573 4213 1682 4276 vocari
1704 4223 1844 4278 remotos
1865 4235 1886 4277 a
1907 4213 2033 4279 iustitia
2065 4214 2122 4296 qui
2143 4232 2192 4278 ca·

199 4304 270 4358 tute
293 4291 356 4357 Dei
378 4291 516 4373 legimus
538 4293 571 4355 in
595 4292 773 4372 scripturis.
818 4292 886 4357 Nec
908 4294 993 4357 enim
1017 4294 1169 4358 dicuntur
1222 4315 1318 4375 paces
1340 4316 1404 4359 non
1427 4304 1504 4359 sunt
1526 4295 1589 4360 Dei
1610 4298 1743 4381 gratiae,
1767 4297 1878 4363 eadem
1901 4299 2047 4365 manebit
2069 4299 2192 4384 signifi·

199 4380 262 4444 ista
284 4385 322 4441 ut
343 4377 535 4440 haereamus
558 4377 716 4458 suspensi,
741 4376 798 4441 sed
815 4377 896 4441 utin
912 4399 1006 4442 usum
1022 4390 1170 4444 nostrum
1222 4380 1324 4445 catio:
1357 4381 1409 4446 sin
1443 4401 1521 4445 vero
1550 4383 1724 4467 recipimus
1754 4384 1868 4467 procul
1895 4385 1993 4449 fuisse
2022 4403 2043 4448 a
2072 4384 2193 4450 iustitia

199 4461 488 4529 accommodemus.
532 4461 603 4525 Iam
627 4462 722 4527 tacite
748 4464 883 4544 opponit
913 4464 1083 4528 consilium
1106 4464 1169 4528 Dei
1222 4465 1369 4543 Iudaeos,
1393 4465 1468 4547 quia
1490 4477 1526 4530 ut
1543 4468 1649 4533 solent
1668 4470 1829 4553 desperati
1851 4469 2000 4536 homines
2017 4470 2193 4536 sceleribus

199 4549 321 4614 nostris
343 4546 606 4630 cogitationibus:
640 4547 791 4629 quoniam
811 4548 857 4611 ita
879 4549 996 4613 liberat
1017 4571 1102 4626 suos,
1133 4559 1171 4613 ut
1223 4550 1322 4615 dediti
1344 4562 1447 4627 erant,
1470 4553 1532 4617 erit
1553 4555 1711 4620 concinna
1729 4555 1902 4621 antithesis
1919 4555 2005 4620 inter
2022 4555 2191 4620 hominum

200 4657 268 4700 non
290 4633 393 4716 possit
415 4632 497 4696 ratio
521 4631 560 4694 ab
583 4633 768 4697 hominibus
790 4633 1032 4714 comprehendi.
1074 4636 1169 4700 Tam·
1222 4645 1255 4701 ct
1283 4636 1345 4701 Dei
1375 4637 1544 4702 iustitiam.
1590 4639 1749 4720 Quamvis
1782 4661 1860 4725 ergo
1893 4639 1933 4705 ab
1965 4644 2055 4706 omni
2088 4639 2192 4707 studio

199 4721 260 4786 etsi
284 4740 360 4803 ergo
389 4716 578 4783 incredibile
607 4716 736 4782 videtur
764 4717 849 4800 quod
879 4720 1040 4802 promittit
1070 4720 1169 4797 Deus,
1221 4722 1352 4803 pietatis
1375 4720 1559 4801 defecerint,
1589 4736 1621 4789 et
1643 4725 1777 4791 alienati
1799 4727 1864 4791 sint
1886 4724 2008 4804 Iudaei,
2031 4727 2126 4793 Deus
2148 4734 2193 4790 ta·

200 4806 279 4873 dicit
301 4816 411 4869 tamen
433 4802 495 4866 sibi
518 4802 612 4867 facile
634 4802 720 4867 viam
753 4804 1008 4885 patefacturum,
1039 4826 1079 4869 ne
1102 4813 1170 4870 tam
1224 4827 1298 4870 men
1338 4828 1431 4871 suam
1470 4809 1628 4874 iustitiam
1670 4811 1813 4877 affirmat
1851 4812 2071 4896 propinquam
2115 4831 2192 4878 cese.

200 4891 303 4957 ardua
325 4891 395 4955 eius
417 4887 552 4954 consilia
574 4889 705 4971 ingenio
725 4900 836 4953 nostro
860 4890 1041 4954 metiamur.
1223 4890 1326 4972 Quasi
1349 4891 1480 4970 diceret,
1501 4894 1764 4962 incredulitatem
1783 4897 1964 4962 maximum
1982 4896 2116 4983 quidem
2134 4898 2193 4962 im-

287 4974 469 5059 (Coyitaai)
523 4971 590 5037 Alii
623 4983 757 5037 vortunt
789 4974 942 5039 formavi:
976 4973 1033 5039 sed
1066 4975 1171 5058 magis
1195 4972 1198 5039 l
1223 4976 1446 5058 pedimentum
1469 4999 1555 5044 esse:
1589 4981 1645 5047 sed
1668 4991 1779 5047 tamen
1803 4981 1959 5048 eiusmodi
1983 4993 2021 5048 ut
2045 4982 2119 5049 Deo
2139 4983 2192 5049 ob-

201 5060 362 5143 quadrare
380 5057 521 5139 videtur,
543 5069 581 5122 ut
599 5071 652 5125 aar
671 5059 732 5123 hoc
752 5059 820 5125 loco
838 5061 980 5144 cogitare
998 5059 1169 5143 significet.
1224 5073 1310 5127 stare
1333 5084 1401 5128 non
1429 5065 1550 5147 possit,
1579 5067 1656 5148 quin
1682 5068 1829 5133 veritatis
1857 5088 1935 5134 suae
1964 5070 2032 5134 vim
2063 5069 2194 5136 tandem

201 5147 382 5212 Confirmat
404 5157 513 5210 autem
535 5143 619 5226 quod
642 5152 739 5208 antea
761 5143 859 5208 dixit:
894 5166 1010 5229 nempe
1037 5145 1098 5211 hoc
1124 5147 1171 5210 ita
1223 5149 1405 5229 patefaciat.
1449 5150 1518 5215 Nec
1540 5153 1643 5231 enim,
1672 5162 1710 5217 ut
1738 5154 1784 5218 ait
1813 5154 1936 5220 Paulus
1964 5154 2075 5238 (Rom.
2097 5156 2131 5237 3,
2152 5154 2194 5239 3),

201 5252 274 5297 ase
292 5232 511 5313 constitutum,
531 5230 665 5314 ideoque
683 5230 750 5295 lore
769 5230 883 5295 stabile
902 5243 935 5297 et
949 5230 1168 5299 irrevocabile.
1196 5232 1200 5292 l
1224 5234 1433 5301 incredulitas
1456 5236 1635 5315 hominum,
1658 5239 1830 5306 veritatem
1853 5239 1917 5306 Dei
1939 5240 2068 5307 irritam
2090 5241 2195 5309 lacere

194 2588 273 2667 Cyri
306 2585 467 2650 adventus
501 2583 578 2663 fuit,
619 2593 656 2647 ut
689 2590 845 2665 tanquam
886 2584 957 2650 avis
995 2583 1165 2650 advolasse
