<?xml version="1.0" encoding="UTF-8"?>
<!DOCTYPE html PUBLIC "-//W3C//DTD XHTML 1.0 Transitional//EN"
    "http://www.w3.org/TR/xhtml1/DTD/xhtml1-transitional.dtd">
<html xmlns="http://www.w3.org/1999/xhtml" xml:lang="en" lang="en">
 <head>
  <title>
</title>
<meta http-equiv="Content-Type" content="text/html;charset=utf-8" />
  <meta name='ocr-system' content='tesseract 3.04.00' />
  <meta name='ocr-capabilities' content='ocr_page ocr_carea ocr_par ocr_line ocrx_word'/>
</head>
<body>
  <div class='ocr_page' id='page_1' title='image "./corpusreformato04melagoog_0365.png"; bbox 0 0 4784 5970; ppageno 0'>
   <div class='ocr_carea' id='block_1_1' title="bbox 190 300 2196 407">
    <p class='ocr_par' dir='ltr' id='par_1_1' title="bbox 190 300 2196 407">
     <span class='ocr_line' id='line_1_1' title="bbox 190 300 2196 407; baseline -0.004 0"><span class='ocrx_word' id='word_1_1' title='bbox 190 341 255 407; x_wconf 83' lang='lat' dir='ltr'>eea</span> <span class='ocrx_word' id='word_1_2' title='bbox 991 300 1376 403; x_wconf 74' lang='lat' dir='ltr'>passuummnue</span> <span class='ocrx_word' id='word_1_3' title='bbox 2142 330 2196 398; x_wconf 77' lang='lat' dir='ltr'>roo</span> 
     </span>
    </p>
   </div>
   <div class='ocr_carea' id='block_1_2' title="bbox 185 519 2204 5316">
    <p class='ocr_par' dir='ltr' id='par_1_2' title="bbox 185 519 2204 5316">
     <span class='ocr_line' id='line_1_2' title="bbox 187 519 2195 675; baseline -0.003 -81"><span class='ocrx_word' id='word_1_4' title='bbox 187 539 253 614; x_wconf 86' lang='lat' dir='ltr'>res)</span> <span class='ocrx_word' id='word_1_5' title='bbox 276 540 371 610; x_wconf 89' lang='lat' dir='ltr'>atque</span> <span class='ocrx_word' id='word_1_6' title='bbox 390 527 429 591; x_wconf 91' lang='lat' dir='ltr'>ad</span> <span class='ocrx_word' id='word_1_7' title='bbox 446 525 652 591; x_wconf 81' lang='lat' dir='ltr'>raucedinem</span> <span class='ocrx_word' id='word_1_8' title='bbox 669 545 770 607; x_wconf 91' lang='lat' dir='ltr'>usque</span> <span class='ocrx_word' id='word_1_9' title='bbox 785 523 914 601; x_wconf 83' lang='lat' dir='ltr'>elamet,</span> <span class='ocrx_word' id='word_1_10' title='bbox 936 522 1028 589; x_wconf 90' lang='lat' dir='ltr'>Deus</span> <span class='ocrx_word' id='word_1_11' title='bbox 1048 535 1159 591; x_wconf 89' lang='lat' dir='ltr'>tamen</span> <span class='ocrx_word' id='word_1_12' title='bbox 1212 526 1422 602; x_wconf 89' lang='lat' dir='ltr'>demonstrat,</span> <span class='ocrx_word' id='word_1_13' title='bbox 1459 525 1536 675; x_wconf 53' lang='lat' dir='ltr'>quia</span> <span class='ocrx_word' id='word_1_14' title='bbox 1568 525 1692 593; x_wconf 88' lang='lat' dir='ltr'>scilicet</span> <span class='ocrx_word' id='word_1_15' title='bbox 1724 526 1889 593; x_wconf 89' lang='lat' dir='ltr'>noluerint</span> <span class='ocrx_word' id='word_1_16' title='bbox 1921 522 2045 589; x_wconf 86' lang='lat' dir='ltr'>subire</span> <span class='ocrx_word' id='word_1_17' title='bbox 2077 519 2195 604; x_wconf 75' lang='lat' dir='ltr'>iugum</span> 
     </span>
     <span class='ocr_line' id='line_1_3' title="bbox 189 605 2107 696; baseline -0.004 -17"><span class='ocrx_word' id='word_1_18' title='bbox 189 615 268 680; x_wconf 88' lang='lat' dir='ltr'>dicit</span> <span class='ocrx_word' id='word_1_19' title='bbox 290 635 355 678; x_wconf 92' lang='lat' dir='ltr'>non</span> <span class='ocrx_word' id='word_1_20' title='bbox 378 632 598 694; x_wconf 75' lang='lat' dir='ltr'><strong>responsuros.</strong></span> <span class='ocrx_word' id='word_1_21' title='bbox 643 610 717 677; x_wconf 91' lang='lat' dir='ltr'>Hoc</span> <span class='ocrx_word' id='word_1_22' title='bbox 738 612 859 677; x_wconf 89' lang='lat' dir='ltr'>certius</span> <span class='ocrx_word' id='word_1_23' title='bbox 883 610 1026 676; x_wconf 77' lang='lat' dir='ltr'><strong>ostendit</strong></span> <span class='ocrx_word' id='word_1_24' title='bbox 1047 631 1159 675; x_wconf 91' lang='lat' dir='ltr'>eorum</span> <span class='ocrx_word' id='word_1_25' title='bbox 1211 610 1277 675; x_wconf 88' lang='lat' dir='ltr'>Hic</span> <span class='ocrx_word' id='word_1_26' title='bbox 1303 630 1381 696; x_wconf 79' lang='lat' dir='ltr'>erge</span> <span class='ocrx_word' id='word_1_27' title='bbox 1410 609 1556 678; x_wconf 89' lang='lat' dir='ltr'>excudit</span> <span class='ocrx_word' id='word_1_28' title='bbox 1583 631 1697 678; x_wconf 89' lang='lat' dir='ltr'>omnes</span> <span class='ocrx_word' id='word_1_29' title='bbox 1726 612 1857 690; x_wconf 83' lang='lat' dir='ltr'>colores,</span> <span class='ocrx_word' id='word_1_30' title='bbox 1888 607 2017 694; x_wconf 79' lang='lat' dir='ltr'>quihus</span> <span class='ocrx_word' id='word_1_31' title='bbox 2049 605 2107 672; x_wconf 90' lang='lat' dir='ltr'>oht</span> 
     </span>
     <span class='ocr_line' id='line_1_4' title="bbox 189 694 2196 783; baseline -0.004 -18"><span class='ocrx_word' id='word_1_32' title='bbox 189 700 414 783; x_wconf 87' lang='lat' dir='ltr'>pervicaciam,</span> <span class='ocrx_word' id='word_1_33' title='bbox 437 698 519 780; x_wconf 90' lang='lat' dir='ltr'>quod</span> <span class='ocrx_word' id='word_1_34' title='bbox 547 717 614 762; x_wconf 92' lang='lat' dir='ltr'>non</span> <span class='ocrx_word' id='word_1_35' title='bbox 637 695 732 762; x_wconf 93' lang='lat' dir='ltr'>modo</span> <span class='ocrx_word' id='word_1_36' title='bbox 761 695 854 761; x_wconf 87' lang='lat' dir='ltr'>surdi</span> <span class='ocrx_word' id='word_1_37' title='bbox 877 705 955 762; x_wconf 91' lang='lat' dir='ltr'>sunt</span> <span class='ocrx_word' id='word_1_38' title='bbox 985 696 1026 760; x_wconf 90' lang='lat' dir='ltr'>ad</span> <span class='ocrx_word' id='word_1_39' title='bbox 1048 716 1160 762; x_wconf 86' lang='lat' dir='ltr'>vocem</span> <span class='ocrx_word' id='word_1_40' title='bbox 1212 705 1363 779; x_wconf 89' lang='lat' dir='ltr'>poterant</span> <span class='ocrx_word' id='word_1_41' title='bbox 1395 696 1508 762; x_wconf 87' lang='lat' dir='ltr'>Iudaei</span> <span class='ocrx_word' id='word_1_42' title='bbox 1535 717 1628 763; x_wconf 87' lang='lat' dir='ltr'>suam</span> <span class='ocrx_word' id='word_1_43' title='bbox 1662 697 1877 783; x_wconf 86' lang='lat' dir='ltr'>impietatem,</span> <span class='ocrx_word' id='word_1_44' title='bbox 1911 694 2069 779; x_wconf 83' lang='lat' dir='ltr'>qualiter</span> <span class='ocrx_word' id='word_1_45' title='bbox 2095 711 2133 757; x_wconf 90' lang='lat' dir='ltr'>se</span> <span class='ocrx_word' id='word_1_46' title='bbox 2183 704 2196 758; x_wconf 93' lang='lat' dir='ltr'>t</span> 
     </span>
     <span class='ocr_line' id='line_1_5' title="bbox 188 779 2196 867; baseline -0.002 -18"><span class='ocrx_word' id='word_1_47' title='bbox 188 786 261 863; x_wconf 93' lang='lat' dir='ltr'>Dei,</span> <span class='ocrx_word' id='word_1_48' title='bbox 284 798 317 849; x_wconf 91' lang='lat' dir='ltr'>et</span> <span class='ocrx_word' id='word_1_49' title='bbox 338 784 508 867; x_wconf 79' lang='lat' dir='ltr'>negligunt</span> <span class='ocrx_word' id='word_1_50' title='bbox 523 782 702 866; x_wconf 78' lang='lat' dir='ltr'><strong>simplicem</strong></span> <span class='ocrx_word' id='word_1_51' title='bbox 719 780 910 859; x_wconf 89' lang='lat' dir='ltr'>doctrinam,</span> <span class='ocrx_word' id='word_1_52' title='bbox 933 780 988 847; x_wconf 90' lang='lat' dir='ltr'>sed</span> <span class='ocrx_word' id='word_1_53' title='bbox 1004 781 1160 847; x_wconf 88' lang='lat' dir='ltr'>clamosas</span> <span class='ocrx_word' id='word_1_54' title='bbox 1212 782 1411 866; x_wconf 82' lang='lat' dir='ltr'>hypocritae.</span> <span class='ocrx_word' id='word_1_55' title='bbox 1456 781 1534 847; x_wconf 93' lang='lat' dir='ltr'>Ideo</span> <span class='ocrx_word' id='word_1_56' title='bbox 1556 782 1722 864; x_wconf 78' lang='lat' dir='ltr'>exprimit,</span> <span class='ocrx_word' id='word_1_57' title='bbox 1751 805 1805 850; x_wconf 93' lang='lat' dir='ltr'>eos</span> <span class='ocrx_word' id='word_1_58' title='bbox 1826 802 1898 850; x_wconf 86' lang='lat' dir='ltr'>esse</span> <span class='ocrx_word' id='word_1_59' title='bbox 1920 779 2104 858; x_wconf 80' lang='lat' dir='ltr'>indociles,</span> <span class='ocrx_word' id='word_1_60' title='bbox 2124 780 2196 861; x_wconf 80' lang='lat' dir='ltr'>quia</span> 
     </span>
     <span class='ocr_line' id='line_1_6' title="bbox 188 863 2197 952; baseline -0.002 -17"><span class='ocrx_word' id='word_1_61' title='bbox 188 872 287 935; x_wconf 76' lang='lat' dir='ltr'>edam</span> <span class='ocrx_word' id='word_1_62' title='bbox 309 869 554 936; x_wconf 77' lang='lat' dir='ltr'>exhortationes</span> <span class='ocrx_word' id='word_1_63' title='bbox 575 877 785 952; x_wconf 90' lang='lat' dir='ltr'>praetereunt</span> <span class='ocrx_word' id='word_1_64' title='bbox 807 868 929 951; x_wconf 89' lang='lat' dir='ltr'>absque</span> <span class='ocrx_word' id='word_1_65' title='bbox 959 867 1027 932; x_wconf 89' lang='lat' dir='ltr'>ulla</span> <span class='ocrx_word' id='word_1_66' title='bbox 1055 877 1160 932; x_wconf 84' lang='lat' dir='ltr'>atten-</span> <span class='ocrx_word' id='word_1_67' title='bbox 1212 889 1277 932; x_wconf 93' lang='lat' dir='ltr'>non</span> <span class='ocrx_word' id='word_1_68' title='bbox 1308 868 1467 952; x_wconf 88' lang='lat' dir='ltr'>recipiant</span> <span class='ocrx_word' id='word_1_69' title='bbox 1495 867 1711 952; x_wconf 74' lang='lat' dir='ltr'><strong>disciplinam.</strong></span> <span class='ocrx_word' id='word_1_70' title='bbox 1760 869 1888 936; x_wconf 86' lang='lat' dir='ltr'>Nomen</span> <span class='ocrx_word' id='word_1_71' title='bbox 1918 879 2007 935; x_wconf 76' lang='lat' dir='ltr'>&#39;torn</span> <span class='ocrx_word' id='word_1_72' title='bbox 2039 863 2197 948; x_wconf 70' lang='lat' dir='ltr'>accipitur</span> 
     </span>
     <span class='ocr_line' id='line_1_7' title="bbox 189 950 2197 1040; baseline -0.001 -21"><span class='ocrx_word' id='word_1_73' title='bbox 189 959 285 1021; x_wconf 90' lang='lat' dir='ltr'>tione.</span> <span class='ocrx_word' id='word_1_74' title='bbox 330 956 448 1019; x_wconf 80' lang='lat' dir='ltr'>Postea</span> <span class='ocrx_word' id='word_1_75' title='bbox 470 955 628 1037; x_wconf 80' lang='lat' dir='ltr'>adiungit,</span> <span class='ocrx_word' id='word_1_76' title='bbox 658 980 664 989; x_wconf 90' lang='lat'>·</span> <span class='ocrx_word' id='word_1_77' title='bbox 1213 973 1309 1035; x_wconf 89' lang='lat' dir='ltr'>saepe</span> <span class='ocrx_word' id='word_1_78' title='bbox 1330 973 1390 1036; x_wconf 92' lang='lat' dir='ltr'>pro</span> <span class='ocrx_word' id='word_1_79' title='bbox 1419 953 1648 1039; x_wconf 81' lang='lat' dir='ltr'>castigatione:</span> <span class='ocrx_word' id='word_1_80' title='bbox 1681 953 1739 1020; x_wconf 92' lang='lat' dir='ltr'>sed</span> <span class='ocrx_word' id='word_1_81' title='bbox 1767 953 1967 1040; x_wconf 79' lang='lat' dir='ltr'>generaliter</span> <span class='ocrx_word' id='word_1_82' title='bbox 2002 950 2112 1017; x_wconf 75' lang='lat' dir='ltr'>edam</span> <span class='ocrx_word' id='word_1_83' title='bbox 2144 971 2197 1017; x_wconf 85' lang='lat' dir='ltr'>ex·</span> 
     </span>
     <span class='ocr_line' id='line_1_8' title="bbox 1213 1036 2197 1119; baseline 0 -18"><span class='ocrx_word' id='word_1_84' title='bbox 1213 1038 1358 1104; x_wconf 82' lang='lat' dir='ltr'>tenditur</span> <span class='ocrx_word' id='word_1_85' title='bbox 1390 1039 1431 1103; x_wconf 89' lang='lat' dir='ltr'>ed</span> <span class='ocrx_word' id='word_1_86' title='bbox 1461 1058 1590 1105; x_wconf 89' lang='lat' dir='ltr'>emnem</span> <span class='ocrx_word' id='word_1_87' title='bbox 1620 1039 1848 1107; x_wconf 86' lang='lat' dir='ltr'>eruditionem.</span> <span class='ocrx_word' id='word_1_88' title='bbox 1901 1038 1978 1104; x_wconf 86' lang='lat' dir='ltr'>Hoc</span> <span class='ocrx_word' id='word_1_89' title='bbox 2014 1036 2091 1102; x_wconf 84' lang='lat' dir='ltr'>lecu</span> <span class='ocrx_word' id='word_1_90' title='bbox 2122 1037 2197 1119; x_wconf 85' lang='lat' dir='ltr'>quia</span> 
     </span>
     <span class='ocr_line' id='line_1_9' title="bbox 274 1124 2194 1211; baseline -0.002 -20"><span class='ocrx_word' id='word_1_91' title='bbox 274 1128 325 1194; x_wconf 81' lang='lat'>28.</span> <span class='ocrx_word' id='word_1_92' title='bbox 349 1127 393 1191; x_wconf 84' lang='lat' dir='ltr'>Et</span> <span class='ocrx_word' id='word_1_93' title='bbox 412 1127 496 1192; x_wconf 80' lang='lat' dir='ltr'>dices</span> <span class='ocrx_word' id='word_1_94' title='bbox 517 1127 559 1190; x_wconf 83' lang='lat' dir='ltr'>col</span> <span class='ocrx_word' id='word_1_95' title='bbox 581 1145 639 1202; x_wconf 83' lang='lat' dir='ltr'>eos,</span> <span class='ocrx_word' id='word_1_96' title='bbox 663 1124 750 1191; x_wconf 86' lang='lat' dir='ltr'>Haec</span> <span class='ocrx_word' id='word_1_97' title='bbox 764 1145 849 1209; x_wconf 77' lang='lat' dir='ltr'>peres,</span> <span class='ocrx_word' id='word_1_98' title='bbox 870 1145 950 1207; x_wconf 82' lang='lat' dir='ltr'>quac</span> <span class='ocrx_word' id='word_1_99' title='bbox 971 1144 1031 1189; x_wconf 81' lang='lat' dir='ltr'>aon</span> <span class='ocrx_word' id='word_1_100' title='bbox 1052 1124 1159 1189; x_wconf 78' lang='lat' dir='ltr'>audie·</span> <span class='ocrx_word' id='word_1_101' title='bbox 1212 1125 1321 1208; x_wconf 80' lang='lat' dir='ltr'>agitur</span> <span class='ocrx_word' id='word_1_102' title='bbox 1353 1124 1394 1189; x_wconf 90' lang='lat' dir='ltr'>de</span> <span class='ocrx_word' id='word_1_103' title='bbox 1422 1125 1579 1208; x_wconf 87' lang='lat' dir='ltr'>doctriua,</span> <span class='ocrx_word' id='word_1_104' title='bbox 1612 1125 1768 1211; x_wconf 78' lang='lat' dir='ltr'>intelligit</span> <span class='ocrx_word' id='word_1_105' title='bbox 1795 1126 1957 1210; x_wconf 87' lang='lat' dir='ltr'>propheta</span> <span class='ocrx_word' id='word_1_106' title='bbox 1984 1142 2049 1188; x_wconf 87' lang='lat' dir='ltr'>eos</span> <span class='ocrx_word' id='word_1_107' title='bbox 2078 1134 2194 1206; x_wconf 88' lang='lat' dir='ltr'>sponte</span> 
     </span>
     <span class='ocr_line' id='line_1_10' title="bbox 187 1208 2194 1293; baseline -0.002 -15"><span class='ocrx_word' id='word_1_108' title='bbox 187 1218 263 1278; x_wconf 79' lang='lat' dir='ltr'>ruat</span> <span class='ocrx_word' id='word_1_109' title='bbox 282 1233 384 1279; x_wconf 73' lang='lat' dir='ltr'>ocean</span> <span class='ocrx_word' id='word_1_110' title='bbox 407 1212 538 1277; x_wconf 80' lang='lat' dir='ltr'>Iedooac</span> <span class='ocrx_word' id='word_1_111' title='bbox 559 1210 624 1275; x_wconf 82' lang='lat' dir='ltr'>Dei</span> <span class='ocrx_word' id='word_1_112' title='bbox 645 1212 707 1288; x_wconf 82' lang='lat' dir='ltr'>eui,</span> <span class='ocrx_word' id='word_1_113' title='bbox 737 1216 848 1276; x_wconf 75' lang='lat' dir='ltr'>daea</span> <span class='ocrx_word' id='word_1_114' title='bbox 868 1215 1046 1292; x_wconf 76' lang='lat' dir='ltr'>receperant</span> <span class='ocrx_word' id='word_1_115' title='bbox 1065 1211 1161 1277; x_wconf 66' lang='lat' dir='ltr'>disci</span> <span class='ocrx_word' id='word_1_116' title='bbox 1212 1211 1383 1287; x_wconf 89' lang='lat' dir='ltr'>caecutire,</span> <span class='ocrx_word' id='word_1_117' title='bbox 1407 1213 1561 1293; x_wconf 91' lang='lat' dir='ltr'>quoniam</span> <span class='ocrx_word' id='word_1_118' title='bbox 1577 1211 1699 1277; x_wconf 89' lang='lat' dir='ltr'>scilieet</span> <span class='ocrx_word' id='word_1_119' title='bbox 1722 1213 1826 1278; x_wconf 83' lang='lat' dir='ltr'>nolint</span> <span class='ocrx_word' id='word_1_120' title='bbox 1841 1209 1960 1278; x_wconf 85' lang='lat' dir='ltr'>doaeri.</span> <span class='ocrx_word' id='word_1_121' title='bbox 1997 1208 2194 1274; x_wconf 76' lang='lat' dir='ltr'>Hirsutum</span> 
     </span>
     <span class='ocr_line' id='line_1_11' title="bbox 185 1292 2197 1382; baseline -0.001 -20"><span class='ocrx_word' id='word_1_122' title='bbox 185 1299 328 1382; x_wconf 81' lang='lat' dir='ltr'>plinam:</span> <span class='ocrx_word' id='word_1_123' title='bbox 343 1299 442 1379; x_wconf 79' lang='lat' dir='ltr'>periit</span> <span class='ocrx_word' id='word_1_124' title='bbox 463 1299 590 1374; x_wconf 81' lang='lat' dir='ltr'>veritas,</span> <span class='ocrx_word' id='word_1_125' title='bbox 613 1302 640 1361; x_wconf 80' lang='lat' dir='ltr'>et</span> <span class='ocrx_word' id='word_1_126' title='bbox 661 1298 768 1362; x_wconf 64' lang='lat' dir='ltr'>exesa</span> <span class='ocrx_word' id='word_1_127' title='bbox 789 1301 834 1363; x_wconf 78' lang='lat' dir='ltr'>est</span> <span class='ocrx_word' id='word_1_128' title='bbox 855 1297 894 1362; x_wconf 78' lang='lat' dir='ltr'>ab</span> <span class='ocrx_word' id='word_1_129' title='bbox 915 1316 967 1362; x_wconf 89' lang='lat' dir='ltr'>ore</span> <span class='ocrx_word' id='word_1_130' title='bbox 987 1316 1102 1362; x_wconf 66' lang='lat' dir='ltr'>seram</span> <span class='ocrx_word' id='word_1_131' title='bbox 1212 1316 1362 1361; x_wconf 88' lang='lat' dir='ltr'>summus</span> <span class='ocrx_word' id='word_1_132' title='bbox 1384 1307 1434 1360; x_wconf 89' lang='lat' dir='ltr'>est</span> <span class='ocrx_word' id='word_1_133' title='bbox 1456 1296 1576 1379; x_wconf 83' lang='lat' dir='ltr'>gradus</span> <span class='ocrx_word' id='word_1_134' title='bbox 1597 1295 1717 1380; x_wconf 88' lang='lat' dir='ltr'>impiae</span> <span class='ocrx_word' id='word_1_135' title='bbox 1746 1296 1954 1381; x_wconf 84' lang='lat' dir='ltr'>pertinaciae,</span> <span class='ocrx_word' id='word_1_136' title='bbox 1982 1294 2048 1360; x_wconf 90' lang='lat' dir='ltr'>uhi</span> <span class='ocrx_word' id='word_1_137' title='bbox 2070 1294 2120 1360; x_wconf 81' lang='lat' dir='ltr'>ita</span> <span class='ocrx_word' id='word_1_138' title='bbox 2142 1292 2197 1359; x_wconf 74' lang='lat' dir='ltr'>de</span> 
     </span>
     <span class='ocr_line' id='line_1_12' title="bbox 1212 1381 2199 1464; baseline 0 -19"><span class='ocrx_word' id='word_1_139' title='bbox 1212 1390 1371 1464; x_wconf 83' lang='lat' dir='ltr'>generant</span> <span class='ocrx_word' id='word_1_140' title='bbox 1393 1382 1550 1462; x_wconf 92' lang='lat' dir='ltr'>homines,</span> <span class='ocrx_word' id='word_1_141' title='bbox 1579 1391 1615 1447; x_wconf 91' lang='lat' dir='ltr'>ut</span> <span class='ocrx_word' id='word_1_142' title='bbox 1643 1392 1759 1464; x_wconf 90' lang='lat' dir='ltr'>sponte</span> <span class='ocrx_word' id='word_1_143' title='bbox 1781 1384 1935 1448; x_wconf 84' lang='lat' dir='ltr'>affectent</span> <span class='ocrx_word' id='word_1_144' title='bbox 1963 1400 2043 1446; x_wconf 86' lang='lat' dir='ltr'>esse</span> <span class='ocrx_word' id='word_1_145' title='bbox 2074 1381 2199 1445; x_wconf 85' lang='lat' dir='ltr'><strong>similes</strong></span> 
     </span>
     <span class='ocr_line' id='line_1_13' title="bbox 275 1464 2196 1553; baseline -0.002 -21"><span class='ocrx_word' id='word_1_146' title='bbox 275 1469 345 1533; x_wconf 92' lang='lat' dir='ltr'>Iam</span> <span class='ocrx_word' id='word_1_147' title='bbox 370 1467 514 1534; x_wconf 84' lang='lat' dir='ltr'>ostendit</span> <span class='ocrx_word' id='word_1_148' title='bbox 535 1467 626 1532; x_wconf 91' lang='lat' dir='ltr'>Deus</span> <span class='ocrx_word' id='word_1_149' title='bbox 653 1467 819 1551; x_wconf 84' lang='lat' dir='ltr'>agendum</span> <span class='ocrx_word' id='word_1_150' title='bbox 846 1488 916 1533; x_wconf 88' lang='lat' dir='ltr'>esse</span> <span class='ocrx_word' id='word_1_151' title='bbox 945 1487 1031 1531; x_wconf 82' lang='lat' dir='ltr'>novo</span> <span class='ocrx_word' id='word_1_152' title='bbox 1061 1487 1160 1542; x_wconf 89' lang='lat' dir='ltr'>more,</span> <span class='ocrx_word' id='word_1_153' title='bbox 1213 1467 1318 1533; x_wconf 91' lang='lat' dir='ltr'>brutis</span> <span class='ocrx_word' id='word_1_154' title='bbox 1338 1468 1528 1551; x_wconf 88' lang='lat' dir='ltr'>pecudibus,</span> <span class='ocrx_word' id='word_1_155' title='bbox 1559 1489 1601 1533; x_wconf 89' lang='lat' dir='ltr'>ue</span> <span class='ocrx_word' id='word_1_156' title='bbox 1623 1468 1745 1535; x_wconf 89' lang='lat' dir='ltr'>scilieet</span> <span class='ocrx_word' id='word_1_157' title='bbox 1773 1471 1887 1553; x_wconf 78' lang='lat' dir='ltr'>iugum</span> <span class='ocrx_word' id='word_1_158' title='bbox 1908 1466 1974 1533; x_wconf 89' lang='lat' dir='ltr'>Dei</span> <span class='ocrx_word' id='word_1_159' title='bbox 2003 1464 2196 1531; x_wconf 75' lang='lat' dir='ltr'>admittant.</span> 
     </span>
     <span class='ocr_line' id='line_1_14' title="bbox 190 1551 2198 1637; baseline -0.001 -18"><span class='ocrx_word' id='word_1_160' title='bbox 190 1555 265 1637; x_wconf 89' lang='lat' dir='ltr'>quia</span> <span class='ocrx_word' id='word_1_161' title='bbox 299 1556 421 1636; x_wconf 80' lang='lat' dir='ltr'>primae</span> <span class='ocrx_word' id='word_1_162' title='bbox 455 1563 532 1618; x_wconf 90' lang='lat' dir='ltr'>sunt</span> <span class='ocrx_word' id='word_1_163' title='bbox 565 1554 731 1618; x_wconf 86' lang='lat' dir='ltr'>doctorum</span> <span class='ocrx_word' id='word_1_164' title='bbox 765 1562 875 1636; x_wconf 86' lang='lat' dir='ltr'>partes</span> <span class='ocrx_word' id='word_1_165' title='bbox 896 1572 1076 1636; x_wconf 90' lang='lat' dir='ltr'>proponere</span> <span class='ocrx_word' id='word_1_166' title='bbox 1098 1551 1162 1617; x_wconf 91' lang='lat' dir='ltr'>Dei</span> <span class='ocrx_word' id='word_1_167' title='bbox 1215 1551 1355 1618; x_wconf 84' lang='lat' dir='ltr'>Subiicit</span> <span class='ocrx_word' id='word_1_168' title='bbox 1385 1564 1498 1637; x_wconf 86' lang='lat' dir='ltr'>postea</span> <span class='ocrx_word' id='word_1_169' title='bbox 1522 1554 1657 1637; x_wconf 77' lang='lat' dir='ltr'>periisse</span> <span class='ocrx_word' id='word_1_170' title='bbox 1685 1555 1854 1633; x_wconf 71' lang='lat' dir='ltr'>oeeuam,</span> <span class='ocrx_word' id='word_1_171' title='bbox 1884 1561 1944 1619; x_wconf 82' lang='lat' dir='ltr'>ent</span> <span class='ocrx_word' id='word_1_172' title='bbox 1970 1551 2087 1617; x_wconf 83' lang='lat' dir='ltr'>fidem.</span> <span class='ocrx_word' id='word_1_173' title='bbox 2133 1551 2198 1616; x_wconf 85' lang='lat' dir='ltr'>Hic</span> 
     </span>
     <span class='ocr_line' id='line_1_15' title="bbox 189 1636 2199 1724; baseline -0.002 -19"><span class='ocrx_word' id='word_1_174' title='bbox 189 1639 412 1721; x_wconf 84' lang='lat' dir='ltr'>veluntatem,</span> <span class='ocrx_word' id='word_1_175' title='bbox 456 1638 627 1703; x_wconf 87' lang='lat' dir='ltr'>ostendere</span> <span class='ocrx_word' id='word_1_176' title='bbox 663 1639 741 1721; x_wconf 90' lang='lat' dir='ltr'>quid</span> <span class='ocrx_word' id='word_1_177' title='bbox 779 1648 903 1705; x_wconf 90' lang='lat' dir='ltr'>rectum</span> <span class='ocrx_word' id='word_1_178' title='bbox 940 1640 998 1702; x_wconf 91' lang='lat' dir='ltr'>sit:</span> <span class='ocrx_word' id='word_1_179' title='bbox 1036 1639 1162 1703; x_wconf 90' lang='lat' dir='ltr'>hortari</span> <span class='ocrx_word' id='word_1_180' title='bbox 1213 1659 1321 1704; x_wconf 72' lang='lat' dir='ltr'>nonan</span> <span class='ocrx_word' id='word_1_181' title='bbox 1340 1651 1436 1706; x_wconf 66' lang='lat' dir='ltr'>mint&lt;</span> <span class='ocrx_word' id='word_1_182' title='bbox 1458 1648 1567 1722; x_wconf 89' lang='lat' dir='ltr'>potest</span> <span class='ocrx_word' id='word_1_183' title='bbox 1581 1638 1732 1705; x_wconf 84' lang='lat' dir='ltr'>bifariam</span> <span class='ocrx_word' id='word_1_184' title='bbox 1747 1641 1868 1724; x_wconf 85' lang='lat' dir='ltr'>accipi:</span> <span class='ocrx_word' id='word_1_185' title='bbox 1890 1637 2031 1722; x_wconf 84' lang='lat' dir='ltr'>qnidam</span> <span class='ocrx_word' id='word_1_186' title='bbox 2048 1636 2199 1703; x_wconf 77' lang='lat' dir='ltr'>referunt</span> 
     </span>
     <span class='ocr_line' id='line_1_16' title="bbox 191 1722 2198 1809; baseline -0.001 -19"><span class='ocrx_word' id='word_1_187' title='bbox 191 1725 307 1790; x_wconf 92' lang='lat' dir='ltr'>deinde</span> <span class='ocrx_word' id='word_1_188' title='bbox 329 1726 357 1790; x_wconf 91' lang='lat' dir='ltr'>si</span> <span class='ocrx_word' id='word_1_189' title='bbox 375 1745 441 1789; x_wconf 92' lang='lat' dir='ltr'>non</span> <span class='ocrx_word' id='word_1_190' title='bbox 459 1726 600 1789; x_wconf 89' lang='lat' dir='ltr'>sufficiat</span> <span class='ocrx_word' id='word_1_191' title='bbox 617 1725 758 1807; x_wconf 83' lang='lat' dir='ltr'>simplex</span> <span class='ocrx_word' id='word_1_192' title='bbox 777 1724 932 1790; x_wconf 91' lang='lat' dir='ltr'>doctrina.</span> <span class='ocrx_word' id='word_1_193' title='bbox 969 1724 1035 1790; x_wconf 91' lang='lat' dir='ltr'>Hic</span> <span class='ocrx_word' id='word_1_194' title='bbox 1052 1736 1162 1789; x_wconf 89' lang='lat' dir='ltr'>autem</span> <span class='ocrx_word' id='word_1_195' title='bbox 1214 1724 1255 1789; x_wconf 93' lang='lat' dir='ltr'>ad</span> <span class='ocrx_word' id='word_1_196' title='bbox 1277 1723 1406 1789; x_wconf 90' lang='lat' dir='ltr'>Deum:</span> <span class='ocrx_word' id='word_1_197' title='bbox 1439 1726 1486 1789; x_wconf 88' lang='lat' dir='ltr'>ita</span> <span class='ocrx_word' id='word_1_198' title='bbox 1514 1736 1600 1790; x_wconf 91' lang='lat' dir='ltr'>esset</span> <span class='ocrx_word' id='word_1_199' title='bbox 1629 1724 1754 1809; x_wconf 73' lang='lat' dir='ltr'>religio,</span> <span class='ocrx_word' id='word_1_200' title='bbox 1783 1737 1841 1792; x_wconf 90' lang='lat' dir='ltr'>eut</span> <span class='ocrx_word' id='word_1_201' title='bbox 1869 1725 1959 1800; x_wconf 87' lang='lat' dir='ltr'>fides,</span> <span class='ocrx_word' id='word_1_202' title='bbox 1988 1734 2052 1788; x_wconf 77' lang='lat' dir='ltr'>aut</span> <span class='ocrx_word' id='word_1_203' title='bbox 2081 1722 2198 1805; x_wconf 76' lang='lat' dir='ltr'>pietas</span> 
     </span>
     <span class='ocr_line' id='line_1_17' title="bbox 189 1808 2200 1895; baseline -0.002 -18"><span class='ocrx_word' id='word_1_204' title='bbox 189 1812 353 1895; x_wconf 82' lang='lat' dir='ltr'>signifieat</span> <span class='ocrx_word' id='word_1_205' title='bbox 386 1811 477 1874; x_wconf 90' lang='lat' dir='ltr'>Deus</span> <span class='ocrx_word' id='word_1_206' title='bbox 509 1810 702 1875; x_wconf 88' lang='lat' dir='ltr'>mutandum</span> <span class='ocrx_word' id='word_1_207' title='bbox 737 1830 808 1874; x_wconf 91' lang='lat' dir='ltr'>esse</span> <span class='ocrx_word' id='word_1_208' title='bbox 839 1809 971 1895; x_wconf 87' lang='lat' dir='ltr'>stylum,</span> <span class='ocrx_word' id='word_1_209' title='bbox 1009 1810 1161 1892; x_wconf 90' lang='lat' dir='ltr'>quoniam</span> <span class='ocrx_word' id='word_1_210' title='bbox 1215 1808 1281 1875; x_wconf 83' lang='lat' dir='ltr'>Sed</span> <span class='ocrx_word' id='word_1_211' title='bbox 1319 1810 1450 1874; x_wconf 88' lang='lat' dir='ltr'>videtur</span> <span class='ocrx_word' id='word_1_212' title='bbox 1481 1811 1642 1894; x_wconf 88' lang='lat' dir='ltr'>propheta</span> <span class='ocrx_word' id='word_1_213' title='bbox 1674 1811 1804 1895; x_wconf 78' lang='lat' dir='ltr'>longius</span> <span class='ocrx_word' id='word_1_214' title='bbox 1836 1809 2035 1884; x_wconf 90' lang='lat' dir='ltr'>extendere,</span> <span class='ocrx_word' id='word_1_215' title='bbox 2081 1828 2200 1890; x_wconf 81' lang='lat' dir='ltr'>nempe</span> 
     </span>
     <span class='ocr_line' id='line_1_18' title="bbox 190 1893 2199 1982; baseline -0.001 -22"><span class='ocrx_word' id='word_1_216' title='bbox 190 1899 256 1960; x_wconf 85' lang='lat' dir='ltr'>sint</span> <span class='ocrx_word' id='word_1_217' title='bbox 278 1917 411 1979; x_wconf 90' lang='lat' dir='ltr'>prorsus</span> <span class='ocrx_word' id='word_1_218' title='bbox 434 1896 605 1978; x_wconf 89' lang='lat' dir='ltr'>desperati.</span> <span class='ocrx_word' id='word_1_219' title='bbox 649 1895 746 1960; x_wconf 82' lang='lat' dir='ltr'>Dices</span> <span class='ocrx_word' id='word_1_220' title='bbox 767 1896 866 1979; x_wconf 66' lang='lat' dir='ltr'>icitur</span> <span class='ocrx_word' id='word_1_221' title='bbox 886 1895 941 1961; x_wconf 80' lang='lat' dir='ltr'>hoc</span> <span class='ocrx_word' id='word_1_222' title='bbox 956 1901 1163 1978; x_wconf 82' lang='lat' dir='ltr'>postremum:</span> <span class='ocrx_word' id='word_1_223' title='bbox 1215 1894 1300 1977; x_wconf 91' lang='lat' dir='ltr'>quod</span> <span class='ocrx_word' id='word_1_224' title='bbox 1323 1894 1404 1960; x_wconf 91' lang='lat' dir='ltr'>nihil</span> <span class='ocrx_word' id='word_1_225' title='bbox 1427 1896 1526 1961; x_wconf 90' lang='lat' dir='ltr'>sitin</span> <span class='ocrx_word' id='word_1_226' title='bbox 1549 1898 1629 1979; x_wconf 90' lang='lat' dir='ltr'>ipsis</span> <span class='ocrx_word' id='word_1_227' title='bbox 1646 1896 1820 1977; x_wconf 91' lang='lat' dir='ltr'>sincerum,</span> <span class='ocrx_word' id='word_1_228' title='bbox 1843 1894 1930 1982; x_wconf 90' lang='lat' dir='ltr'>quod</span> <span class='ocrx_word' id='word_1_229' title='bbox 1949 1893 2081 1978; x_wconf 82' lang='lat' dir='ltr'>perfide</span> <span class='ocrx_word' id='word_1_230' title='bbox 2097 1904 2199 1978; x_wconf 77' lang='lat' dir='ltr'>agant</span> 
     </span>
     <span class='ocr_line' id='line_1_19' title="bbox 191 1979 2200 2128; baseline -0.002 -81"><span class='ocrx_word' id='word_1_231' title='bbox 191 1987 284 2066; x_wconf 89' lang='lat' dir='ltr'>quasi</span> <span class='ocrx_word' id='word_1_232' title='bbox 308 1981 436 2059; x_wconf 90' lang='lat' dir='ltr'>diceret,</span> <span class='ocrx_word' id='word_1_233' title='bbox 460 1982 532 2064; x_wconf 82' lang='lat' dir='ltr'>Ego</span> <span class='ocrx_word' id='word_1_234' title='bbox 554 1981 684 2062; x_wconf 92' lang='lat' dir='ltr'>quidem</span> <span class='ocrx_word' id='word_1_235' title='bbox 702 1981 791 2046; x_wconf 83' lang='lat' dir='ltr'>volui</span> <span class='ocrx_word' id='word_1_236' title='bbox 811 1992 947 2062; x_wconf 91' lang='lat' dir='ltr'>tentare,</span> <span class='ocrx_word' id='word_1_237' title='bbox 969 2001 1011 2045; x_wconf 89' lang='lat' dir='ltr'>an</span> <span class='ocrx_word' id='word_1_238' title='bbox 1030 1992 1164 2064; x_wconf 90' lang='lat' dir='ltr'>possent</span> <span class='ocrx_word' id='word_1_239' title='bbox 1215 2001 1282 2045; x_wconf 94' lang='lat' dir='ltr'>nou</span> <span class='ocrx_word' id='word_1_240' title='bbox 1305 1989 1373 2046; x_wconf 88' lang='lat' dir='ltr'>tam</span> <span class='ocrx_word' id='word_1_241' title='bbox 1394 2002 1469 2047; x_wconf 90' lang='lat' dir='ltr'>oum</span> <span class='ocrx_word' id='word_1_242' title='bbox 1486 1982 1672 2048; x_wconf 89' lang='lat' dir='ltr'>hominibus</span> <span class='ocrx_word' id='word_1_243' title='bbox 1687 2004 1785 2065; x_wconf 87' lang='lat' dir='ltr'>quam</span> <span class='ocrx_word' id='word_1_244' title='bbox 1801 2001 1874 2048; x_wconf 87' lang='lat' dir='ltr'>cum</span> <span class='ocrx_word' id='word_1_245' title='bbox 1891 1981 1964 2047; x_wconf 88' lang='lat' dir='ltr'>Deo</span> <span class='ocrx_word' id='word_1_246' title='bbox 1986 1981 2075 2063; x_wconf 74' lang='lat' dir='ltr'>ipw.</span> <span class='ocrx_word' id='word_1_247' title='bbox 2108 1979 2200 2128; x_wconf 50' lang='lat' dir='ltr'>Er?</span> 
     </span>
     <span class='ocr_line' id='line_1_20' title="bbox 192 2065 2200 2152; baseline -0.002 -19"><span class='ocrx_word' id='word_1_248' title='bbox 192 2069 312 2151; x_wconf 82' lang='lat' dir='ltr'>corrigi</span> <span class='ocrx_word' id='word_1_249' title='bbox 333 2067 369 2130; x_wconf 91' lang='lat' dir='ltr'>in</span> <span class='ocrx_word' id='word_1_250' title='bbox 392 2066 518 2144; x_wconf 88' lang='lat' dir='ltr'>melius,</span> <span class='ocrx_word' id='word_1_251' title='bbox 546 2078 678 2132; x_wconf 91' lang='lat' dir='ltr'>etusus</span> <span class='ocrx_word' id='word_1_252' title='bbox 706 2068 838 2132; x_wconf 89' lang='lat' dir='ltr'>eumin</span> <span class='ocrx_word' id='word_1_253' title='bbox 861 2067 950 2132; x_wconf 91' lang='lat' dir='ltr'>huno</span> <span class='ocrx_word' id='word_1_254' title='bbox 977 2068 1077 2132; x_wconf 87' lang='lat' dir='ltr'>finem</span> <span class='ocrx_word' id='word_1_255' title='bbox 1107 2078 1164 2131; x_wconf 88' lang='lat' dir='ltr'>tua</span> <span class='ocrx_word' id='word_1_256' title='bbox 1216 2080 1311 2135; x_wconf 69' lang='lat' dir='ltr'>mint&lt;</span> <span class='ocrx_word' id='word_1_257' title='bbox 1335 2066 1525 2149; x_wconf 88' lang='lat' dir='ltr'>simpliciter</span> <span class='ocrx_word' id='word_1_258' title='bbox 1543 2068 1702 2152; x_wconf 88' lang='lat' dir='ltr'>accipitur</span> <span class='ocrx_word' id='word_1_259' title='bbox 1719 2090 1778 2151; x_wconf 92' lang='lat' dir='ltr'>pro</span> <span class='ocrx_word' id='word_1_260' title='bbox 1796 2068 2006 2152; x_wconf 74' lang='lat' dir='ltr'>integritate:</span> <span class='ocrx_word' id='word_1_261' title='bbox 2030 2065 2132 2149; x_wconf 87' lang='lat' dir='ltr'>quasi</span> <span class='ocrx_word' id='word_1_262' title='bbox 2176 2065 2200 2129; x_wconf 91' lang='lat' dir='ltr'>i-</span> 
     </span>
     <span class='ocr_line' id='line_1_21' title="bbox 191 2151 2200 2237; baseline -0.002 -18"><span class='ocrx_word' id='word_1_263' title='bbox 191 2174 298 2236; x_wconf 90' lang='lat' dir='ltr'>opera.</span> <span class='ocrx_word' id='word_1_264' title='bbox 337 2153 416 2217; x_wconf 91' lang='lat' dir='ltr'>Post</span> <span class='ocrx_word' id='word_1_265' title='bbox 438 2154 567 2235; x_wconf 80' lang='lat' dir='ltr'>longam</span> <span class='ocrx_word' id='word_1_266' title='bbox 587 2153 787 2233; x_wconf 87' lang='lat' dir='ltr'>patientiam,</span> <span class='ocrx_word' id='word_1_267' title='bbox 811 2153 874 2218; x_wconf 93' lang='lat' dir='ltr'>hoc</span> <span class='ocrx_word' id='word_1_268' title='bbox 888 2163 947 2229; x_wconf 90' lang='lat' dir='ltr'>est,</span> <span class='ocrx_word' id='word_1_269' title='bbox 971 2151 1027 2216; x_wconf 90' lang='lat' dir='ltr'>ubi</span> <span class='ocrx_word' id='word_1_270' title='bbox 1044 2172 1163 2235; x_wconf 80' lang='lat' dir='ltr'>cogno·</span> <span class='ocrx_word' id='word_1_271' title='bbox 1216 2166 1305 2218; x_wconf 89' lang='lat' dir='ltr'>ceret</span> <span class='ocrx_word' id='word_1_272' title='bbox 1335 2152 1417 2217; x_wconf 90' lang='lat' dir='ltr'>nihil</span> <span class='ocrx_word' id='word_1_273' title='bbox 1446 2173 1579 2218; x_wconf 90' lang='lat' dir='ltr'>manere</span> <span class='ocrx_word' id='word_1_274' title='bbox 1608 2154 1643 2218; x_wconf 91' lang='lat' dir='ltr'>in</span> <span class='ocrx_word' id='word_1_275' title='bbox 1672 2154 1753 2237; x_wconf 91' lang='lat' dir='ltr'>ipsis</span> <span class='ocrx_word' id='word_1_276' title='bbox 1781 2174 1900 2237; x_wconf 88' lang='lat' dir='ltr'>purum</span> <span class='ocrx_word' id='word_1_277' title='bbox 1921 2151 1978 2217; x_wconf 84' lang='lat' dir='ltr'>vel</span> <span class='ocrx_word' id='word_1_278' title='bbox 2008 2152 2200 2217; x_wconf 85' lang='lat' dir='ltr'>sincerum:</span> 
     </span>
     <span class='ocr_line' id='line_1_22' title="bbox 190 2237 2201 2322; baseline -0.001 -18"><span class='ocrx_word' id='word_1_279' title='bbox 190 2241 278 2304; x_wconf 85' lang='lat' dir='ltr'>veris</span> <span class='ocrx_word' id='word_1_280' title='bbox 301 2237 399 2322; x_wconf 85' lang='lat' dir='ltr'>longo</span> <span class='ocrx_word' id='word_1_281' title='bbox 423 2260 483 2303; x_wconf 91' lang='lat' dir='ltr'>usu</span> <span class='ocrx_word' id='word_1_282' title='bbox 506 2259 637 2321; x_wconf 91' lang='lat' dir='ltr'>operam</span> <span class='ocrx_word' id='word_1_283' title='bbox 667 2250 759 2303; x_wconf 88' lang='lat' dir='ltr'>tuam</span> <span class='ocrx_word' id='word_1_284' title='bbox 781 2258 853 2303; x_wconf 91' lang='lat' dir='ltr'>esse</span> <span class='ocrx_word' id='word_1_285' title='bbox 874 2239 1036 2315; x_wconf 86' lang='lat' dir='ltr'>inutilem,</span> <span class='ocrx_word' id='word_1_286' title='bbox 1067 2237 1165 2304; x_wconf 74' lang='lat' dir='ltr'>Dee</span> <span class='ocrx_word' id='word_1_287' title='bbox 1217 2239 1273 2304; x_wconf 94' lang='lat' dir='ltr'>sed</span> <span class='ocrx_word' id='word_1_288' title='bbox 1296 2239 1341 2302; x_wconf 91' lang='lat' dir='ltr'>ita</span> <span class='ocrx_word' id='word_1_289' title='bbox 1363 2258 1434 2302; x_wconf 88' lang='lat' dir='ltr'>esse</span> <span class='ocrx_word' id='word_1_290' title='bbox 1456 2247 1624 2322; x_wconf 89' lang='lat' dir='ltr'>corruptos</span> <span class='ocrx_word' id='word_1_291' title='bbox 1646 2250 1684 2304; x_wconf 90' lang='lat' dir='ltr'>ut</span> <span class='ocrx_word' id='word_1_292' title='bbox 1705 2239 1779 2305; x_wconf 90' lang='lat' dir='ltr'>Deo</span> <span class='ocrx_word' id='word_1_293' title='bbox 1806 2239 1957 2316; x_wconf 87' lang='lat' dir='ltr'>illudent,</span> <span class='ocrx_word' id='word_1_294' title='bbox 1988 2237 2201 2303; x_wconf 83' lang='lat' dir='ltr'>mentiantur</span> 
     </span>
     <span class='ocr_line' id='line_1_23' title="bbox 190 2321 2200 2408; baseline -0.001 -19"><span class='ocrx_word' id='word_1_295' title='bbox 190 2327 257 2390; x_wconf 82' lang='lat' dir='ltr'>illis</span> <span class='ocrx_word' id='word_1_296' title='bbox 278 2325 346 2389; x_wconf 72' lang='lat' dir='ltr'>onie</span> <span class='ocrx_word' id='word_1_297' title='bbox 365 2329 567 2404; x_wconf 73' lang='lat' dir='ltr'>postrenum.</span> <span class='ocrx_word' id='word_1_298' title='bbox 612 2324 697 2388; x_wconf 91' lang='lat' dir='ltr'>Nam</span> <span class='ocrx_word' id='word_1_299' title='bbox 727 2344 882 2407; x_wconf 87' lang='lat' dir='ltr'>quorsum</span> <span class='ocrx_word' id='word_1_300' title='bbox 914 2322 1055 2387; x_wconf 84' lang='lat' dir='ltr'>tendunt</span> <span class='ocrx_word' id='word_1_301' title='bbox 1084 2323 1164 2388; x_wconf 92' lang='lat' dir='ltr'>haec</span> <span class='ocrx_word' id='word_1_302' title='bbox 1216 2323 1414 2402; x_wconf 91' lang='lat' dir='ltr'>hominibus,</span> <span class='ocrx_word' id='word_1_303' title='bbox 1437 2334 1471 2387; x_wconf 92' lang='lat' dir='ltr'>et</span> <span class='ocrx_word' id='word_1_304' title='bbox 1492 2344 1582 2388; x_wconf 88' lang='lat' dir='ltr'>mera</span> <span class='ocrx_word' id='word_1_305' title='bbox 1602 2324 1688 2406; x_wconf 89' lang='lat' dir='ltr'>apud</span> <span class='ocrx_word' id='word_1_306' title='bbox 1708 2325 1795 2408; x_wconf 88' lang='lat' dir='ltr'>ipsos</span> <span class='ocrx_word' id='word_1_307' title='bbox 1812 2325 1976 2391; x_wconf 79' lang='lat' dir='ltr'>simulatio</span> <span class='ocrx_word' id='word_1_308' title='bbox 1994 2321 2200 2406; x_wconf 84' lang='lat' dir='ltr'>praevaleat.</span> 
     </span>
     <span class='ocr_line' id='line_1_24' title="bbox 191 2407 2202 2494; baseline -0.001 -19"><span class='ocrx_word' id='word_1_309' title='bbox 191 2409 300 2487; x_wconf 87' lang='lat' dir='ltr'>verba,</span> <span class='ocrx_word' id='word_1_310' title='bbox 325 2409 411 2473; x_wconf 85' lang='lat' dir='ltr'>Haec</span> <span class='ocrx_word' id='word_1_311' title='bbox 430 2430 506 2492; x_wconf 79' lang='lat' dir='ltr'>pens</span> <span class='ocrx_word' id='word_1_312' title='bbox 534 2429 612 2489; x_wconf 82' lang='lat' dir='ltr'>quae</span> <span class='ocrx_word' id='word_1_313' title='bbox 640 2430 701 2473; x_wconf 81' lang='lat' dir='ltr'>reon</span> <span class='ocrx_word' id='word_1_314' title='bbox 730 2409 854 2474; x_wconf 80' lang='lat' dir='ltr'>audivit</span> <span class='ocrx_word' id='word_1_315' title='bbox 883 2428 986 2474; x_wconf 83' lang='lat' dir='ltr'>vocem</span> <span class='ocrx_word' id='word_1_316' title='bbox 1008 2407 1071 2475; x_wconf 82' lang='lat' dir='ltr'>Dei</span> <span class='ocrx_word' id='word_1_317' title='bbox 1100 2409 1163 2491; x_wconf 81' lang='lat' dir='ltr'>sui,</span> <span class='ocrx_word' id='word_1_318' title='bbox 1217 2409 1317 2474; x_wconf 90' lang='lat' dir='ltr'>Hunc</span> <span class='ocrx_word' id='word_1_319' title='bbox 1338 2428 1471 2473; x_wconf 92' lang='lat' dir='ltr'>sensum</span> <span class='ocrx_word' id='word_1_320' title='bbox 1494 2411 1666 2476; x_wconf 87' lang='lat' dir='ltr'>confirmat</span> <span class='ocrx_word' id='word_1_321' title='bbox 1687 2409 1774 2493; x_wconf 89' lang='lat' dir='ltr'>quod</span> <span class='ocrx_word' id='word_1_322' title='bbox 1803 2413 1962 2494; x_wconf 88' lang='lat' dir='ltr'>sequitur,</span> <span class='ocrx_word' id='word_1_323' title='bbox 1995 2428 2124 2491; x_wconf 86' lang='lat' dir='ltr'>nempe</span> <span class='ocrx_word' id='word_1_324' title='bbox 2153 2427 2202 2473; x_wconf 77' lang='lat' dir='ltr'>aa·</span> 
     </span>
     <span class='ocr_line' id='line_1_25' title="bbox 192 2493 2202 2578; baseline -0.001 -18"><span class='ocrx_word' id='word_1_325' title='bbox 192 2498 255 2560; x_wconf 93' lang='lat' dir='ltr'>nisi</span> <span class='ocrx_word' id='word_1_326' title='bbox 294 2497 370 2578; x_wconf 90' lang='lat' dir='ltr'>quia</span> <span class='ocrx_word' id='word_1_327' title='bbox 414 2494 575 2577; x_wconf 90' lang='lat' dir='ltr'>propheta</span> <span class='ocrx_word' id='word_1_328' title='bbox 612 2493 743 2560; x_wconf 89' lang='lat' dir='ltr'>tandem</span> <span class='ocrx_word' id='word_1_329' title='bbox 780 2494 893 2560; x_wconf 90' lang='lat' dir='ltr'>multis</span> <span class='ocrx_word' id='word_1_330' title='bbox 929 2494 1164 2578; x_wconf 88' lang='lat' dir='ltr'>experimentis</span> <span class='ocrx_word' id='word_1_331' title='bbox 1216 2496 1315 2562; x_wconf 65' lang='grc' dir='ltr'>οἰεαηι</span> <span class='ocrx_word' id='word_1_332' title='bbox 1342 2514 1407 2560; x_wconf 78' lang='lat' dir='ltr'>esee</span> <span class='ocrx_word' id='word_1_333' title='bbox 1432 2494 1471 2559; x_wconf 79' lang='lat' dir='ltr'>ab</span> <span class='ocrx_word' id='word_1_334' title='bbox 1499 2515 1551 2561; x_wconf 88' lang='lat' dir='ltr'>cre</span> <span class='ocrx_word' id='word_1_335' title='bbox 1577 2497 1727 2577; x_wconf 80' lang='lat' dir='ltr'>ipsorum.</span> <span class='ocrx_word' id='word_1_336' title='bbox 1772 2496 1862 2563; x_wconf 87' lang='lat' dir='ltr'>Hinc</span> <span class='ocrx_word' id='word_1_337' title='bbox 1889 2496 1978 2560; x_wconf 91' lang='lat' dir='ltr'>enim</span> <span class='ocrx_word' id='word_1_338' title='bbox 2009 2493 2202 2578; x_wconf 79' lang='lat' dir='ltr'>colligimus</span> 
     </span>
     <span class='ocr_line' id='line_1_26' title="bbox 191 2579 2202 2665; baseline -0.002 -18"><span class='ocrx_word' id='word_1_339' title='bbox 191 2584 352 2665; x_wconf 79' lang='lat' dir='ltr'>cognovit,</span> <span class='ocrx_word' id='word_1_340' title='bbox 382 2601 448 2644; x_wconf 91' lang='lat' dir='ltr'>non</span> <span class='ocrx_word' id='word_1_341' title='bbox 471 2579 630 2644; x_wconf 91' lang='lat' dir='ltr'>utendum</span> <span class='ocrx_word' id='word_1_342' title='bbox 660 2600 730 2646; x_wconf 89' lang='lat' dir='ltr'>esse</span> <span class='ocrx_word' id='word_1_343' title='bbox 759 2579 810 2645; x_wconf 84' lang='lat' dir='ltr'>vel</span> <span class='ocrx_word' id='word_1_344' title='bbox 838 2579 993 2661; x_wconf 90' lang='lat' dir='ltr'>doctrina,</span> <span class='ocrx_word' id='word_1_345' title='bbox 1023 2579 1076 2644; x_wconf 84' lang='lat' dir='ltr'>vel</span> <span class='ocrx_word' id='word_1_346' title='bbox 1106 2599 1163 2643; x_wconf 91' lang='lat' dir='ltr'>ex·</span> <span class='ocrx_word' id='word_1_347' title='bbox 1217 2602 1328 2645; x_wconf 90' lang='lat' dir='ltr'>eorum</span> <span class='ocrx_word' id='word_1_348' title='bbox 1352 2579 1523 2663; x_wconf 85' lang='lat' dir='ltr'>perfidiam</span> <span class='ocrx_word' id='word_1_349' title='bbox 1546 2581 1684 2659; x_wconf 87' lang='lat' dir='ltr'>traduci,</span> <span class='ocrx_word' id='word_1_350' title='bbox 1706 2580 1791 2665; x_wconf 90' lang='lat' dir='ltr'>quod</span> <span class='ocrx_word' id='word_1_351' title='bbox 1808 2581 1967 2647; x_wconf 80' lang='lat' dir='ltr'>fallaciter</span> <span class='ocrx_word' id='word_1_352' title='bbox 1985 2587 2148 2662; x_wconf 78' lang='lat' dir='ltr'>agerent:</span> <span class='ocrx_word' id='word_1_353' title='bbox 2170 2592 2202 2643; x_wconf 92' lang='lat' dir='ltr'>et</span> 
     </span>
     <span class='ocr_line' id='line_1_27' title="bbox 191 2664 2201 2749; baseline -0.002 -17"><span class='ocrx_word' id='word_1_354' title='bbox 191 2665 447 2732; x_wconf 78' lang='lat' dir='ltr'>hortationibus?</span> <span class='ocrx_word' id='word_1_355' title='bbox 471 2666 544 2730; x_wconf 92' lang='lat' dir='ltr'>Non</span> <span class='ocrx_word' id='word_1_356' title='bbox 565 2665 698 2730; x_wconf 92' lang='lat' dir='ltr'>dubium</span> <span class='ocrx_word' id='word_1_357' title='bbox 719 2673 769 2731; x_wconf 92' lang='lat' dir='ltr'>est</span> <span class='ocrx_word' id='word_1_358' title='bbox 784 2667 862 2748; x_wconf 92' lang='lat' dir='ltr'>quin</span> <span class='ocrx_word' id='word_1_359' title='bbox 877 2665 970 2732; x_wconf 92' lang='lat' dir='ltr'>Deus</span> <span class='ocrx_word' id='word_1_360' title='bbox 985 2666 1166 2749; x_wconf 88' lang='lat' dir='ltr'>respexerit</span> <span class='ocrx_word' id='word_1_361' title='bbox 1216 2666 1312 2733; x_wconf 87' lang='lat' dir='ltr'>sicuti</span> <span class='ocrx_word' id='word_1_362' title='bbox 1335 2686 1391 2731; x_wconf 92' lang='lat' dir='ltr'>eor</span> <span class='ocrx_word' id='word_1_363' title='bbox 1413 2687 1524 2732; x_wconf 92' lang='lat' dir='ltr'>eorum</span> <span class='ocrx_word' id='word_1_364' title='bbox 1548 2666 1670 2748; x_wconf 89' lang='lat' dir='ltr'>duplex</span> <span class='ocrx_word' id='word_1_365' title='bbox 1692 2679 1772 2744; x_wconf 91' lang='lat' dir='ltr'>erat,</span> <span class='ocrx_word' id='word_1_366' title='bbox 1794 2669 1842 2733; x_wconf 88' lang='lat' dir='ltr'>ita</span> <span class='ocrx_word' id='word_1_367' title='bbox 1863 2667 1961 2733; x_wconf 85' lang='lat' dir='ltr'>etiam</span> <span class='ocrx_word' id='word_1_368' title='bbox 1986 2664 2115 2747; x_wconf 87' lang='lat' dir='ltr'>duplex</span> <span class='ocrx_word' id='word_1_369' title='bbox 2138 2665 2201 2730; x_wconf 92' lang='lat' dir='ltr'>lin·</span> 
     </span>
     <span class='ocr_line' id='line_1_28' title="bbox 191 2749 2201 2837; baseline -0.002 -19"><span class='ocrx_word' id='word_1_370' title='bbox 191 2754 232 2819; x_wconf 91' lang='lat' dir='ltr'>ad</span> <span class='ocrx_word' id='word_1_371' title='bbox 254 2755 341 2836; x_wconf 91' lang='lat' dir='ltr'>ipsos</span> <span class='ocrx_word' id='word_1_372' title='bbox 364 2751 511 2815; x_wconf 87' lang='lat' dir='ltr'>Iudaeos.</span> <span class='ocrx_word' id='word_1_373' title='bbox 557 2751 672 2815; x_wconf 90' lang='lat' dir='ltr'>Voluit</span> <span class='ocrx_word' id='word_1_374' title='bbox 698 2751 786 2815; x_wconf 92' lang='lat' dir='ltr'>enim</span> <span class='ocrx_word' id='word_1_375' title='bbox 816 2753 1031 2835; x_wconf 82' lang='lat' dir='ltr'>ignominiose</span> <span class='ocrx_word' id='word_1_376' title='bbox 1053 2750 1165 2815; x_wconf 90' lang='lat' dir='ltr'>tradu·</span> <span class='ocrx_word' id='word_1_377' title='bbox 1216 2772 1290 2837; x_wconf 85' lang='lat' dir='ltr'>gua.</span> <span class='ocrx_word' id='word_1_378' title='bbox 1335 2751 1496 2828; x_wconf 86' lang='lat' dir='ltr'>Breviter,</span> <span class='ocrx_word' id='word_1_379' title='bbox 1520 2752 1674 2837; x_wconf 81' lang='lat' dir='ltr'>intelligit</span> <span class='ocrx_word' id='word_1_380' title='bbox 1696 2775 1761 2818; x_wconf 92' lang='lat' dir='ltr'>non</span> <span class='ocrx_word' id='word_1_381' title='bbox 1783 2774 1855 2820; x_wconf 90' lang='lat' dir='ltr'>esse</span> <span class='ocrx_word' id='word_1_382' title='bbox 1876 2749 2141 2835; x_wconf 86' lang='lat' dir='ltr'>exspectandum</span> <span class='ocrx_word' id='word_1_383' title='bbox 2165 2761 2201 2814; x_wconf 91' lang='lat' dir='ltr'>ut</span> 
     </span>
     <span class='ocr_line' id='line_1_29' title="bbox 191 2835 2200 2922; baseline -0.002 -18"><span class='ocrx_word' id='word_1_384' title='bbox 191 2859 265 2904; x_wconf 88' lang='lat' dir='ltr'>cere</span> <span class='ocrx_word' id='word_1_385' title='bbox 287 2839 418 2920; x_wconf 87' lang='lat' dir='ltr'>impiam</span> <span class='ocrx_word' id='word_1_386' title='bbox 442 2858 554 2902; x_wconf 89' lang='lat' dir='ltr'>eorum</span> <span class='ocrx_word' id='word_1_387' title='bbox 580 2838 804 2920; x_wconf 84' lang='lat' dir='ltr'>pervicaciam.</span> <span class='ocrx_word' id='word_1_388' title='bbox 849 2835 959 2903; x_wconf 86' lang='lat' dir='ltr'>Simul</span> <span class='ocrx_word' id='word_1_389' title='bbox 982 2847 1089 2902; x_wconf 89' lang='lat' dir='ltr'>tamen</span> <span class='ocrx_word' id='word_1_390' title='bbox 1113 2856 1164 2902; x_wconf 92' lang='lat' dir='ltr'>so·</span> <span class='ocrx_word' id='word_1_391' title='bbox 1217 2837 1428 2919; x_wconf 86' lang='lat' dir='ltr'>resipiscant:</span> <span class='ocrx_word' id='word_1_392' title='bbox 1458 2839 1534 2920; x_wconf 89' lang='lat' dir='ltr'>qnia</span> <span class='ocrx_word' id='word_1_393' title='bbox 1563 2838 1590 2903; x_wconf 92' lang='lat' dir='ltr'>si</span> <span class='ocrx_word' id='word_1_394' title='bbox 1613 2839 1736 2904; x_wconf 92' lang='lat' dir='ltr'>centies</span> <span class='ocrx_word' id='word_1_395' title='bbox 1759 2839 1950 2922; x_wconf 88' lang='lat' dir='ltr'>promittent</span> <span class='ocrx_word' id='word_1_396' title='bbox 1972 2837 2050 2903; x_wconf 89' lang='lat' dir='ltr'>Deo</span> <span class='ocrx_word' id='word_1_397' title='bbox 2073 2857 2110 2901; x_wconf 89' lang='lat' dir='ltr'>se</span> <span class='ocrx_word' id='word_1_398' title='bbox 2135 2837 2200 2901; x_wconf 83' lang='lat' dir='ltr'>fore</span> 
     </span>
     <span class='ocr_line' id='line_1_30' title="bbox 192 2919 2200 3008; baseline -0.001 -21"><span class='ocrx_word' id='word_1_399' title='bbox 192 2925 279 2989; x_wconf 89' lang='lat' dir='ltr'>latus</span> <span class='ocrx_word' id='word_1_400' title='bbox 301 2935 351 2988; x_wconf 91' lang='lat' dir='ltr'>est</span> <span class='ocrx_word' id='word_1_401' title='bbox 368 2943 501 2988; x_wconf 84' lang='lat' dir='ltr'>servum</span> <span class='ocrx_word' id='word_1_402' title='bbox 517 2943 622 2998; x_wconf 92' lang='lat' dir='ltr'>suum,</span> <span class='ocrx_word' id='word_1_403' title='bbox 644 2924 721 3004; x_wconf 91' lang='lat' dir='ltr'>quia</span> <span class='ocrx_word' id='word_1_404' title='bbox 737 2924 814 2988; x_wconf 93' lang='lat' dir='ltr'>hinc</span> <span class='ocrx_word' id='word_1_405' title='bbox 829 2926 992 3007; x_wconf 80' lang='lat' dir='ltr'>cognovit,</span> <span class='ocrx_word' id='word_1_406' title='bbox 1014 2922 1165 3006; x_wconf 82' lang='lat' dir='ltr'>quamvis</span> <span class='ocrx_word' id='word_1_407' title='bbox 1219 2923 1402 3008; x_wconf 83' lang='lat' dir='ltr'>morigerus,</span> <span class='ocrx_word' id='word_1_408' title='bbox 1425 2933 1459 2987; x_wconf 91' lang='lat' dir='ltr'>et</span> <span class='ocrx_word' id='word_1_409' title='bbox 1480 2933 1646 2989; x_wconf 90' lang='lat' dir='ltr'>ostentent</span> <span class='ocrx_word' id='word_1_410' title='bbox 1668 2925 1768 2989; x_wconf 90' lang='lat' dir='ltr'>etiam</span> <span class='ocrx_word' id='word_1_411' title='bbox 1789 2944 1898 2990; x_wconf 86' lang='lat' dir='ltr'>eoram</span> <span class='ocrx_word' id='word_1_412' title='bbox 1912 2919 2040 2989; x_wconf 90' lang='lat' dir='ltr'>mundo</span> <span class='ocrx_word' id='word_1_413' title='bbox 2055 2922 2200 3006; x_wconf 87' lang='lat' dir='ltr'>aliquam</span> 
     </span>
     <span class='ocr_line' id='line_1_31' title="bbox 192 3008 2196 3092; baseline -0.001 -18"><span class='ocrx_word' id='word_1_414' title='bbox 192 3031 257 3074; x_wconf 92' lang='lat' dir='ltr'>non</span> <span class='ocrx_word' id='word_1_415' title='bbox 279 3008 447 3089; x_wconf 88' lang='lat' dir='ltr'>prodesset</span> <span class='ocrx_word' id='word_1_416' title='bbox 465 3009 533 3072; x_wconf 88' lang='lat' dir='ltr'>suis</span> <span class='ocrx_word' id='word_1_417' title='bbox 549 3008 760 3090; x_wconf 86' lang='lat' dir='ltr'>auditoribus,</span> <span class='ocrx_word' id='word_1_418' title='bbox 782 3008 927 3074; x_wconf 87' lang='lat' dir='ltr'>laborem</span> <span class='ocrx_word' id='word_1_419' title='bbox 942 3015 1053 3074; x_wconf 90' lang='lat' dir='ltr'>tamen</span> <span class='ocrx_word' id='word_1_420' title='bbox 1069 3029 1166 3074; x_wconf 89' lang='lat' dir='ltr'>suum</span> <span class='ocrx_word' id='word_1_421' title='bbox 1218 3010 1360 3092; x_wconf 88' lang='lat' dir='ltr'>speciem</span> <span class='ocrx_word' id='word_1_422' title='bbox 1382 3008 1561 3092; x_wconf 85' lang='lat' dir='ltr'>probitatis,</span> <span class='ocrx_word' id='word_1_423' title='bbox 1585 3010 1723 3076; x_wconf 87' lang='lat' dir='ltr'>effluent</span> <span class='ocrx_word' id='word_1_424' title='bbox 1739 3009 1988 3092; x_wconf 75' lang='lat' dir='ltr'>pollicitationes</span> <span class='ocrx_word' id='word_1_425' title='bbox 2005 3009 2043 3072; x_wconf 92' lang='lat' dir='ltr'>in</span> <span class='ocrx_word' id='word_1_426' title='bbox 2067 3028 2196 3074; x_wconf 86' lang='lat' dir='ltr'>merum</span> 
     </span>
     <span class='ocr_line' id='line_1_32' title="bbox 192 3093 2023 3179; baseline 0 -21"><span class='ocrx_word' id='word_1_427' title='bbox 192 3115 264 3159; x_wconf 90' lang='lat' dir='ltr'>esse</span> <span class='ocrx_word' id='word_1_428' title='bbox 280 3099 411 3177; x_wconf 84' lang='lat' dir='ltr'>gratum</span> <span class='ocrx_word' id='word_1_429' title='bbox 423 3093 504 3167; x_wconf 83' lang='lat' dir='ltr'>Deo,</span> <span class='ocrx_word' id='word_1_430' title='bbox 522 3108 555 3157; x_wconf 84' lang='lat' dir='ltr'>et</span> <span class='ocrx_word' id='word_1_431' title='bbox 569 3114 636 3158; x_wconf 91' lang='lat' dir='ltr'>non</span> <span class='ocrx_word' id='word_1_432' title='bbox 652 3114 763 3159; x_wconf 91' lang='lat' dir='ltr'>carere</span> <span class='ocrx_word' id='word_1_433' title='bbox 778 3095 897 3159; x_wconf 86' lang='lat' dir='ltr'>fructu.</span> <span class='ocrx_word' id='word_1_434' title='bbox 920 3095 1005 3159; x_wconf 90' lang='lat' dir='ltr'>Nam</span> <span class='ocrx_word' id='word_1_435' title='bbox 1018 3093 1167 3160; x_wconf 85' lang='lat' dir='ltr'>doctrina</span> <span class='ocrx_word' id='word_1_436' title='bbox 1219 3094 1427 3161; x_wconf 89' lang='lat' dir='ltr'>mendacium</span> <span class='ocrx_word' id='word_1_437' title='bbox 1449 3105 1483 3159; x_wconf 88' lang='lat' dir='ltr'>et</span> <span class='ocrx_word' id='word_1_438' title='bbox 1504 3095 1657 3162; x_wconf 84' lang='lat' dir='ltr'>fallacias.</span> <span class='ocrx_word' id='word_1_439' title='bbox 1701 3096 1821 3162; x_wconf 89' lang='lat' dir='ltr'>Postea</span> <span class='ocrx_word' id='word_1_440' title='bbox 1841 3094 2023 3179; x_wconf 77' lang='lat' dir='ltr'>subiungit,</span> 
     </span>
     <span class='ocr_line' id='line_1_33' title="bbox 193 3179 1166 3254; baseline -0.001 -11"><span class='ocrx_word' id='word_1_441' title='bbox 193 3180 257 3243; x_wconf 90' lang='lat' dir='ltr'>Dei</span> <span class='ocrx_word' id='word_1_442' title='bbox 280 3199 345 3242; x_wconf 91' lang='lat' dir='ltr'>non</span> <span class='ocrx_word' id='word_1_443' title='bbox 368 3187 496 3241; x_wconf 88' lang='lat' dir='ltr'>tautum</span> <span class='ocrx_word' id='word_1_444' title='bbox 518 3181 552 3240; x_wconf 92' lang='lat' dir='ltr'>in</span> <span class='ocrx_word' id='word_1_445' title='bbox 575 3179 713 3241; x_wconf 90' lang='lat' dir='ltr'>salutem</span> <span class='ocrx_word' id='word_1_446' title='bbox 736 3179 905 3244; x_wconf 91' lang='lat' dir='ltr'>hominum</span> <span class='ocrx_word' id='word_1_447' title='bbox 924 3180 1091 3245; x_wconf 89' lang='lat' dir='ltr'>fructuosa</span> <span class='ocrx_word' id='word_1_448' title='bbox 1106 3190 1166 3254; x_wconf 89' lang='lat' dir='ltr'>est,</span> 
     </span>
     <span class='ocr_line' id='line_1_34' title="bbox 192 3262 2199 3350; baseline 0 -21"><span class='ocrx_word' id='word_1_449' title='bbox 192 3265 305 3331; x_wconf 92' lang='lat' dir='ltr'>sedin</span> <span class='ocrx_word' id='word_1_450' title='bbox 330 3271 477 3327; x_wconf 90' lang='lat' dir='ltr'>mortem.</span> <span class='ocrx_word' id='word_1_451' title='bbox 511 3262 664 3329; x_wconf 90' lang='lat' dir='ltr'>Ostendit</span> <span class='ocrx_word' id='word_1_452' title='bbox 685 3264 786 3346; x_wconf 84' lang='lat' dir='ltr'>igitur</span> <span class='ocrx_word' id='word_1_453' title='bbox 801 3264 892 3328; x_wconf 91' lang='lat' dir='ltr'>Deus</span> <span class='ocrx_word' id='word_1_454' title='bbox 913 3264 996 3328; x_wconf 93' lang='lat' dir='ltr'>nihil</span> <span class='ocrx_word' id='word_1_455' title='bbox 1013 3264 1168 3330; x_wconf 90' lang='lat' dir='ltr'>decedere</span> <span class='ocrx_word' id='word_1_456' title='bbox 1305 3266 1356 3331; x_wconf 82' lang='lat'>29.</span> <span class='ocrx_word' id='word_1_457' title='bbox 1383 3266 1486 3330; x_wconf 80' lang='lat' dir='ltr'>Terede</span> <span class='ocrx_word' id='word_1_458' title='bbox 1500 3285 1619 3331; x_wconf 80' lang='lat' dir='ltr'>censam</span> <span class='ocrx_word' id='word_1_459' title='bbox 1640 3272 1736 3348; x_wconf 77' lang='lat' dir='ltr'>taum,</span> <span class='ocrx_word' id='word_1_460' title='bbox 1758 3268 1921 3350; x_wconf 56' lang='lat' dir='ltr'>etproim</span> <span class='ocrx_word' id='word_1_461' title='bbox 1936 3271 1966 3333; x_wconf 79' lang='lat' dir='ltr'>er</span> <span class='ocrx_word' id='word_1_462' title='bbox 1980 3265 2090 3331; x_wconf 61' lang='lat' dir='ltr'>emta</span> <span class='ocrx_word' id='word_1_463' title='bbox 2102 3284 2199 3346; x_wconf 76' lang='lat' dir='ltr'>erepet</span> 
     </span>
     <span class='ocr_line' id='line_1_35' title="bbox 193 3348 2197 3437; baseline -0 -21"><span class='ocrx_word' id='word_1_464' title='bbox 193 3372 288 3417; x_wconf 85' lang='lat' dir='ltr'>servo</span> <span class='ocrx_word' id='word_1_465' title='bbox 317 3370 386 3425; x_wconf 86' lang='lat' dir='ltr'>suo,</span> <span class='ocrx_word' id='word_1_466' title='bbox 420 3350 519 3413; x_wconf 90' lang='lat' dir='ltr'>etiam</span> <span class='ocrx_word' id='word_1_467' title='bbox 548 3350 575 3414; x_wconf 93' lang='lat' dir='ltr'>si</span> <span class='ocrx_word' id='word_1_468' title='bbox 607 3370 673 3413; x_wconf 92' lang='lat' dir='ltr'>nun</span> <span class='ocrx_word' id='word_1_469' title='bbox 707 3349 902 3433; x_wconf 89' lang='lat' dir='ltr'>resipiscant</span> <span class='ocrx_word' id='word_1_470' title='bbox 934 3348 1057 3430; x_wconf 88' lang='lat' dir='ltr'>Iudaei,</span> <span class='ocrx_word' id='word_1_471' title='bbox 1090 3349 1168 3434; x_wconf 88' lang='lat' dir='ltr'>quia</span> <span class='ocrx_word' id='word_1_472' title='bbox 1219 3350 1338 3418; x_wconf 60' lang='lat' dir='ltr'>erem</span> <span class='ocrx_word' id='word_1_473' title='bbox 1353 3352 1617 3417; x_wconf 74' lang='lat' dir='ltr'>amenrsrtonen:</span> <span class='ocrx_word' id='word_1_474' title='bbox 1638 3353 1715 3434; x_wconf 80' lang='lat' dir='ltr'>quin</span> <span class='ocrx_word' id='word_1_475' title='bbox 1728 3354 1905 3434; x_wconf 75' lang='lat' dir='ltr'>reprobavit</span> <span class='ocrx_word' id='word_1_476' title='bbox 1925 3350 1992 3437; x_wconf 86' lang='lat' dir='ltr'>(vel</span> <span class='ocrx_word' id='word_1_477' title='bbox 2011 3351 2197 3435; x_wconf 84' lang='lat' dir='ltr'>vilipendit,</span> 
     </span>
     <span class='ocr_line' id='line_1_36' title="bbox 193 3434 2200 3521; baseline -0.001 -17"><span class='ocrx_word' id='word_1_478' title='bbox 193 3439 315 3504; x_wconf 89' lang='lat' dir='ltr'>seilicet</span> <span class='ocrx_word' id='word_1_479' title='bbox 352 3437 415 3498; x_wconf 90' lang='lat' dir='ltr'>erit</span> <span class='ocrx_word' id='word_1_480' title='bbox 451 3436 597 3516; x_wconf 92' lang='lat' dir='ltr'>ipsorum</span> <span class='ocrx_word' id='word_1_481' title='bbox 634 3435 748 3515; x_wconf 91' lang='lat' dir='ltr'>iudex,</span> <span class='ocrx_word' id='word_1_482' title='bbox 793 3456 830 3501; x_wconf 91' lang='lat' dir='ltr'>ae</span> <span class='ocrx_word' id='word_1_483' title='bbox 867 3434 1072 3502; x_wconf 89' lang='lat' dir='ltr'>denuntiabit</span> <span class='ocrx_word' id='word_1_484' title='bbox 1108 3456 1168 3517; x_wconf 89' lang='lat' dir='ltr'>pro</span> <span class='ocrx_word' id='word_1_485' title='bbox 1219 3439 1275 3504; x_wconf 88' lang='lat' dir='ltr'>sed</span> <span class='ocrx_word' id='word_1_486' title='bbox 1298 3436 1433 3501; x_wconf 87' lang='lat' dir='ltr'>verbum</span> <span class='ocrx_word' id='word_1_487' title='bbox 1466 3438 1661 3518; x_wconf 87' lang='lat' dir='ltr'>reprobandi</span> <span class='ocrx_word' id='word_1_488' title='bbox 1690 3441 1795 3521; x_wconf 81' lang='lat' dir='ltr'>magis</span> <span class='ocrx_word' id='word_1_489' title='bbox 1816 3439 1924 3521; x_wconf 90' lang='lat' dir='ltr'>placet</span> <span class='ocrx_word' id='word_1_490' title='bbox 1944 3438 2007 3502; x_wconf 92' lang='lat' dir='ltr'>hoo</span> <span class='ocrx_word' id='word_1_491' title='bbox 2028 3435 2117 3521; x_wconf 90' lang='lat' dir='ltr'>loeo)</span> <span class='ocrx_word' id='word_1_492' title='bbox 2152 3435 2200 3501; x_wconf 86' lang='lat' dir='ltr'>Ie·</span> 
     </span>
     <span class='ocr_line' id='line_1_37' title="bbox 193 3520 2030 3608; baseline 0 -19"><span class='ocrx_word' id='word_1_493' title='bbox 193 3542 322 3589; x_wconf 90' lang='lat' dir='ltr'>summa</span> <span class='ocrx_word' id='word_1_494' title='bbox 355 3530 514 3602; x_wconf 85' lang='lat' dir='ltr'>potestate</span> <span class='ocrx_word' id='word_1_495' title='bbox 545 3520 726 3585; x_wconf 89' lang='lat' dir='ltr'>interitum.</span> <span class='ocrx_word' id='word_1_496' title='bbox 782 3521 879 3587; x_wconf 87' lang='lat' dir='ltr'>Nune</span> <span class='ocrx_word' id='word_1_497' title='bbox 910 3530 1058 3587; x_wconf 89' lang='lat' dir='ltr'>tenemus</span> <span class='ocrx_word' id='word_1_498' title='bbox 1091 3541 1167 3587; x_wconf 88' lang='lat' dir='ltr'>oon·</span> <span class='ocrx_word' id='word_1_499' title='bbox 1221 3522 1329 3599; x_wconf 79' lang='lat' dir='ltr'>decad,</span> <span class='ocrx_word' id='word_1_500' title='bbox 1351 3522 1526 3605; x_wconf 74' lang='lat' dir='ltr'>etreliqua</span> <span class='ocrx_word' id='word_1_501' title='bbox 1546 3528 1674 3589; x_wconf 67' lang='lat' dir='ltr'>maren</span> <span class='ocrx_word' id='word_1_502' title='bbox 1696 3524 1924 3608; x_wconf 76' lang='lat' dir='ltr'>indipaatiorts&#39;s</span> <span class='ocrx_word' id='word_1_503' title='bbox 1943 3543 2030 3589; x_wconf 69' lang='lat' dir='ltr'>meua</span> 
     </span>
     <span class='ocr_line' id='line_1_38' title="bbox 193 3605 1167 3689; baseline 0 -16"><span class='ocrx_word' id='word_1_504' title='bbox 193 3609 303 3673; x_wconf 92' lang='lat' dir='ltr'>silium</span> <span class='ocrx_word' id='word_1_505' title='bbox 326 3606 460 3689; x_wconf 87' lang='lat' dir='ltr'>spiritus</span> <span class='ocrx_word' id='word_1_506' title='bbox 482 3607 594 3681; x_wconf 88' lang='lat' dir='ltr'>sancti,</span> <span class='ocrx_word' id='word_1_507' title='bbox 619 3605 672 3670; x_wconf 91' lang='lat' dir='ltr'>nbi</span> <span class='ocrx_word' id='word_1_508' title='bbox 695 3605 782 3683; x_wconf 89' lang='lat' dir='ltr'>dicit,</span> <span class='ocrx_word' id='word_1_509' title='bbox 807 3606 945 3673; x_wconf 75' lang='lat' dir='ltr'>Tandem</span> <span class='ocrx_word' id='word_1_510' title='bbox 965 3607 1057 3685; x_wconf 80' lang='lat' dir='ltr'>dices,</span> <span class='ocrx_word' id='word_1_511' title='bbox 1080 3607 1167 3673; x_wconf 84' lang='lat' dir='ltr'>Haeo</span> 
     </span>
     <span class='ocr_line' id='line_1_39' title="bbox 191 3692 2200 3777; baseline -0.002 -18"><span class='ocrx_word' id='word_1_512' title='bbox 191 3714 276 3777; x_wconf 78' lang='lat' dir='ltr'>peras,</span> <span class='ocrx_word' id='word_1_513' title='bbox 305 3712 385 3772; x_wconf 80' lang='lat' dir='ltr'>quae</span> <span class='ocrx_word' id='word_1_514' title='bbox 407 3692 733 3756; x_wconf 62' lang='lat' dir='ltr'>norwicensem</span> <span class='ocrx_word' id='word_1_515' title='bbox 754 3692 818 3758; x_wconf 80' lang='lat' dir='ltr'>Dei</span> <span class='ocrx_word' id='word_1_516' title='bbox 839 3695 900 3758; x_wconf 84' lang='lat' dir='ltr'>sai.</span> <span class='ocrx_word' id='word_1_517' title='bbox 945 3693 1058 3777; x_wconf 88' lang='lat' dir='ltr'>Neque</span> <span class='ocrx_word' id='word_1_518' title='bbox 1080 3695 1166 3759; x_wconf 91' lang='lat' dir='ltr'>enim</span> <span class='ocrx_word' id='word_1_519' title='bbox 1305 3694 1371 3759; x_wconf 89' lang='lat' dir='ltr'>Hie</span> <span class='ocrx_word' id='word_1_520' title='bbox 1391 3714 1507 3759; x_wconf 92' lang='lat' dir='ltr'>rursus</span> <span class='ocrx_word' id='word_1_521' title='bbox 1530 3694 1679 3758; x_wconf 91' lang='lat' dir='ltr'>hortatur</span> <span class='ocrx_word' id='word_1_522' title='bbox 1700 3693 1857 3760; x_wconf 87' lang='lat' dir='ltr'>Ieremias</span> <span class='ocrx_word' id='word_1_523' title='bbox 1888 3714 1964 3760; x_wconf 93' lang='lat' dir='ltr'>suos</span> <span class='ocrx_word' id='word_1_524' title='bbox 1986 3692 2027 3757; x_wconf 88' lang='lat' dir='ltr'>ad</span> <span class='ocrx_word' id='word_1_525' title='bbox 2060 3692 2200 3757; x_wconf 89' lang='lat' dir='ltr'>luotum.</span> 
     </span>
     <span class='ocr_line' id='line_1_40' title="bbox 195 3776 2201 3864; baseline -0 -21"><span class='ocrx_word' id='word_1_526' title='bbox 195 3781 248 3844; x_wconf 91' lang='lat' dir='ltr'>hie</span> <span class='ocrx_word' id='word_1_527' title='bbox 270 3780 402 3842; x_wconf 91' lang='lat' dir='ltr'>iubetur</span> <span class='ocrx_word' id='word_1_528' title='bbox 429 3776 587 3858; x_wconf 90' lang='lat' dir='ltr'>propheta</span> <span class='ocrx_word' id='word_1_529' title='bbox 609 3776 747 3842; x_wconf 88' lang='lat' dir='ltr'>Iudaeos</span> <span class='ocrx_word' id='word_1_530' title='bbox 776 3777 907 3862; x_wconf 91' lang='lat' dir='ltr'>alloqui,</span> <span class='ocrx_word' id='word_1_531' title='bbox 936 3778 992 3844; x_wconf 92' lang='lat' dir='ltr'>ssd</span> <span class='ocrx_word' id='word_1_532' title='bbox 1021 3778 1168 3863; x_wconf 81' lang='lat' dir='ltr'>proferre</span> <span class='ocrx_word' id='word_1_533' title='bbox 1219 3781 1333 3848; x_wconf 86' lang='lat' dir='ltr'>Utitur</span> <span class='ocrx_word' id='word_1_534' title='bbox 1355 3789 1462 3844; x_wconf 91' lang='lat' dir='ltr'>autem</span> <span class='ocrx_word' id='word_1_535' title='bbox 1492 3800 1612 3864; x_wconf 81' lang='lat' dir='ltr'>genere</span> <span class='ocrx_word' id='word_1_536' title='bbox 1641 3778 1808 3859; x_wconf 85' lang='lat' dir='ltr'>feminino,</span> <span class='ocrx_word' id='word_1_537' title='bbox 1837 3776 2114 3863; x_wconf 91' lang='lat' dir='ltr'>quemadmodum</span> <span class='ocrx_word' id='word_1_538' title='bbox 2147 3797 2201 3860; x_wconf 76' lang='lat' dir='ltr'>po</span> 
     </span>
     <span class='ocr_line' id='line_1_41' title="bbox 194 3862 2201 3949; baseline 0 -20"><span class='ocrx_word' id='word_1_539' title='bbox 194 3863 402 3935; x_wconf 89' lang='lat' dir='ltr'>sententiam,</span> <span class='ocrx_word' id='word_1_540' title='bbox 439 3872 476 3925; x_wconf 91' lang='lat' dir='ltr'>ut</span> <span class='ocrx_word' id='word_1_541' title='bbox 509 3870 596 3926; x_wconf 89' lang='lat' dir='ltr'>totus</span> <span class='ocrx_word' id='word_1_542' title='bbox 628 3862 772 3928; x_wconf 92' lang='lat' dir='ltr'>mundus</span> <span class='ocrx_word' id='word_1_543' title='bbox 809 3865 890 3930; x_wconf 88' lang='lat' dir='ltr'>sciat</span> <span class='ocrx_word' id='word_1_544' title='bbox 927 3885 1024 3946; x_wconf 91' lang='lat' dir='ltr'>quam</span> <span class='ocrx_word' id='word_1_545' title='bbox 1061 3864 1168 3946; x_wconf 88' lang='lat' dir='ltr'>turpis</span> <span class='ocrx_word' id='word_1_546' title='bbox 1221 3866 1317 3949; x_wconf 90' lang='lat' dir='ltr'>pulus</span> <span class='ocrx_word' id='word_1_547' title='bbox 1344 3872 1479 3931; x_wconf 83' lang='lat' dir='ltr'>vocatur</span> <span class='ocrx_word' id='word_1_548' title='bbox 1508 3865 1576 3930; x_wconf 87' lang='lat' dir='ltr'>filia</span> <span class='ocrx_word' id='word_1_549' title='bbox 1598 3862 1691 3944; x_wconf 87' lang='lat' dir='ltr'>Sion,</span> <span class='ocrx_word' id='word_1_550' title='bbox 1721 3877 1753 3930; x_wconf 92' lang='lat' dir='ltr'>et</span> <span class='ocrx_word' id='word_1_551' title='bbox 1781 3866 1848 3932; x_wconf 89' lang='lat' dir='ltr'>filia</span> <span class='ocrx_word' id='word_1_552' title='bbox 1870 3864 2063 3931; x_wconf 87' lang='lat' dir='ltr'>Ierusalem.</span> <span class='ocrx_word' id='word_1_553' title='bbox 2108 3863 2201 3946; x_wconf 76' lang='lat' dir='ltr'>largo</span> 
     </span>
     <span class='ocr_line' id='line_1_42' title="bbox 196 3946 2203 4034; baseline -0.001 -21"><span class='ocrx_word' id='word_1_554' title='bbox 196 3950 293 4013; x_wconf 85' lang='lat' dir='ltr'>luerit</span> <span class='ocrx_word' id='word_1_555' title='bbox 325 3967 363 4011; x_wconf 91' lang='lat' dir='ltr'>ac</span> <span class='ocrx_word' id='word_1_556' title='bbox 394 3946 595 4012; x_wconf 90' lang='lat' dir='ltr'>detestabilis</span> <span class='ocrx_word' id='word_1_557' title='bbox 624 3969 736 4012; x_wconf 89' lang='lat' dir='ltr'>eorum</span> <span class='ocrx_word' id='word_1_558' title='bbox 766 3952 979 4030; x_wconf 91' lang='lat' dir='ltr'>coutumacia,</span> <span class='ocrx_word' id='word_1_559' title='bbox 1009 3959 1042 4014; x_wconf 91' lang='lat' dir='ltr'>et</span> <span class='ocrx_word' id='word_1_560' title='bbox 1071 3970 1167 4033; x_wconf 90' lang='lat' dir='ltr'>quam</span> <span class='ocrx_word' id='word_1_561' title='bbox 1221 3974 1262 4018; x_wconf 91' lang='lat' dir='ltr'>ex</span> <span class='ocrx_word' id='word_1_562' title='bbox 1284 3950 1449 4017; x_wconf 87' lang='lat' dir='ltr'>communi</span> <span class='ocrx_word' id='word_1_563' title='bbox 1471 3950 1625 4034; x_wconf 91' lang='lat' dir='ltr'>loquendi</span> <span class='ocrx_word' id='word_1_564' title='bbox 1648 3972 1709 4016; x_wconf 89' lang='lat' dir='ltr'>usu</span> <span class='ocrx_word' id='word_1_565' title='bbox 1725 3953 1817 4034; x_wconf 89' lang='lat' dir='ltr'>quasi</span> <span class='ocrx_word' id='word_1_566' title='bbox 1832 3951 2003 4016; x_wconf 87' lang='lat' dir='ltr'>mulierem</span> <span class='ocrx_word' id='word_1_567' title='bbox 2020 3948 2203 4033; x_wconf 86' lang='lat' dir='ltr'>compellat</span> 
     </span>
     <span class='ocr_line' id='line_1_43' title="bbox 196 4033 2201 4120; baseline 0 -20"><span class='ocrx_word' id='word_1_568' title='bbox 196 4033 354 4114; x_wconf 81' lang='lat' dir='ltr'>sacrilega</span> <span class='ocrx_word' id='word_1_569' title='bbox 381 4034 540 4115; x_wconf 87' lang='lat' dir='ltr'>impietas,</span> <span class='ocrx_word' id='word_1_570' title='bbox 575 4033 659 4115; x_wconf 93' lang='lat' dir='ltr'>qnod</span> <span class='ocrx_word' id='word_1_571' title='bbox 693 4034 816 4099; x_wconf 89' lang='lat' dir='ltr'>scilicet</span> <span class='ocrx_word' id='word_1_572' title='bbox 847 4056 909 4100; x_wconf 82' lang='lat' dir='ltr'>aea</span> <span class='ocrx_word' id='word_1_573' title='bbox 940 4035 1077 4100; x_wconf 80' lang='lat' dir='ltr'>audierit</span> <span class='ocrx_word' id='word_1_574' title='bbox 1107 4039 1169 4101; x_wconf 79' lang='lat' dir='ltr'>aa</span> <span class='ocrx_word' id='word_1_575' title='bbox 1221 4047 1324 4103; x_wconf 90' lang='lat' dir='ltr'>totum</span> <span class='ocrx_word' id='word_1_576' title='bbox 1348 4036 1516 4120; x_wconf 89' lang='lat' dir='ltr'>populum.</span> <span class='ocrx_word' id='word_1_577' title='bbox 1561 4035 1656 4102; x_wconf 90' lang='lat' dir='ltr'>Iubet</span> <span class='ocrx_word' id='word_1_578' title='bbox 1677 4038 1771 4102; x_wconf 90' lang='lat' dir='ltr'>initio</span> <span class='ocrx_word' id='word_1_579' title='bbox 1792 4038 1914 4104; x_wconf 70' lang='lat' dir='ltr'>madere</span> <span class='ocrx_word' id='word_1_580' title='bbox 1933 4036 2120 4102; x_wconf 76' lang='lat' dir='ltr'>caesariem.</span> <span class='ocrx_word' id='word_1_581' title='bbox 2154 4047 2201 4101; x_wconf 67' lang='grc' dir='ltr'>Ἣ</span> 
     </span>
     <span class='ocr_line' id='line_1_44' title="bbox 197 4116 2201 4204; baseline 0 -20"><span class='ocrx_word' id='word_1_582' title='bbox 197 4121 290 4185; x_wconf 80' lang='lat' dir='ltr'>sautia</span> <span class='ocrx_word' id='word_1_583' title='bbox 334 4116 474 4181; x_wconf 86' lang='lat' dir='ltr'>Videtur</span> <span class='ocrx_word' id='word_1_584' title='bbox 496 4139 614 4183; x_wconf 92' lang='lat' dir='ltr'>nomen</span> <span class='ocrx_word' id='word_1_585' title='bbox 638 4120 745 4200; x_wconf 83' lang='lat' dir='ltr'>gentis</span> <span class='ocrx_word' id='word_1_586' title='bbox 768 4119 821 4186; x_wconf 89' lang='lat' dir='ltr'>hio</span> <span class='ocrx_word' id='word_1_587' title='bbox 845 4120 880 4184; x_wconf 94' lang='lat' dir='ltr'>in</span> <span class='ocrx_word' id='word_1_588' title='bbox 902 4121 1069 4186; x_wconf 87' lang='lat' dir='ltr'>sinistram</span> <span class='ocrx_word' id='word_1_589' title='bbox 1092 4141 1167 4203; x_wconf 89' lang='lat' dir='ltr'>par·</span> <span class='ocrx_word' id='word_1_590' title='bbox 1220 4123 1378 4204; x_wconf 87' lang='lat' dir='ltr'>accipitur</span> <span class='ocrx_word' id='word_1_591' title='bbox 1399 4143 1457 4204; x_wconf 93' lang='lat' dir='ltr'>pro</span> <span class='ocrx_word' id='word_1_592' title='bbox 1479 4120 1630 4198; x_wconf 79' lang='lat' dir='ltr'>caesarie,</span> <span class='ocrx_word' id='word_1_593' title='bbox 1652 4130 1686 4186; x_wconf 91' lang='lat' dir='ltr'>et</span> <span class='ocrx_word' id='word_1_594' title='bbox 1707 4121 1913 4190; x_wconf 85' lang='lat' dir='ltr'>deducitura</span> <span class='ocrx_word' id='word_1_595' title='bbox 1931 4122 2119 4199; x_wconf 81' lang='lat' dir='ltr'>Neaeraeis,</span> <span class='ocrx_word' id='word_1_596' title='bbox 2143 4121 2201 4203; x_wconf 91' lang='lat' dir='ltr'>qui</span> 
     </span>
     <span class='ocr_line' id='line_1_45' title="bbox 197 4203 2202 4290; baseline -0 -19"><span class='ocrx_word' id='word_1_597' title='bbox 197 4217 263 4271; x_wconf 90' lang='lat' dir='ltr'>tem</span> <span class='ocrx_word' id='word_1_598' title='bbox 287 4203 398 4284; x_wconf 88' lang='lat' dir='ltr'>accipi.</span> <span class='ocrx_word' id='word_1_599' title='bbox 444 4203 558 4269; x_wconf 88' lang='lat' dir='ltr'>Multis</span> <span class='ocrx_word' id='word_1_600' title='bbox 580 4204 710 4286; x_wconf 90' lang='lat' dir='ltr'>quidem</span> <span class='ocrx_word' id='word_1_601' title='bbox 741 4205 819 4271; x_wconf 91' lang='lat' dir='ltr'>locis</span> <span class='ocrx_word' id='word_1_602' title='bbox 842 4207 1000 4289; x_wconf 87' lang='lat' dir='ltr'>accipitur</span> <span class='ocrx_word' id='word_1_603' title='bbox 1026 4226 1084 4288; x_wconf 90' lang='lat' dir='ltr'>pro</span> <span class='ocrx_word' id='word_1_604' title='bbox 1112 4227 1168 4287; x_wconf 89' lang='lat' dir='ltr'>po·</span> <span class='ocrx_word' id='word_1_605' title='bbox 1221 4229 1346 4274; x_wconf 89' lang='lat' dir='ltr'>comam</span> <span class='ocrx_word' id='word_1_606' title='bbox 1369 4206 1515 4271; x_wconf 88' lang='lat' dir='ltr'>alebant:</span> <span class='ocrx_word' id='word_1_607' title='bbox 1544 4218 1578 4271; x_wconf 88' lang='lat' dir='ltr'>et</span> <span class='ocrx_word' id='word_1_608' title='bbox 1600 4216 1800 4290; x_wconf 90' lang='lat' dir='ltr'>potestesse</span> <span class='ocrx_word' id='word_1_609' title='bbox 1822 4210 1980 4276; x_wconf 87' lang='lat' dir='ltr'>concinna</span> <span class='ocrx_word' id='word_1_610' title='bbox 2007 4206 2129 4272; x_wconf 87' lang='lat' dir='ltr'>allusio</span> <span class='ocrx_word' id='word_1_611' title='bbox 2159 4204 2202 4270; x_wconf 85' lang='lat' dir='ltr'>ad</span> 
     </span>
     <span class='ocr_line' id='line_1_46' title="bbox 196 4288 2201 4378; baseline 0.001 -22"><span class='ocrx_word' id='word_1_612' title='bbox 196 4291 290 4375; x_wconf 93' lang='lat' dir='ltr'>pulo:</span> <span class='ocrx_word' id='word_1_613' title='bbox 325 4288 382 4353; x_wconf 91' lang='lat' dir='ltr'>sed</span> <span class='ocrx_word' id='word_1_614' title='bbox 412 4288 483 4351; x_wconf 89' lang='lat' dir='ltr'>aliis</span> <span class='ocrx_word' id='word_1_615' title='bbox 514 4291 591 4353; x_wconf 92' lang='lat' dir='ltr'>locis</span> <span class='ocrx_word' id='word_1_616' title='bbox 614 4303 675 4356; x_wconf 70' lang='lat' dir='ltr'>nti</span> <span class='ocrx_word' id='word_1_617' title='bbox 706 4290 840 4373; x_wconf 90' lang='lat' dir='ltr'>opponit</span> <span class='ocrx_word' id='word_1_618' title='bbox 873 4291 1035 4375; x_wconf 88' lang='lat' dir='ltr'>scriptura</span> <span class='ocrx_word' id='word_1_619' title='bbox 1066 4290 1187 4356; x_wconf 89' lang='lat' dir='ltr'>electo·</span> <span class='ocrx_word' id='word_1_620' title='bbox 1221 4294 1413 4371; x_wconf 85' lang='lat' dir='ltr'>Nazaraeos,</span> <span class='ocrx_word' id='word_1_621' title='bbox 1444 4292 1502 4374; x_wconf 93' lang='lat' dir='ltr'>qui</span> <span class='ocrx_word' id='word_1_622' title='bbox 1523 4294 1594 4358; x_wconf 91' lang='lat' dir='ltr'>Deo</span> <span class='ocrx_word' id='word_1_623' title='bbox 1616 4295 1699 4358; x_wconf 88' lang='lat' dir='ltr'>sacri</span> <span class='ocrx_word' id='word_1_624' title='bbox 1727 4303 1837 4360; x_wconf 87' lang='lat' dir='ltr'>erant:</span> <span class='ocrx_word' id='word_1_625' title='bbox 1867 4293 1961 4378; x_wconf 88' lang='lat' dir='ltr'>quasi</span> <span class='ocrx_word' id='word_1_626' title='bbox 1983 4293 2119 4372; x_wconf 85' lang='lat' dir='ltr'>diceret,</span> <span class='ocrx_word' id='word_1_627' title='bbox 2143 4312 2201 4374; x_wconf 88' lang='lat' dir='ltr'>po-</span> 
     </span>
     <span class='ocr_line' id='line_1_47' title="bbox 196 4374 2202 4462; baseline -0 -20"><span class='ocrx_word' id='word_1_628' title='bbox 196 4377 317 4461; x_wconf 91' lang='lat' dir='ltr'>populn</span> <span class='ocrx_word' id='word_1_629' title='bbox 339 4374 412 4438; x_wconf 90' lang='lat' dir='ltr'>Dei.</span> <span class='ocrx_word' id='word_1_630' title='bbox 458 4375 503 4437; x_wconf 82' lang='lat' dir='ltr'>Et</span> <span class='ocrx_word' id='word_1_631' title='bbox 525 4376 607 4439; x_wconf 85' lang='lat' dir='ltr'>forte</span> <span class='ocrx_word' id='word_1_632' title='bbox 630 4376 692 4438; x_wconf 93' lang='lat' dir='ltr'>hoc</span> <span class='ocrx_word' id='word_1_633' title='bbox 715 4395 835 4440; x_wconf 89' lang='lat' dir='ltr'>nomen</span> <span class='ocrx_word' id='word_1_634' title='bbox 865 4379 1007 4459; x_wconf 91' lang='lat' dir='ltr'>positum</span> <span class='ocrx_word' id='word_1_635' title='bbox 1031 4377 1104 4454; x_wconf 85' lang='lat' dir='ltr'>init,</span> <span class='ocrx_word' id='word_1_636' title='bbox 1134 4385 1170 4440; x_wconf 89' lang='lat' dir='ltr'>ut</span> <span class='ocrx_word' id='word_1_637' title='bbox 1222 4380 1333 4462; x_wconf 90' lang='lat' dir='ltr'>pulum</span> <span class='ocrx_word' id='word_1_638' title='bbox 1356 4377 1449 4442; x_wconf 94' lang='lat' dir='ltr'>illum</span> <span class='ocrx_word' id='word_1_639' title='bbox 1471 4377 1647 4460; x_wconf 78' lang='lat' dir='ltr'>profanum</span> <span class='ocrx_word' id='word_1_640' title='bbox 1675 4400 1754 4458; x_wconf 91' lang='lat' dir='ltr'>esse,</span> <span class='ocrx_word' id='word_1_641' title='bbox 1786 4381 1832 4445; x_wconf 90' lang='lat' dir='ltr'>ita</span> <span class='ocrx_word' id='word_1_642' title='bbox 1859 4402 1922 4445; x_wconf 92' lang='lat' dir='ltr'>nou</span> <span class='ocrx_word' id='word_1_643' title='bbox 1952 4376 2074 4443; x_wconf 89' lang='lat' dir='ltr'>debere</span> <span class='ocrx_word' id='word_1_644' title='bbox 2103 4377 2202 4461; x_wconf 87' lang='lat' dir='ltr'>quid·</span> 
     </span>
     <span class='ocr_line' id='line_1_48' title="bbox 196 4460 2201 4547; baseline -0 -18"><span class='ocrx_word' id='word_1_645' title='bbox 196 4462 310 4529; x_wconf 89' lang='lat' dir='ltr'>Iudaei</span> <span class='ocrx_word' id='word_1_646' title='bbox 347 4462 469 4525; x_wconf 91' lang='lat' dir='ltr'>scireut</span> <span class='ocrx_word' id='word_1_647' title='bbox 505 4481 540 4523; x_wconf 89' lang='lat' dir='ltr'>se</span> <span class='ocrx_word' id='word_1_648' title='bbox 576 4462 697 4524; x_wconf 90' lang='lat' dir='ltr'>frustra</span> <span class='ocrx_word' id='word_1_649' title='bbox 733 4460 867 4545; x_wconf 82' lang='lat' dir='ltr'>gloriari</span> <span class='ocrx_word' id='word_1_650' title='bbox 903 4482 963 4526; x_wconf 90' lang='lat' dir='ltr'>sua</span> <span class='ocrx_word' id='word_1_651' title='bbox 1000 4461 1169 4546; x_wconf 84' lang='lat' dir='ltr'>dignitate.</span> <span class='ocrx_word' id='word_1_652' title='bbox 1221 4484 1319 4547; x_wconf 90' lang='lat' dir='ltr'>quam</span> <span class='ocrx_word' id='word_1_653' title='bbox 1350 4462 1470 4528; x_wconf 89' lang='lat' dir='ltr'>habere</span> <span class='ocrx_word' id='word_1_654' title='bbox 1501 4464 1606 4529; x_wconf 90' lang='lat' dir='ltr'>simile</span> <span class='ocrx_word' id='word_1_655' title='bbox 1639 4484 1713 4529; x_wconf 92' lang='lat' dir='ltr'>cum</span> <span class='ocrx_word' id='word_1_656' title='bbox 1743 4465 1926 4531; x_wconf 85' lang='lat' dir='ltr'>Nazaraeis.</span> <span class='ocrx_word' id='word_1_657' title='bbox 1977 4462 2063 4528; x_wconf 88' lang='lat' dir='ltr'>Inde</span> <span class='ocrx_word' id='word_1_658' title='bbox 2097 4465 2201 4530; x_wconf 80' lang='lat' dir='ltr'>etiam</span> 
     </span>
     <span class='ocr_line' id='line_1_49' title="bbox 197 4546 2201 4635; baseline -0.001 -21"><span class='ocrx_word' id='word_1_659' title='bbox 197 4546 353 4615; x_wconf 88' lang='lat' dir='ltr'>Ostendit</span> <span class='ocrx_word' id='word_1_660' title='bbox 389 4565 455 4608; x_wconf 92' lang='lat' dir='ltr'>non</span> <span class='ocrx_word' id='word_1_661' title='bbox 493 4546 687 4610; x_wconf 90' lang='lat' dir='ltr'>antecellere</span> <span class='ocrx_word' id='word_1_662' title='bbox 725 4547 857 4630; x_wconf 87' lang='lat' dir='ltr'>reliquis</span> <span class='ocrx_word' id='word_1_663' title='bbox 894 4548 1057 4631; x_wconf 81' lang='lat' dir='ltr'>gentibus,</span> <span class='ocrx_word' id='word_1_664' title='bbox 1094 4548 1170 4630; x_wconf 91' lang='lat' dir='ltr'>qnia</span> <span class='ocrx_word' id='word_1_665' title='bbox 1222 4548 1393 4614; x_wconf 90' lang='lat' dir='ltr'>deducitur</span> <span class='ocrx_word' id='word_1_666' title='bbox 1415 4560 1478 4622; x_wconf 63' lang='lat' dir='ltr'>tlt,</span> <span class='ocrx_word' id='word_1_667' title='bbox 1507 4569 1635 4614; x_wconf 86' lang='lat' dir='ltr'>corona.</span> <span class='ocrx_word' id='word_1_668' title='bbox 1680 4551 1842 4632; x_wconf 81' lang='lat' dir='ltr'>Quamvis</span> <span class='ocrx_word' id='word_1_669' title='bbox 1863 4571 1941 4635; x_wconf 80' lang='lat' dir='ltr'>ergo</span> <span class='ocrx_word' id='word_1_670' title='bbox 1962 4549 2004 4616; x_wconf 89' lang='lat' dir='ltr'>de</span> <span class='ocrx_word' id='word_1_671' title='bbox 2025 4569 2124 4615; x_wconf 87' lang='lat' dir='ltr'>coma</span> <span class='ocrx_word' id='word_1_672' title='bbox 2145 4548 2201 4613; x_wconf 77' lang='lat' dir='ltr'>vel</span> 
     </span>
     <span class='ocr_line' id='line_1_50' title="bbox 197 4632 2200 4717; baseline -0.001 -16"><span class='ocrx_word' id='word_1_673' title='bbox 197 4638 264 4701; x_wconf 89' lang='lat' dir='ltr'>sint</span> <span class='ocrx_word' id='word_1_674' title='bbox 286 4635 385 4699; x_wconf 89' lang='lat' dir='ltr'>etiam</span> <span class='ocrx_word' id='word_1_675' title='bbox 407 4632 469 4713; x_wconf 91' lang='lat' dir='ltr'>ipsi</span> <span class='ocrx_word' id='word_1_676' title='bbox 491 4654 533 4696; x_wconf 91' lang='lat' dir='ltr'>ex</span> <span class='ocrx_word' id='word_1_677' title='bbox 557 4652 694 4696; x_wconf 90' lang='lat' dir='ltr'>numero</span> <span class='ocrx_word' id='word_1_678' title='bbox 719 4645 787 4699; x_wconf 57' lang='lat' dir='ltr'>niti.</span> <span class='ocrx_word' id='word_1_679' title='bbox 833 4633 921 4698; x_wconf 82' lang='lat' dir='ltr'>Haeo</span> <span class='ocrx_word' id='word_1_680' title='bbox 939 4652 1023 4715; x_wconf 80' lang='lat' dir='ltr'>perse,</span> <span class='ocrx_word' id='word_1_681' title='bbox 1052 4632 1170 4715; x_wconf 92' lang='lat' dir='ltr'>iuquit,</span> <span class='ocrx_word' id='word_1_682' title='bbox 1221 4634 1364 4700; x_wconf 89' lang='lat' dir='ltr'>caesarie</span> <span class='ocrx_word' id='word_1_683' title='bbox 1396 4633 1535 4717; x_wconf 85' lang='lat' dir='ltr'>intelligi</span> <span class='ocrx_word' id='word_1_684' title='bbox 1568 4635 1684 4701; x_wconf 89' lang='lat' dir='ltr'>debeat</span> <span class='ocrx_word' id='word_1_685' title='bbox 1718 4636 1781 4703; x_wconf 92' lang='lat' dir='ltr'>hoo</span> <span class='ocrx_word' id='word_1_686' title='bbox 1813 4657 1948 4714; x_wconf 90' lang='lat' dir='ltr'>nomen,</span> <span class='ocrx_word' id='word_1_687' title='bbox 1981 4655 2050 4700; x_wconf 92' lang='lat' dir='ltr'>non</span> <span class='ocrx_word' id='word_1_688' title='bbox 2085 4648 2200 4701; x_wconf 66' lang='lat' dir='ltr'>nmen</span> 
     </span>
     <span class='ocr_line' id='line_1_51' title="bbox 196 4717 2202 4805; baseline 0.002 -23"><span class='ocrx_word' id='word_1_689' title='bbox 196 4741 276 4802; x_wconf 81' lang='lat' dir='ltr'>quae</span> <span class='ocrx_word' id='word_1_690' title='bbox 296 4739 358 4783; x_wconf 81' lang='lat' dir='ltr'>noa</span> <span class='ocrx_word' id='word_1_691' title='bbox 380 4719 504 4783; x_wconf 80' lang='lat' dir='ltr'>audivit</span> <span class='ocrx_word' id='word_1_692' title='bbox 524 4737 624 4783; x_wconf 86' lang='lat' dir='ltr'>vocem</span> <span class='ocrx_word' id='word_1_693' title='bbox 647 4718 776 4783; x_wconf 80' lang='lat' dir='ltr'>Iehooac</span> <span class='ocrx_word' id='word_1_694' title='bbox 797 4717 862 4783; x_wconf 83' lang='lat' dir='ltr'>Dei</span> <span class='ocrx_word' id='word_1_695' title='bbox 883 4719 946 4783; x_wconf 80' lang='lat' dir='ltr'>sui.</span> <span class='ocrx_word' id='word_1_696' title='bbox 991 4717 1102 4797; x_wconf 77' lang='lat' dir='ltr'>Quum</span> <span class='ocrx_word' id='word_1_697' title='bbox 1125 4719 1170 4781; x_wconf 90' lang='lat' dir='ltr'>ita</span> <span class='ocrx_word' id='word_1_698' title='bbox 1221 4719 1417 4803; x_wconf 79' lang='lat' dir='ltr'>negligenda</span> <span class='ocrx_word' id='word_1_699' title='bbox 1440 4729 1488 4784; x_wconf 90' lang='lat' dir='ltr'>est</span> <span class='ocrx_word' id='word_1_700' title='bbox 1511 4719 1637 4800; x_wconf 91' lang='lat' dir='ltr'>allusio,</span> <span class='ocrx_word' id='word_1_701' title='bbox 1663 4723 1749 4805; x_wconf 89' lang='lat' dir='ltr'>quod</span> <span class='ocrx_word' id='word_1_702' title='bbox 1773 4723 1897 4788; x_wconf 89' lang='lat' dir='ltr'>scilicet</span> <span class='ocrx_word' id='word_1_703' title='bbox 1919 4721 2061 4803; x_wconf 90' lang='lat' dir='ltr'>populus</span> <span class='ocrx_word' id='word_1_704' title='bbox 2085 4743 2106 4786; x_wconf 88' lang='lat' dir='ltr'>a</span> <span class='ocrx_word' id='word_1_705' title='bbox 2128 4722 2202 4786; x_wconf 89' lang='lat' dir='ltr'>Deo</span> 
     </span>
     <span class='ocr_line' id='line_1_52' title="bbox 197 4802 2203 4887; baseline 0 -18"><span class='ocrx_word' id='word_1_706' title='bbox 197 4805 351 4887; x_wconf 91' lang='lat' dir='ltr'>loquitur,</span> <span class='ocrx_word' id='word_1_707' title='bbox 373 4804 459 4867; x_wconf 89' lang='lat' dir='ltr'>haud</span> <span class='ocrx_word' id='word_1_708' title='bbox 484 4804 580 4868; x_wconf 91' lang='lat' dir='ltr'>dubie</span> <span class='ocrx_word' id='word_1_709' title='bbox 603 4805 779 4885; x_wconf 88' lang='lat' dir='ltr'>amplificat</span> <span class='ocrx_word' id='word_1_710' title='bbox 801 4804 936 4868; x_wconf 91' lang='lat' dir='ltr'>crimen.</span> <span class='ocrx_word' id='word_1_711' title='bbox 974 4802 1060 4883; x_wconf 78' lang='lat' dir='ltr'>Quia</span> <span class='ocrx_word' id='word_1_712' title='bbox 1081 4804 1168 4867; x_wconf 92' lang='lat' dir='ltr'>enim</span> <span class='ocrx_word' id='word_1_713' title='bbox 1221 4806 1360 4870; x_wconf 90' lang='lat' dir='ltr'>reiectus</span> <span class='ocrx_word' id='word_1_714' title='bbox 1382 4825 1505 4870; x_wconf 90' lang='lat' dir='ltr'>comam</span> <span class='ocrx_word' id='word_1_715' title='bbox 1529 4806 1658 4871; x_wconf 91' lang='lat' dir='ltr'>iubetur</span> <span class='ocrx_word' id='word_1_716' title='bbox 1680 4807 1816 4874; x_wconf 90' lang='lat' dir='ltr'>tondere</span> <span class='ocrx_word' id='word_1_717' title='bbox 1838 4820 1870 4872; x_wconf 91' lang='lat' dir='ltr'>et</span> <span class='ocrx_word' id='word_1_718' title='bbox 1884 4809 2032 4872; x_wconf 89' lang='lat' dir='ltr'>abiicere.</span> <span class='ocrx_word' id='word_1_719' title='bbox 2067 4806 2203 4872; x_wconf 92' lang='lat' dir='ltr'>Deinde</span> 
     </span>
     <span class='ocr_line' id='line_1_53' title="bbox 199 4889 2202 4973; baseline 0 -19"><span class='ocrx_word' id='word_1_720' title='bbox 199 4891 291 4956; x_wconf 90' lang='lat' dir='ltr'>Deus</span> <span class='ocrx_word' id='word_1_721' title='bbox 319 4889 523 4954; x_wconf 86' lang='lat' dir='ltr'>familiariter</span> <span class='ocrx_word' id='word_1_722' title='bbox 551 4890 735 4953; x_wconf 87' lang='lat' dir='ltr'>innotuerat</span> <span class='ocrx_word' id='word_1_723' title='bbox 756 4889 896 4964; x_wconf 87' lang='lat' dir='ltr'>Iudaeis,</span> <span class='ocrx_word' id='word_1_724' title='bbox 927 4909 993 4953; x_wconf 92' lang='lat' dir='ltr'>non</span> <span class='ocrx_word' id='word_1_725' title='bbox 1022 4898 1171 4973; x_wconf 90' lang='lat' dir='ltr'>poterant</span> <span class='ocrx_word' id='word_1_726' title='bbox 1221 4890 1429 4972; x_wconf 91' lang='lat' dir='ltr'>proiectionis</span> <span class='ocrx_word' id='word_1_727' title='bbox 1451 4890 1551 4955; x_wconf 85' lang='lat' dir='ltr'>verbo</span> <span class='ocrx_word' id='word_1_728' title='bbox 1576 4893 1749 4973; x_wconf 90' lang='lat' dir='ltr'>opponitur</span> <span class='ocrx_word' id='word_1_729' title='bbox 1770 4894 1953 4959; x_wconf 90' lang='lat' dir='ltr'>sublimitas</span> <span class='ocrx_word' id='word_1_730' title='bbox 1982 4893 2112 4958; x_wconf 91' lang='lat' dir='ltr'>luctus:</span> <span class='ocrx_word' id='word_1_731' title='bbox 2145 4896 2202 4957; x_wconf 87' lang='lat' dir='ltr'>At·</span> 
     </span>
     <span class='ocr_line' id='line_1_54' title="bbox 199 4974 2202 5058; baseline 0.001 -18"><span class='ocrx_word' id='word_1_732' title='bbox 199 4975 376 5041; x_wconf 90' lang='lat' dir='ltr'>obtendere</span> <span class='ocrx_word' id='word_1_733' title='bbox 398 4976 627 5057; x_wconf 83' lang='lat' dir='ltr'>ignorantiam,</span> <span class='ocrx_word' id='word_1_734' title='bbox 651 4995 710 5038; x_wconf 93' lang='lat' dir='ltr'>nec</span> <span class='ocrx_word' id='word_1_735' title='bbox 731 4976 895 5058; x_wconf 82' lang='lat' dir='ltr'>ambigere</span> <span class='ocrx_word' id='word_1_736' title='bbox 918 4976 958 5039; x_wconf 93' lang='lat' dir='ltr'>de</span> <span class='ocrx_word' id='word_1_737' title='bbox 980 4974 1170 5058; x_wconf 87' lang='lat' dir='ltr'>prophetica</span> <span class='ocrx_word' id='word_1_738' title='bbox 1221 4975 1299 5058; x_wconf 83' lang='lat' dir='ltr'>tolle,</span> <span class='ocrx_word' id='word_1_739' title='bbox 1323 4974 1438 5057; x_wconf 90' lang='lat' dir='ltr'>inquit,</span> <span class='ocrx_word' id='word_1_740' title='bbox 1460 4996 1555 5056; x_wconf 73' lang='lat' dir='ltr'>asper</span> <span class='ocrx_word' id='word_1_741' title='bbox 1574 4979 1693 5043; x_wconf 77' lang='lat' dir='ltr'>excelsa</span> <span class='ocrx_word' id='word_1_742' title='bbox 1714 4984 1769 5045; x_wconf 80' lang='lat' dir='ltr'>tac</span> <span class='ocrx_word' id='word_1_743' title='bbox 1790 4980 2046 5044; x_wconf 57' lang='lat' dir='ltr'>luminationem.</span> <span class='ocrx_word' id='word_1_744' title='bbox 2084 4981 2202 5046; x_wconf 85' lang='lat' dir='ltr'>Posset</span> 
     </span>
     <span class='ocr_line' id='line_1_55' title="bbox 200 5057 2204 5148; baseline 0.001 -23"><span class='ocrx_word' id='word_1_745' title='bbox 200 5061 355 5128; x_wconf 89' lang='lat' dir='ltr'>doctrina.</span> <span class='ocrx_word' id='word_1_746' title='bbox 411 5060 520 5140; x_wconf 78' lang='lat' dir='ltr'>Quum</span> <span class='ocrx_word' id='word_1_747' title='bbox 555 5082 631 5142; x_wconf 83' lang='lat' dir='ltr'>ergo</span> <span class='ocrx_word' id='word_1_748' title='bbox 666 5059 827 5124; x_wconf 88' lang='lat' dir='ltr'>destinato</span> <span class='ocrx_word' id='word_1_749' title='bbox 862 5062 1032 5126; x_wconf 89' lang='lat' dir='ltr'>reiicerent</span> <span class='ocrx_word' id='word_1_750' title='bbox 1062 5057 1169 5123; x_wconf 90' lang='lat' dir='ltr'>Deum</span> <span class='ocrx_word' id='word_1_751' title='bbox 1222 5061 1275 5126; x_wconf 93' lang='lat' dir='ltr'>hic</span> <span class='ocrx_word' id='word_1_752' title='bbox 1310 5061 1413 5125; x_wconf 87' lang='lat' dir='ltr'>videri</span> <span class='ocrx_word' id='word_1_753' title='bbox 1447 5083 1518 5126; x_wconf 91' lang='lat' dir='ltr'>esse</span> <span class='ocrx_word' id='word_1_754' title='bbox 1551 5062 1734 5128; x_wconf 87' lang='lat' dir='ltr'>exhortatio</span> <span class='ocrx_word' id='word_1_755' title='bbox 1768 5065 1808 5129; x_wconf 91' lang='lat' dir='ltr'>ad</span> <span class='ocrx_word' id='word_1_756' title='bbox 1845 5065 2102 5148; x_wconf 86' lang='lat' dir='ltr'>poenitentiam:</span> <span class='ocrx_word' id='word_1_757' title='bbox 2145 5064 2204 5130; x_wconf 89' lang='lat' dir='ltr'>sed</span> 
     </span>
     <span class='ocr_line' id='line_1_56' title="bbox 201 5145 2203 5234; baseline 0.002 -23"><span class='ocrx_word' id='word_1_758' title='bbox 201 5168 306 5223; x_wconf 90' lang='lat' dir='ltr'>suum,</span> <span class='ocrx_word' id='word_1_759' title='bbox 329 5148 407 5211; x_wconf 90' lang='lat' dir='ltr'>hinc</span> <span class='ocrx_word' id='word_1_760' title='bbox 430 5148 535 5230; x_wconf 83' lang='lat' dir='ltr'>magis</span> <span class='ocrx_word' id='word_1_761' title='bbox 562 5147 692 5210; x_wconf 83' lang='lat' dir='ltr'>fuerunt</span> <span class='ocrx_word' id='word_1_762' title='bbox 714 5145 929 5210; x_wconf 88' lang='lat' dir='ltr'>detestabiles.</span> <span class='ocrx_word' id='word_1_763' title='bbox 975 5147 1092 5210; x_wconf 88' lang='lat' dir='ltr'>Postea</span> <span class='ocrx_word' id='word_1_764' title='bbox 1114 5146 1169 5209; x_wconf 91' lang='lat' dir='ltr'>ad·</span> <span class='ocrx_word' id='word_1_765' title='bbox 1222 5146 1493 5229; x_wconf 90' lang='lat' dir='ltr'>quemadmodum</span> <span class='ocrx_word' id='word_1_766' title='bbox 1516 5146 1591 5212; x_wconf 88' lang='lat' dir='ltr'>alibi</span> <span class='ocrx_word' id='word_1_767' title='bbox 1615 5150 1734 5214; x_wconf 83' lang='lat' dir='ltr'>lactum</span> <span class='ocrx_word' id='word_1_768' title='bbox 1759 5151 1909 5228; x_wconf 85' lang='lat' dir='ltr'>vidimus,</span> <span class='ocrx_word' id='word_1_769' title='bbox 1933 5152 2087 5233; x_wconf 84' lang='lat' dir='ltr'>quamvis</span> <span class='ocrx_word' id='word_1_770' title='bbox 2105 5173 2203 5234; x_wconf 86' lang='lat' dir='ltr'>saepe</span> 
     </span>
     <span class='ocr_line' id='line_1_57' title="bbox 200 5231 2204 5316; baseline 0.002 -19"><span class='ocrx_word' id='word_1_771' title='bbox 200 5232 257 5311; x_wconf 90' lang='lat' dir='ltr'>dit,</span> <span class='ocrx_word' id='word_1_772' title='bbox 282 5232 353 5297; x_wconf 86' lang='lat' dir='ltr'>Noa</span> <span class='ocrx_word' id='word_1_773' title='bbox 374 5238 551 5312; x_wconf 76' lang='lat' dir='ltr'>receperant</span> <span class='ocrx_word' id='word_1_774' title='bbox 571 5232 780 5312; x_wconf 70' lang='lat' dir='ltr'>disorplirtum.</span> <span class='ocrx_word' id='word_1_775' title='bbox 825 5231 964 5295; x_wconf 79' lang='lat' dir='ltr'>Pontem</span> <span class='ocrx_word' id='word_1_776' title='bbox 989 5231 1170 5298; x_wconf 91' lang='lat' dir='ltr'>rebellionis</span> <span class='ocrx_word' id='word_1_777' title='bbox 1223 5233 1376 5316; x_wconf 92' lang='lat' dir='ltr'>populum</span> <span class='ocrx_word' id='word_1_778' title='bbox 1398 5232 1439 5295; x_wconf 90' lang='lat' dir='ltr'>ad</span> <span class='ocrx_word' id='word_1_779' title='bbox 1461 5254 1551 5316; x_wconf 91' lang='lat' dir='ltr'>spem</span> <span class='ocrx_word' id='word_1_780' title='bbox 1571 5235 1684 5300; x_wconf 87' lang='lat' dir='ltr'>veniae</span> <span class='ocrx_word' id='word_1_781' title='bbox 1706 5248 1738 5301; x_wconf 91' lang='lat' dir='ltr'>et</span> <span class='ocrx_word' id='word_1_782' title='bbox 1761 5237 2030 5303; x_wconf 82' lang='lat' dir='ltr'>reconciliationis</span> <span class='ocrx_word' id='word_1_783' title='bbox 2053 5238 2204 5306; x_wconf 84' lang='lat' dir='ltr'>invitent</span> 
     </span>
    </p>
   </div>
   <div class='ocr_carea' id='block_1_3' title="bbox 0 0 2408 5970">
    <p class='ocr_par' dir='ltr' id='par_1_3' title="bbox 0 0 2408 5970">
     <span class='ocr_line' id='line_1_58' title="bbox 0 0 2408 5970; baseline 0 0"><span class='ocrx_word' id='word_1_784' title='bbox 0 0 2408 5970; x_wconf 95' lang='lat' dir='ltr'> </span> 
     </span>
    </p>
   </div>
  </div>
 </body>
</html>
