4784 5970
187 336 251 402 sva
998 333 1383 401 6666666616666
2021 420 2025 427 Ι
2131 331 2193 397 ((6

189 524 320 607 requiri,
343 534 380 588 ut
398 524 470 606 quis
493 522 646 588 audiatur
667 523 701 588 in
721 523 841 606 populo
859 523 938 588 Dei:
962 524 1039 605 quia
1062 540 1159 588 nemo
1210 523 1320 589 autam
1339 522 1440 604 faisse
1455 519 1643 603 proplietam
1662 521 1814 605 66611666.
1854 520 1949 586 1)666
1974 520 2067 585 euim
2090 516 2193 582 voluit

190 609 319 693 proprio
342 617 375 673 et
395 610 524 690 privato
546 609 617 673 iure
640 607 702 673 hoc
723 610 785 674 sibi
808 629 963 691 arrogare
985 618 1101 690 potest,
1124 615 1160 670 ut
1211 609 1319 691 ipsum
1342 627 1413 673 esse
1435 606 1590 673 ecclesiae
1612 626 1691 673 suae
1713 608 1918 672 ministrum:
1940 625 2003 671 uec
2025 603 2192 687 profectus

189 696 349 776 loquatur,
381 693 653 775 quemadmodum
683 695 748 758 iam
779 694 865 758 dixi:
899 693 1160 776 quandoquidem
1212 704 1261 757 est
1283 693 1324 756 ad
1347 692 1527 769 Ninivitas,
1557 701 1594 756 ut
1617 691 1657 757 de
1679 692 1762 757 Iona
1782 691 1922 776 legitur:
1956 710 2069 773 neque
2098 709 2190 771 pera·

190 781 250 845 hoc
272 780 364 844 Deus
397 779 459 844 sibi
491 780 546 844 661
569 778 731 845 vendicat.
778 778 844 845 Sed
874 778 949 843 alibi
978 779 1059 844 satis
1090 778 1161 844 fuse
1211 781 1322 862 gravit
1351 777 1431 842 alias
1462 790 1585 842 terras:
1618 777 1676 843 sed
1705 782 1833 842 tantum
1861 774 2027 859 impendit
2057 793 2189 857 operam

189 865 229 929 de
247 866 415 930 vocatione
433 864 622 947 prophetiae
640 864 795 930 disserui:
814 864 887 929 ideo
906 865 984 930 satis
1001 874 1052 929 est
1069 862 1161 946 quasi
1212 884 1306 927 suam
1336 862 1437 927 tribui
1466 862 1625 927 Iehudah.
1670 862 1741 929 Gur
1770 881 1848 946 ergo
1878 861 1958 928 dicit
1987 880 2021 927 66
2049 859 2190 944 perettus

189 949 291 1032 digito
316 971 366 1014 ree
385 952 482 1032 ipsas,
505 950 571 1014 imo
589 969 734 1016 summas
757 971 869 1015 rerum
891 958 1085 1015 monstrare.
1115 949 1162 1014 Ilt
1211 948 1322 1014 datum
1341 948 1443 1030 fuisse
1464 947 1673 1030 prophetam?
1707 946 1912 1030 Respondeo,
1940 946 2098 1029 quamvis
2118 966 2188 1027 spe·

170 1035 251 1101 loci
273 1055 462 1099 communes
485 1034 617 1098 aliunde
640 1033 772 1118 petendi
791 1044 877 1111 sunt,
901 1034 979 1117 quia
997 1037 1025 1099 si
1043 1034 1160 1101 vellem
1212 1034 1338 1099 cialiter
1350 1032 1442 1099 Deus
1460 1034 1568 1116 ipsum
1586 1033 1740 1099 ecclesiae
1758 1052 1838 1098 snae
1856 1033 2060 1115 praedomuit,
2080 1040 2189 1095 tamm

189 1121 341 1185 insistere
371 1120 404 1183 16
436 1120 575 1204 singulis
604 1121 780 1203 capitibus,
814 1121 926 1185 nullus
959 1131 1044 1185 esset
1073 1120 1160 1185 finis.
1212 1119 1410 1200 pertinuisse
1432 1119 1503 1184 eius
1526 1118 1709 1184 doctrinam
1738 1117 1780 1184 ad
1808 1118 1888 1183 alias
1916 1127 2045 1201 gentes,
2077 1136 2189 1200 quem·

189 1207 263 1289 Ego
286 1214 394 1269 autem
423 1206 522 1269 statui
552 1227 623 1270 meo
646 1227 735 1270 more
763 1226 952 1288 percurrere
978 1207 1065 1271 hunc
1088 1225 1162 1288 pro·
1213 1203 1389 1268 admodum
1419 1206 1538 1268 iterum
1561 1202 1735 1285 videbitur,
1763 1214 1797 1267 et
1819 1225 1861 1268 ex
1882 1222 2064 1287 progressu
2091 1202 2189 1266 etiam

190 1291 333 1373 phetam.
377 1290 418 1353 In
442 1291 531 1354 hunc
559 1291 660 1373 igitur
690 1291 790 1355 finem
820 1291 922 1356 refert
944 1291 1100 1356 Ieremias
1129 1310 1162 1356 66
1213 1290 1330 1354 melius
1352 1287 1486 1371 patebit.
1531 1289 1738 1355 Vaticinatus
1760 1289 1849 1354 enim
1871 1300 1920 1353 est
1941 1298 2061 1353 contra
2081 1287 2190 1369 Baby·

190 1375 300 1441 aDcc
327 1374 429 1454 fuisse
456 1380 610 1456 66661666,
641 1389 678 1438 66
701 1375 900 1441 audientiam
923 1398 982 1441 suc
1005 1376 1077 1441 iure
1100 1376 1160 1439 im·
1214 1373 1327 1454 lonics,
1351 1383 1464 1439 contra
1485 1374 1669 1458 Aegyptios
1691 1386 1724 1440 et
1746 1384 1861 1438 contra
1883 1373 2065 1439 Moabitas:
2098 1371 2189 1436 deni·

189 1470 296 1543 petret
314 1481 333 1522 a
352 1459 480 1541 populo.
511 1460 608 1523 Nunc
630 1460 715 1540 quod
734 1460 774 1524 ad
794 1461 893 1526 verba
913 1471 1047 1544 spectat,
1070 1462 1161 1525 Deus
1213 1480 1276 1542 que
1299 1459 1487 1542 complexus
1511 1470 1563 1525 est
1585 1480 1698 1525 omncs
1720 1458 1867 1542 populos,
1890 1459 1946 1540 661
1968 1458 2073 1524 vicini
2096 1466 2189 1522 erant

190 1545 381 1630 pronuntiat
410 1564 442 1608 66
468 1546 591 1608 amisse
621 1544 790 1610 Ieremiam
819 1551 984 1627 antequam
1012 1547 1163 1627 16666661
1214 1565 1251 1611 66
1275 1547 1342 1609 6661
1364 1544 1506 1610 Iudaeis.
1545 1545 1627 1610 Fuit
1648 1542 1781 1627 quidem
1804 1545 1866 1610 hcc
1888 1541 2111 1610 accidentale:
2135 1541 2190 1607 sed

190 1633 295 1712 ipsam
316 1629 352 1692 ia
374 1633 468 1694 atera
506 1629 578 1693 Hoc
600 1631 785 1712 specialiter
807 1652 871 1695 non
892 1631 1012 1697 dicitur
1033 1630 1072 1696 (16
1089 1651 1163 1715 pro·
1214 1649 1315 1711 quum
1346 1639 1432 1695 esset
1464 1630 1648 1713 specialiter
1680 1629 1841 1713 propheta
1875 1628 2094 1712 popularibus
2122 1629 2191 1693 suis

191 1716 305 1799 pheta,
339 1715 430 1796 quasi
455 1714 508 1777 alii
533 1714 682 1779 homines
705 1714 777 1780 Deo
806 1716 874 1780 sint
895 1716 1068 1799 incogniti:
1104 1715 1160 1780 sed
1215 1715 1318 1794 datus,
1343 1715 1449 1798 viguit
1471 1727 1581 1780 tamen
1604 1717 1675 1781 eius
1699 1714 1858 1780 autoritas
1880 1715 1980 1779 etiam
2002 1713 2094 1797 apud
2116 1734 2190 1799 pro-

191 1801 402 1883 restringitur
425 1798 465 1862 ad
488 1820 610 1863 munus
632 1800 755 1882 ipsum:
778 1801 870 1882 quasi
892 1799 1027 1866 diceret:
1050 1801 1162 1866 Prius·
1214 1801 1307 1864 fanas
1328 1811 1453 1883 gentes.
1498 1801 1566 1866 Nec
1589 1800 1725 1867 dubium
1748 1811 1807 1883 est,
1838 1801 1917 1882 quin
1939 1799 2122 1865 honorifice
2145 1799 2190 1863 lo·

192 1907 290 1969 quam
315 1896 347 1949 te
369 1884 544 1948 formarem
575 1887 608 1947 in
640 1895 743 1967 utero,
774 1884 937 1951 destinavi
960 1896 992 1949 te
1014 1888 1048 1950 in
1072 1887 1162 1952 hunc
1215 1895 1336 1967 quutus
1364 1887 1408 1949 sit
1430 1885 1469 1950 (16
1491 1885 1646 1970 gentibus
1673 1887 1708 1951 in
1731 1905 1867 1950 numero
1897 1885 2033 1968 plurali,
2065 1894 2102 1949 ut
2124 1903 2191 1948 am·

192 1992 304 2051 usum,
334 1988 451 2050 nempe
482 1981 518 2033 ut
545 1971 670 2034 subires
701 1968 837 2036 docendi
866 1992 949 2036 enus
979 1972 1014 2034 in
1044 1971 1162 2053 populo
1214 1971 1297 2052 plior
1319 1979 1482 2035 constaret
1511 1971 1676 2037 doctrinae
1703 1972 1774 2036 eius
1796 1970 1848 2036 vis
1870 1982 1904 2034 et
1925 1969 2088 2054 dignitas.
2132 1968 2191 2034 Se·

192 2077 272 2121 meo.
317 2056 363 2119 Et
386 2055 534 2136 repetitio
559 2057 664 2118 estin
688 2054 832 2120 secunda
860 2066 963 2138 parte,
993 2056 1047 2121 ubi
1073 2055 1162 2138 dicit,
1216 2056 1337 2137 quitur,

191 2141 387 2223 Priusquam
405 2160 551 2222 egressas
562 2160 643 2206 66666
658 2161 674 2204 6
688 2142 782 2206 culce
797 2141 990 2222 6666616661
1004 2146 1040 2207 tc.
1071 2141 1162 2205 Idem

191 2229 293 2309 igitur
315 2227 403 2290 valet
425 2227 639 2291 sanctificatio
667 2240 763 2307 atque
791 2228 910 2291 notitia
933 2227 1005 2292 Dei.
1050 2227 1095 2290 Et
1116 2227 1164 2291 ita
1300 2225 1329 2289 6.
1353 2224 1493 2300 Esset,
1515 2223 1611 2289 Abala
1628 2225 1765 2291 Domine
1782 2224 1928 2308 1666666,
1949 2245 2014 2291 mcc
2036 2245 2105 2291 saon
2122 2227 2192 2290 sacci

192 2313 406 2394 perspicimus
435 2312 584 2375 notitiam
608 2333 673 2375 non
696 2313 806 2377 vocari
829 2331 952 2375 meram
979 2312 1163 2393 praescien·
1214 2309 1306 2391 loqui,
1330 2311 1407 2392 qaia
1424 2331 1507 2391 puer
1529 2330 1591 2393 eqo.
2081 2354 2086 2363 -

193 2399 281 2473 tiam,
305 2395 361 2460 sed
384 2395 722 2476 praedestinationem,
745 2418 809 2479 qua
831 2397 923 2460 Deus
947 2416 1006 2480 pro
1029 2417 1087 2462 suo
1110 2417 1162 2461 ar·
1302 2397 1331 2460 1.
1360 2395 1405 2458 Et
1426 2396 1509 2460 atae
1530 2394 1668 2462 Ielrccolt
1689 2396 1732 2461 cd
1753 2416 1810 2475 me,
1842 2395 1893 2460 Ne
1912 2396 2012 2473 daca,
2037 2415 2125 2478 puer

193 2483 289 2548 bitrio
310 2480 459 2563 singulos
483 2481 629 2545 homines
651 2482 753 2564 eligit,
780 2491 813 2546 et
835 2482 933 2546 simul
954 2484 1054 2547 etiam
1077 2483 1163 2546 crdi-
1215 2479 1343 2562 (idest,
1373 2501 1445 2544 sum
1475 2478 1571 2564 puer)
1604 2482 1681 2562 quic
1709 2481 1753 2547 cd
1781 2500 1983 2564 quaecunque
2010 2485 2042 2546 te
2072 2480 2195 2557 mismo,

193 2576 259 2645 nat,
282 2566 399 2630 deinde
421 2569 611 2632 sanctificat.
656 2567 761 2631 Nemo
783 2568 871 2631 enim
899 2581 1014 2650 suapte
1045 2578 1164 2633 natura
1215 2565 1288 2646 tcta,
1307 2572 1334 2631 et
1355 2585 1554 2647 quaecunque
1575 2566 1633 2630 tibi
1652 2586 1845 2649 praecepero,
1868 2567 2016 2649 16666616.

192 2664 277 2718 66666
321 2650 475 2730 1166666,
522 2651 795 2735 quemadmodum
835 2653 958 2718 Paulus
1002 2654 1165 2717 exclamet

192 2738 235 2823 (2.
255 2738 329 2803 Ocr.
350 2738 379 2812 2,
400 2736 463 2821 16).
504 2737 616 2818 Quum
639 2738 740 2821 igitur
763 2738 900 2805 facultas
919 2739 1000 2804 haec
1023 2738 1165 2821 pendeat
1305 2737 1484 2819 Postquam
1508 2736 1547 2799 de
1570 2757 1628 2800 sua
1652 2738 1821 2803 vocatione
1844 2735 1999 2802 disseruit
2021 2736 2196 2819 propheta,

192 2846 234 2888 ex
263 2823 404 2906 gratuito
428 2824 490 2886 llei
526 2822 626 2898 donc,
661 2845 724 2888 non
759 2825 879 2888 mirum
913 2832 978 2902 est,
1011 2826 1040 2889 si
1073 2824 1165 2888 Deus
1218 2823 1317 2889 simul
1340 2822 1491 2905 adiungit
1517 2842 1552 2884 se
1579 2842 1698 2886 munus
1727 2823 1821 2886 initio
1849 2819 2069 2887 detrectasse:
2101 2821 2197 2903 idque

192 2912 334 2974 affirmet
366 2927 399 2972 se
432 2906 600 2972 Ierecticrn
636 2909 864 2989 canditiccsse:
904 2910 995 2992 quasi
1033 2908 1165 2985 diceret,
1218 2910 1295 2975 facit
1317 2909 1357 2972 ob
1388 2908 1470 2972 duas
1499 2926 1621 2971 causas.
1673 2907 1840 2980 Primum,
1874 2915 1911 2972 ut
1940 2927 1976 2972 se
2003 2918 2130 2990 purget
2158 2909 2197 2972 66

193 2996 265 3077 Ego
288 3007 320 3056 te
342 2994 481 3056 formavi
505 2995 669 3057 hominem
687 2996 722 3058 in
742 3007 845 3074 utero,
868 2994 925 3059 sed
946 2996 1043 3060 simul
1067 2993 1166 3060 desti·
1218 2996 1308 3059 omni
1331 2994 1515 3076 suspicione
1538 2993 1742 3057 temeritatis.
1787 2991 1919 3058 Scimus
1941 2992 2030 3057 euim
2056 3006 2196 3074 quanto·

195 3080 272 3141 navi
295 3080 330 3141 in
353 3099 447 3141 usum
471 3079 688 3161 singularem:
717 3087 750 3143 ct
772 3081 923 3161 quoniam
948 3101 1014 3144 non
1037 3091 1166 3163 poteras
1218 3101 1295 3162 pere
1317 3085 1486 3163 grassetur
1509 3077 1588 3143 haec
1611 3077 1771 3160 cupiditas
1793 3077 1879 3141 inter
1895 3076 2063 3143 homines:
2086 3098 2197 3159 quem-

194 3176 302 3229 tecum
324 3163 442 3226 afferre
465 3175 591 3227 tantum
614 3164 836 3242 excellentiae,
859 3174 896 3229 ut
913 3164 1019 3230 obires
1041 3186 1161 3230 munus
1220 3163 1395 3230 admodum
1428 3163 1505 3227 dicit
1546 3163 1644 3227 etiam
1678 3163 1816 3228 Iacobus
1848 3161 1889 3247 (c.
1919 3162 1949 3240 3,
1981 3162 2033 3247 1),
2076 3162 2197 3228 multos

193 3248 436 3332 propheticum,
467 3269 527 3330 ego
550 3250 647 3312 ctiam
677 3257 708 3312 te
738 3250 878 3314 formavi
907 3251 1100 3332 prophetam
1130 3259 1163 3314 et
1221 3258 1374 3332 appetere
1397 3247 1458 3312 sibi
1481 3249 1724 3329 magisterium:
1759 3267 1796 3312 ac
1818 3247 1887 3313 fere
1913 3267 2009 3312 nemo
2041 3256 2110 3325 est,
2141 3250 2197 3330 qui

195 3356 258 3399 non
285 3334 449 3396 bominem
473 3332 641 3397 duntaxat.
684 3334 776 3398 Haec
800 3340 849 3399 est
870 3354 1007 3400 summa.
1049 3335 1164 3399 (16666-
1221 3355 1286 3398 666
1309 3334 1449 3397 libenter
1474 3334 1587 3414 cupiat
1615 3333 1730 3398 audiri.
1775 3332 1888 3413 Quum
1916 3333 2019 3415 igitur
2048 3332 2198 3415 plerique

194 3440 266 3484 rum
292 3419 388 3482 nimis
410 3422 488 3481 sunt
510 3419 618 3501 arguti
641 3421 696 3500 qui
717 3419 909 3484 existimant
931 3420 1166 3485 sanctificatum
1221 3419 1358 3484 nimium
1381 3417 1499 3499 cupide
1521 3417 1691 3500 prosiliant
1713 3417 1753 3483 ad
1777 3416 1913 3484 docendi
1935 3437 2069 3493 munus,
2099 3420 2198 3482 multi

193 3505 292 3569 fuisse
322 3502 513 3584 prophetam
544 3503 672 3586 reipsa
697 3526 738 3569 ex
761 3511 864 3583 utero,
895 3505 1169 3587 quemadmodum
1220 3506 1319 3569 etiam
1353 3503 1415 3567 sibi
1446 3503 1590 3584 rapiant,
1631 3503 1704 3567 iden
1736 3503 1891 3568 Ieremias
1924 3523 1966 3567 nc
1999 3504 2198 3569 temeritatis

195 3589 234 3654 de
256 3589 381 3653 Ioanne
404 3588 557 3671 Baptista
580 3589 707 3655 dicitur.
753 3590 844 3654 Nihil
868 3591 955 3654 enim
979 3590 1044 3654 6616
1068 3591 1168 3656 verba
1219 3597 1391 3672 suspectus
1414 3588 1466 3661 sit,
1489 3589 1682 3670 pronuntiat
1703 3610 1737 3653 se
1759 3594 1908 3654 coactum
1930 3587 2032 3652 fuisse
2050 3587 2197 3671 effugere

194 3687 323 3739 666666.
369 3672 436 3736 Sed
459 3683 589 3738 tantum
614 3674 653 3738 de
676 3695 711 3739 66
733 3676 891 3740 Ieremias
919 3681 1060 3740 testatur
1082 3675 1167 3757 quod
1219 3675 1304 3740 banc
1339 3674 1575 3739 necessitatem.
1628 3672 1756 3738 Deinde
1789 3672 1902 3739 eadem
1937 3673 2038 3739 etiam
2069 3674 2196 3738 ratione

195 3758 319 3822 Paulus
341 3758 440 3820 etiam
464 3757 559 3822 (1666
582 3759 725 3823 affirmat
747 3761 852 3842 primo
874 3761 981 3843 capite
1003 3759 1044 3824 ad
1068 3761 1167 3826 Gala·
1218 3762 1278 3826 sibi
1302 3759 1375 3841 plus
1397 3760 1601 3823 reverentiae
1624 3759 1782 3836 conciliat,
1813 3774 1846 3823 et
1867 3755 1975 3822 reddit
1996 3777 2077 3825 suos
2098 3757 2197 3825 disci·

169 3853 246 3916 ,tas
274 3842 317 3925 (v.
344 3840 410 3919 15),
444 3863 478 3905 sc
508 3843 606 3906 fnisse
637 3865 655 3906 a
684 3845 756 3909 Dec
790 3847 958 3927 cognitum
992 3855 1167 3928 antequam
1219 3846 1311 3928 pulos
1347 3845 1451 3927 magis
1485 3853 1637 3908 attentos.
1694 3843 1763 3908 Cur
1795 3843 1882 3909 enim
1917 3850 2047 3909 recusat
2081 3863 2197 3925 parere

195 3938 281 3991 66666
314 3937 420 3990 natus.
474 3927 553 3990 Fuit
585 3949 662 4009 ergo
696 3951 760 3992 non
795 3932 912 3995 effectu
945 3931 1166 3996 sanctificatus
1217 3931 1299 4010 Deo,
1321 3931 1377 3995 ubi
1401 3938 1535 3994 vocatur
1557 3930 1597 3992 ad
1621 3949 1740 3993 munus
1770 3926 2020 4011 propheticum?
2068 3927 2197 4013 Nempe

198 4011 351 4075 Ieremias
381 4011 414 4073 in
441 4018 544 4093 utero,
574 4013 631 4076 sed
659 4013 692 4075 in
715 4013 779 4076 Dei
808 4014 1106 4096 praedestinatione
1135 4024 1168 4080 et
1219 4017 1297 4099 quia
1328 4023 1432 4080 terret
1465 4014 1572 4095 ipsum
1606 4012 1791 4080 difficultas.
1840 4012 1945 4096 Atqui
1970 4013 2053 4078 haec
2080 4013 2195 4079 eadem

196 4116 315 4161 arcano
337 4096 481 4171 consilio,
512 4098 588 4178 quia
611 4096 733 4162 scilicet
756 4107 835 4165 tunc
858 4100 948 4165 Deus
969 4101 1079 4183 ipsum
1103 4100 1166 4165 ele·
1219 4122 1316 4165 causa
1346 4098 1443 4164 debet
1471 4099 1638 4164 stimulare
1667 4100 1804 4165 lectores
1833 4098 1875 4165 ad
1903 4097 2061 4164 maiorem
2090 4110 2198 4165 atten-

197 4183 245 4265 git
268 4179 468 4262 prophetam.
500 4181 676 4261 Quaeritur
694 4203 790 4260 nunc,
811 4204 854 4248 an
873 4194 1032 4249 6666666
1055 4185 1167 4249 mundi
1220 4186 1362 4261 tionem,
1395 4185 1479 4249 sicut
1505 4183 1615 4248 debuit
1644 4193 1723 4250 tunc
1750 4184 2001 4269 expergefacere
2027 4182 2197 4251 auditores

197 4267 393 4332 creationem
417 4265 539 4330 electus
562 4267 669 4332 esset?
698 4268 821 4333 Facilis
845 4279 893 4334 est
915 4270 1043 4348 solutio,
1065 4271 1168 4334 fuisse
1218 4290 1318 4351 quum
1341 4270 1533 4352 loquebatur
1554 4270 1722 4335 Ieremias.
1766 4270 1805 4337 Si
1827 4271 1900 4354 quis
1921 4277 2016 4353 roget
2038 4290 2086 4334 an
2107 4270 2197 4337 licite

197 4351 328 4435 quidem
346 4370 365 4412 6
383 4351 452 4414 Deo
470 4355 717 4435 praecognitum
736 4352 859 4418 mundo
878 4354 1021 4419 nondum
1041 4367 1166 4420 creato:
1219 4354 1449 4420 detrectaverit
1459 4353 1615 4420 Ieremias
1626 4355 1713 4438 quod
1724 4356 1856 4421 iubebat
1867 4353 1969 4438 Deus,
1985 4355 2021 4419 in
2040 4366 2198 4439 promptu

196 4438 253 4503 sed
276 4436 438 4518 scriptura
462 4437 501 4499 ad
526 4439 692 4503 modulum
716 4439 840 4521 ingenii
863 4439 967 4502 nostri
989 4460 1024 4504 se
1045 4459 1169 4504 accom·
1219 4449 1269 4505 est
1292 4440 1469 4521 responsio,
1493 4439 1600 4504 Deum
1624 4443 1756 4506 veniam
1778 4440 1905 4507 dedisse
1925 4460 2021 4507 servo
2039 4461 2197 4524 666666·

198 4522 316 4598 modat,
340 4519 393 4585 ubi
418 4520 457 4585 (16
479 4523 634 4605 66166666
658 4524 867 4607 generatione
889 4523 1044 4606 loquitur.
1089 4525 1167 4588 Per·
1220 4525 1308 4589 niam
1331 4546 1395 4588 non
1419 4525 1524 4589 fuerat
1546 4527 1575 4589 61
1599 4528 1800 4608 propositum
1832 4546 1986 4608 respuere
2013 4545 2111 4591 suam
2141 4548 2197 4591 vo·

199 4608 274 4672 inde
296 4608 397 4689 igitur
420 4618 470 4670 est
488 4629 525 4671 ac
543 4609 570 4671 si
590 4609 679 4673 Deus
703 4609 743 4673 de
760 4607 901 4673 Ieremia
923 4608 1045 4674 diceret
1068 4609 1168 4673 fuisse
1218 4609 1397 4686 cationem,
1428 4610 1481 4674 vel
1504 4631 1539 4675 se
1558 4613 1703 4676 eximere
1726 4612 1766 4679 ab
1796 4611 1965 4694 obsequio,
1995 4609 2051 4675 vel
2082 4614 2197 4695 iugum

199 4694 259 4757 hac
281 4693 353 4775 lege
378 4705 523 4756 creatum
547 4693 722 4773 hominem,
755 4705 792 4758 ut
813 4714 872 4759 suo
895 4704 1041 4776 tempore
1064 4695 1168 4758 mani·
1219 4701 1388 4769 excutere,
1423 4703 1458 4758 ut
1480 4698 1546 4759 otio
1575 4717 1635 4760 suo
1661 4696 1863 4774 consuleret,
1896 4695 1951 4761 vel
1980 4694 2109 4776 famae,
2144 4696 2197 4763 vel

197 4781 373 4844 festaretur
395 4777 563 4860 propheta.
607 4780 652 4842 116
675 4781 807 4844 minime
833 4780 968 4845 dubium
990 4793 1055 4855 est,
1088 4780 1167 4860 quin
1219 4779 1291 4843 aliis
1314 4781 1381 4844 suis
1402 4781 1595 4845 commodis:
1631 4782 1714 4846 nihil
1743 4782 1809 4847 tale
1836 4780 1995 4864 spectavit
2017 4779 2196 4847 Ieremias:

198 4865 362 4947 exegetica
385 4861 546 4927 addiderit
567 4863 755 4940 clausulam,
778 4885 861 4946 quae
880 4873 990 4946 postea
1012 4866 1167 4945 sequitur,
1191 4852 1194 4959 l
1218 4864 1274 4929 scd
1298 4885 1397 4945 quum
1428 4887 1462 4929 se
1492 4866 1598 4947 ipsum
1628 4869 1819 4949 respiceret,
1853 4867 1968 4931 statuit
1997 4886 2033 4930 se
2061 4867 2197 4932 minime

199 4950 387 5031 Prophetam
407 4949 442 5012 c‘c
461 4950 600 5031 66666666
629 4950 829 5013 constituite.
874 4950 965 5014 Haec
994 4950 1095 5031 igitur
1118 4957 1168 5012 est
1191 4968 1194 5039 y
1217 4969 1329 5030 parem
1350 4950 1419 5012 fore
1443 4961 1509 5014 tam
1533 4951 1635 5015 arduo
1658 4952 1788 5016 muneri
1818 4950 1977 5017 obeundo.
2022 4951 2116 5036 Ergo
2140 4975 2198 5018 ex·

197 5034 411 5100 sanctificatio
440 5055 504 5097 non
528 5035 639 5112 realis,
674 5044 711 5097 ut
734 5035 816 5109 dixi,
850 5035 906 5099 scd
935 5044 1062 5098 tantum
1092 5035 1167 5115 quia
1216 5036 1340 5098 cusatio
1364 5035 1540 5100 modestiae
1563 5058 1662 5102 causa
1685 5050 1813 5101 tantum
1836 5037 1976 5102 additur.
2014 5036 2108 5102 Hinc
2131 5041 2198 5104 fac·

199 5119 366 5183 ordinatus
400 5119 461 5184 fuit
490 5119 650 5202 propheta
678 5119 834 5184 Ieremias
864 5130 1038 5202 antequam
1069 5132 1165 5183 natus
1218 5126 1288 5182 tum
1307 5127 1364 5198 est,
1384 5134 1421 5185 ut
1441 5122 1531 5185 Deus
1550 5123 1734 5205 ignosceret
1751 5125 1821 5188 eius
1841 5120 2019 5200 timiditati,
2038 5125 2199 5204 quoniam

198 5212 292 5268 esset.
337 5204 477 5269 Videtur
499 5218 608 5269 tamen
632 5226 703 5270 esse
726 5204 901 5270 absurdum
925 5204 1010 5287 quod
1034 5203 1111 5269 (11616
1133 5224 1166 5267 66
1217 5205 1380 5284 manabat,
1403 5206 1673 5288 quemadmodum
1696 5209 1762 5273 iam
1785 5207 1939 5284 diximus,
1967 5228 2010 5272 ex
2033 5220 2126 5275 recto
2150 5210 2200 5275 af·
