4784 5970
131 354 195 419 649
856 353 906 421 IN
928 354 1176 421 IEREMIAM.
1216 353 1315 422 OAP.
1337 354 1397 420 VI.
2061 350 2125 417 650

134 543 299 622 vicaciem,
321 562 387 625 qua
408 543 568 608 hactenus
583 562 636 605 me
651 542 843 624 provocasti,
866 541 1033 608 ostendam
1053 563 1105 608 me
1156 543 1214 609 sed
1247 564 1429 623 racemate,
1464 543 1634 627 Gramiler,
1671 549 1745 626 post
1779 539 1976 606 vindemias:
2017 561 2129 622 quem·

133 628 273 694 vicissim
296 639 432 711 patrem.
476 629 544 695 Nec
568 626 704 693 dubium
727 639 776 691 est
797 628 875 709 quin
898 628 1106 712 propheticas
1155 628 1330 695 admodum
1360 639 1433 712 post
1466 650 1620 706 messem,
1651 629 1706 694 ubi
1740 635 1922 710 sequnntur
1956 646 2128 709 pauperes,

131 734 246 779 omnes
267 715 374 779 minae
396 715 602 798 respexerint
629 714 662 777 in
693 712 782 796 hunc
810 732 953 796 scopum,
984 725 1020 778 ut
1048 735 1107 797 po<
1156 715 1210 797 qui
1230 714 1401 781 hincinde
1420 716 1527 799 spicas
1545 715 1701 791 evellunt,
1725 711 1808 778 nihil
1829 720 1940 777 manet
1962 712 2128 778 residuum

132 799 229 883 pulus
251 801 388 864 sentiret
417 799 505 866 mela
529 821 598 880 sua,
626 807 659 863 et
684 798 874 882 suppliciter
896 799 1027 865 veniam
1050 800 1106 864 de·
1156 801 1191 864 in
1213 819 1310 885 agro:
1332 801 1379 867 ita
1402 803 1498 866 eliam
1522 802 1555 866 in
1578 798 1762 877 vindemiis,
1785 799 1839 864 ubi
1863 807 2045 863 racematur
2068 796 2129 883 (sio

131 895 327 968 precaretur.
378 884 544 967 Quorsum
574 885 661 950 enim
693 884 876 966 prodesset,
906 885 1026 950 minari
1055 887 1105 950 in·
1157 887 1245 951 enim
1268 887 1396 971 loquuti
1418 901 1495 952 sunt
1509 885 1636 972 Latini)
1658 885 1741 951 nihil
1765 895 1877 950 manet
1899 883 2074 966 residuum,
2097 892 2131 947 st

132 970 287 1048 credulis,
321 971 384 1036 nisi
418 980 456 1036 ut
486 971 579 1036 Deus
612 970 768 1053 probaret
800 991 840 1035 an
874 971 941 1036 sint
972 992 1106 1054 prorsus
1157 971 1229 1038 ideo
1259 974 1365 1037 vetuit
1394 973 1484 1038 Deus
1517 975 1552 1037 in
1581 974 1653 1056 lege
1686 971 1845 1037 racemari
1874 970 1967 1036 vites.
2015 970 2131 1034 Voluit

130 1054 351 1123 insanabiles?
395 1058 520 1123 Verum
545 1056 675 1139 quidem
698 1063 757 1134 ost,
780 1057 934 1139 reprobos
955 1058 1106 1140 cognosci
1158 1057 1247 1122 enim
1276 1059 1415 1140 relinqui
1448 1059 1689 1141 aliquantulum
1723 1054 1927 1140 pauperibus.
1978 1052 2045 1120 Sed
2076 1053 2130 1119 hic

132 1142 256 1220 aDeo,
280 1153 313 1208 et
335 1141 445 1208 Deum
468 1163 534 1207 non
558 1152 695 1224 tentare,
725 1139 777 1206 vel
799 1142 941 1224 experiri
964 1142 1040 1225 quid
1063 1144 1106 1207 sit
1158 1143 1245 1227 dicit,
1280 1143 1480 1210 Rucemarrdo
1506 1143 1707 1210 racemabrml
1735 1143 1828 1225 quari
1853 1141 1962 1207 vitem:
1995 1161 2059 1204 non
2084 1138 2130 1204 lo·

131 1229 164 1293 in
187 1248 298 1293 sorum
319 1228 446 1307 animis,
468 1250 506 1296 ao
524 1229 552 1294 si
574 1227 737 1294 nonsatis
758 1237 954 1310 compertam
973 1227 1108 1293 haberet
1157 1230 1269 1311 quitur
1291 1228 1330 1294 de
1352 1231 1482 1313 populo,
1504 1228 1561 1295 sed
1584 1230 1623 1294 de
1643 1228 1786 1310 reliquis.
1831 1227 1917 1292 Nam
1940 1225 2052 1291 decem
2074 1225 2130 1289 tri-

131 1336 242 1379 eorum
261 1313 528 1380 obstinationem:
551 1314 619 1397 sed,
642 1313 916 1396 quemadmodum
940 1315 1006 1379 iam
1026 1314 1106 1398 dixi,
1158 1314 1218 1381 bus
1240 1314 1370 1381 fuerent
1391 1316 1556 1400 spoliatae,
1579 1325 1613 1379 et
1631 1315 1763 1380 tandem
1783 1321 1911 1378 vastata
1932 1313 2039 1376 iuerat
2061 1319 2130 1376 tota

130 1400 275 1482 loquitur
302 1399 357 1464 hic
379 1400 471 1467 Deus
503 1401 646 1465 humano
677 1418 786 1462 more:
817 1399 934 1464 deinde
965 1399 1107 1467 ostendit
1157 1401 1264 1484 regio:
1285 1401 1435 1467 homiues
1458 1403 1491 1466 in
1516 1401 1668 1468 exsilium
1691 1398 1830 1478 abducti,
1852 1397 1910 1462 sed
1933 1395 2027 1481 pauci
2048 1395 2129 1461 late·

131 1486 204 1569 quis
226 1487 269 1550 sit
292 1484 459 1552 doctrinae
486 1506 573 1564 usus,
605 1506 722 1567 nempe
744 1494 782 1548 ut
810 1484 959 1551 homines
988 1487 1107 1554 invitet
1156 1485 1232 1553 bras
1264 1486 1305 1551 ad
1337 1496 1465 1570 tempus
1498 1488 1719 1571 quaesierant:
1755 1485 1832 1549 dicit
1863 1493 1973 1549 autem
2006 1482 2130 1548 similes

132 1570 172 1634 ad
195 1571 448 1653 poenitentiam:
477 1571 563 1655 quod
585 1572 657 1637 fieri
679 1590 742 1635 non
767 1575 882 1652 potest,
914 1572 975 1637 nisi
998 1571 1107 1637 oblate
1156 1572 1228 1638 lore
1250 1574 1405 1639 racemis:
1439 1572 1478 1640 Si
1497 1573 1607 1656 pauci,
1640 1572 1765 1654 inquit,
1797 1571 1866 1634 sint
1887 1569 1983 1647 acini,
2018 1573 2129 1632 tamen

130 1678 186 1738 spe
221 1658 335 1722 veniae
363 1671 394 1723 et
421 1657 700 1724 reconciliationis.
745 1657 835 1739 Ergo
864 1658 1025 1740 propheta
1054 1658 1106 1724 hic
1157 1659 1219 1725 hoc
1247 1679 1373 1742 quoque
1402 1672 1567 1741 sequetur.
1611 1659 1772 1741 Proponit
1801 1656 1941 1738 denique
1970 1653 2130 1738 propheta

133 1742 276 1808 breviter
298 1743 440 1808 ostendit
463 1765 526 1826 quo
548 1743 682 1810 consilio
702 1741 859 1808 hactenus
878 1752 944 1808 tam
962 1744 1107 1828 graviter
1157 1744 1287 1811 Iudaeis
1317 1744 1514 1811 horrendem
1537 1745 1626 1809 illam
1650 1742 1828 1809 vindictam
1851 1740 1926 1820 Dei,
1957 1761 2040 1823 quae
2063 1740 2127 1803 iam

130 1829 271 1893 minatus
287 1827 385 1893 luerit
400 1828 539 1907 Iudaeis,
559 1849 676 1911 nempe
691 1839 728 1893 ut
745 1828 939 1911 resipiscent
956 1828 1105 1894 tandem:
1156 1831 1235 1912 ipsis
1257 1831 1455 1910 innotuerat,
1478 1841 1638 1914 quantum
1660 1829 1700 1895 ad
1721 1828 1899 1903 Israelitas,
1921 1825 1984 1890 hoo
2006 1835 2064 1903 est,
2088 1821 2129 1888 ad

132 1913 182 1978 Ne
202 1913 354 1979 αυιῑῑαιιιν
375 1916 488 1980 amima
508 1934 579 1979 rnea
599 1915 657 1980 aba
678 1919 715 1980 te.
759 1913 824 1980 Hic
849 1915 969 1980 elarius
997 1917 1105 1998 expri·
1157 1916 1267 1982 decem
1301 1916 1415 1982 tribus.
1465 1918 1512 1982 Et
1544 1930 1654 1982 tamen
1687 1914 1830 1980 ostendit
1862 1911 2007 1977 nondum
2040 1930 2128 1976 com·

132 2000 192 2063 mit
213 1999 305 2065 Deus
327 2022 362 2065 se
384 2000 492 2065 adhuc
521 2000 625 2064 teneri
652 2000 761 2083 aliquo
784 2020 903 2067 amore.
946 2001 1021 2066 Non
1046 2001 1106 2065 du·
1156 2002 1278 2084 pletam
1301 2024 1372 2068 esse
1393 2002 1457 2067 Dei
1481 2002 1671 2082 vindictam,
1699 2000 1851 2083 quoniam
1875 1997 1982 2061 adhuc
2004 1993 2129 2078 aliquid

131 2084 219 2150 bium
244 2095 293 2151 est
310 2087 389 2168 quin
408 2084 448 2150 ad
467 2085 717 2151 similitudinem
735 2086 825 2151 illam
844 2087 1002 2169 respiciat,
1024 2107 1106 2169 quae
1156 2098 1268 2153 manet
1290 2088 1467 2166 residuum,
1491 2109 1607 2170 nempe
1630 2087 1814 2151 racematio.
1851 2082 1948 2163 'Quid
1971 2102 2049 2164 ergo
2072 2103 2128 2146 vo·

130 2170 207 2236 alibi
228 2172 299 2238 visa
317 2184 377 2237 est.
412 2171 503 2238 Deus
525 2172 613 2236 enim
635 2171 743 2238 locum
759 2183 792 2236 et
807 2193 978 2253 personam
995 2173 1105 2255 sponsi
1157 2173 1206 2239 bis
1238 2175 1318 2239 fiet?
1357 2172 1458 2256 quid?
1495 2173 1624 2240 vidistis
1659 2172 1779 2236 fratres
1811 2181 1941 2236 vestros
1979 2166 2128 2250 expilari,

132 2256 273 2322 sustinet
295 2278 373 2341 erga
396 2257 582 2323 ecelesiam:
615 2266 647 2323 st
668 2258 741 2322 ideo
771 2257 823 2323 hic
852 2258 995 2323 ostendit
1023 2279 1105 2324 non·
1155 2258 1285 2324 vidistis
1317 2279 1429 2326 omncs
1462 2258 1604 2343 iugulari
1638 2276 1702 2322 una
1731 2275 1805 2320 oum
1838 2254 1965 2333 liberis,
2000 2251 2128 2317 vidistis

131 2340 210 2406 dum
234 2363 377 2408 amorem
400 2344 510 2408 mariti
528 2364 563 2410 se
585 2343 748 2421 abiecisse,
772 2365 835 2426 quo
853 2365 988 2409 uxorem
1011 2366 1105 2410 suam
1156 2344 1298 2411 exerceri
1321 2366 1449 2410 omnem
1474 2345 1663 2410 saevitiam:
1690 2352 1723 2406 et
1745 2352 1854 2406 tamen
1876 2349 2050 2423 postquam
2072 2334 2128 2401 de·

131 2428 320 2510 complexus
342 2431 457 2494 fuerat.
501 2429 586 2494 Nem
610 2429 747 2494 meritus
777 2430 874 2493 etiam
904 2432 930 2495 si
960 2432 1105 2514 graviter
1156 2430 1259 2496 letum
1281 2429 1343 2496 fuit
1365 2450 1485 2496 nomen
1509 2428 1621 2509 Israel,
1644 2436 1678 2494 et
1700 2433 1828 2493 vastate
1849 2426 1913 2490 luit
1934 2435 2023 2489 terra
2045 2443 2129 2506 quae
2211 2504 2213 2509 .

130 2513 272 2578 offensus
296 2515 395 2579 luerit
416 2515 456 2581 eb
480 2536 592 2598 uxore,
623 2536 689 2579 non
720 2525 829 2579 tamen
852 2516 971 2598 poterit
992 2519 1102 2582 stetim
1157 2536 1243 2580 nnnc
1266 2516 1394 2581 deserte
1416 2522 1475 2595 est,
1505 2516 1595 2580 Deus
1618 2524 1728 2578 tamen
1750 2511 1857 2577 adhuc
1879 2510 2054 2577 ulciscetur
2076 2529 2127 2573 re·

131 2619 251 2664 exuere
273 2600 424 2665 effectum
453 2601 674 2683 coniugalem:
707 2609 818 2664 manet
839 2622 966 2682 semper
989 2603 1104 2684 aliquis
1156 2603 1283 2684 liquias,
1306 2611 1338 2665 et
1356 2600 1506 2667 videbitis
1528 2599 1658 2682 aliquod
1682 2598 1837 2664 iudicium
1859 2596 1948 2661 brevi
1971 2595 2128 2660 adversus

129 2705 254 2749 sensus.
298 2684 453 2750 Vidimus
475 2696 584 2750 autem
608 2695 725 2766 quarto
752 2686 857 2767 capite
879 2685 987 2751 Deum
1010 2708 1103 2770 supe·
1156 2686 1340 2752 residuum:
1377 2697 1410 2753 st
1442 2684 1519 2769 quid
1553 2686 1659 2751 adhuc
1693 2683 1890 2766 exspectatis
1922 2679 2057 2745 miseri?
2094 2684 2129 2743 et

130 2789 203 2835 rare
226 2770 431 2855 indulgentia
453 2791 565 2836 omnes
583 2771 728 2836 maritos.
761 2768 901 2836 Dicebat
919 2773 1005 2837 enim
1028 2772 1103 2850 illio,
1155 2781 1296 2855 quantus
1324 2784 1374 2837 est
1401 2773 1464 2839 iste
1494 2783 1605 2853 torpor
1628 2779 1735 2836 vester
1756 2767 1798 2833 ad
1819 2765 2036 2832 cessandum?
2070 2786 2128 2831 our

129 2855 167 2920 Si
191 2856 306 2922 mulier
328 2856 499 2938 repudiata
517 2856 693 2939 quaesierit
710 2856 849 2920 alterum
874 2858 1038 2936 maritum,
1060 2878 1102 2923 an
1155 2880 1219 2923 non
1243 2857 1382 2923 studetis
1399 2879 1457 2923 vos
1476 2857 1684 2924 reconciliare
1700 2854 1781 2933 Deo,
1804 2853 1858 2918 ubi
1878 2853 1969 2919 vobis
1991 2853 2128 2917 offertur

130 2941 220 3024 prior
242 2962 314 3006 eam
337 2943 471 3026 recipiet
494 2942 535 3006 ad
566 2940 625 3008 sel
670 2942 851 3006 Revertere
880 2942 921 3006 ad
944 2964 995 3009 me
1016 2965 1103 3009 seor·
1156 2943 1231 3009 talis
1260 2941 1510 3027 opportunitas?
1543 2943 1641 3008 Nune
1664 2961 1742 3024 ergo
1770 2950 1920 3005 tenemus
1949 2939 2127 3022 prophetas

128 3036 209 3106 tum,
232 3037 395 3092 revertere
417 3027 575 3093 meretrix
597 3037 630 3093 et
649 3026 816 3093 adultera:
839 3036 871 3091 et
893 3040 1026 3109 paratus
1048 3051 1104 3096 ero
1155 3038 1309 3095 mentem.
1344 3029 1389 3093 Et
1411 3050 1512 3111 quum
1535 3028 1622 3107 dicit,
1647 3027 1754 3093 Reduc
1775 3045 1905 3090 marram
1926 3029 2013 3090 tuam
2034 3022 2128 3105 quasi

129 3111 170 3175 ad
200 3112 339 3177 dandam
365 3115 502 3179 veniam.
547 3112 645 3178 Nune
675 3133 752 3196 ergo
781 3112 869 3178 idem
898 3117 1104 3197 prosequitur
1154 3115 1359 3181 vindemiator
1380 3116 1423 3180 ari
1444 3115 1592 3197 maistre,
1616 3114 1669 3179 vel
1690 3113 1731 3177 ad
1753 3110 1941 3178 cartallum:
1965 3131 2038 3176 ecce
2058 3111 2128 3175 vin-

129 3197 231 3275 Deus,
254 3197 395 3264 Frrrdire
417 3198 592 3264 Ierusalem
612 3219 652 3264 ae
673 3200 781 3263 aalma
802 3218 873 3263 mea
893 3219 1027 3280 prorsus
1048 3201 1104 3268 abs
1156 3199 1350 3266 damiatores
1372 3201 1426 3265 alii
1449 3201 1523 3265 aliis
1545 3198 1667 3265 addent
1695 3197 1859 3277 stimulos,
1892 3208 1929 3261 ut
1951 3197 2061 3262 nullus
2084 3196 2128 3261 sit

129 3284 331 3350 accere.-
360 3285 454 3367 quasi
476 3283 607 3364 diceret,
634 3284 745 3348 Etiam
768 3284 796 3348 si
819 3304 906 3350 nunc
935 3286 1043 3368 ardeo,
1071 3295 1104 3353 et
1155 3286 1232 3351 finis
1253 3285 1450 3366 racemandi,
1472 3298 1504 3350 ιι
1526 3305 1655 3368 semper
1677 3282 1813 3348 redeant
1834 3280 1875 3347 ad
1893 3283 2035 3347 canistra
2058 3302 2127 3362 sua,

129 3371 229 3434 statui
251 3392 363 3435 severe
386 3369 496 3436 ulcisci
519 3379 609 3435 tuam
631 3368 801 3451 perfidiam
827 3375 861 3435 et
882 3370 1102 3454 rebellionem,
1155 3371 1257 3440 donec
1279 3373 1485 3439 excusserint
1514 3368 1669 3453 quidquid
1697 3370 1768 3447 srit,
1797 3376 1834 3433 ut
1856 3389 1898 3432 ne
1920 3367 2033 3433 acinus
2055 3367 2126 3450 qui·

130 3460 240 3520 tamen
263 3454 370 3522 adhuc
393 3476 448 3521 oro
466 3454 641 3539 placabilia,
664 3454 758 3520 modo
781 3455 907 3521 redeas:
931 3471 963 3520 et
985 3458 1102 3537 adhuc,
1154 3457 1227 3524 dem
1250 3480 1336 3524 unus
1359 3458 1393 3521 in
1415 3458 1483 3522 rite
1505 3466 1645 3521 maneat.

128 3561 166 3606 ac
183 3547 349 3622 peremta
376 3547 493 3608 terram
518 3542 683 3624 desertam,
713 3545 830 3606 terram
857 3541 1101 3610 inhabitabilem.

129 3626 281 3709 Denique
313 3626 457 3693 ostendit
493 3627 654 3711 propheta
694 3626 757 3690 hoc
788 3648 886 3692 versu
926 3629 1103 3708 quamlibet
1241 3631 1291 3695 10.
1320 3628 1375 3694 Aa
1396 3648 1486 3710 quera
1515 3625 1653 3707 iopam?
1686 3630 1714 3693 et
1742 3644 1831 3708 quem
1860 3622 2060 3707 contestabor,
2092 3628 2127 3688 ut
2220 3667 2222 3670 >

129 3714 273 3794 graviter
291 3713 504 3779 excanduerit
523 3713 615 3777 Deus
630 3709 787 3776 adversus
803 3712 970 3795 populum,
993 3728 1102 3780 temen
1153 3716 1313 3781 audiant?
1351 3713 1431 3780 Ecce
1462 3712 1682 3779 incircumcisa
1718 3712 1809 3776 auris
1841 3729 1965 3787 earum,
2002 3713 2031 3773 et
2063 3729 2125 3775 aaa

129 3796 237 3863 adhuc
258 3819 349 3881 spem
371 3819 442 3863 esse
465 3799 589 3879 reniae,
620 3797 772 3879 quoniam
803 3800 873 3880 ipse
894 3798 958 3862 erit
987 3821 1102 3866 exora·
1147 3806 1295 3881 paream
1330 3800 1500 3866 utendae:
1536 3817 1598 3864 ecce
1633 3796 1757 3862 cabum
1790 3795 1923 3861 Ieltooae
1956 3795 2022 3877 fait
2057 3794 2124 3861 ctis

129 3881 212 3961 bilis,
245 3883 273 3948 si
301 3883 441 3968 populus
469 3885 629 3960 flectatur,
664 3891 695 3947 et
725 3884 914 3965 suppliciter
946 3894 1103 3968 agnoscat
1153 3887 1327 3970 opprobrio,
1354 3905 1415 3952 aaa
1435 3885 1654 3967 acquiemrmrl
1674 3884 1710 3948 r'rt
1731 3903 1765 3947 eo
1793 3881 1868 3968 (hoo
1889 3889 1947 3959 est,
1978 3900 2043 3945 non
2066 3880 2123 3945 ob-

129 3968 258 4052 culpem
280 3989 385 4048 suam,
407 3978 441 4034 et
462 3967 592 4035 studeat
610 3966 718 4033 redire
732 3967 767 4032 in
783 3969 923 4052 gratiam
939 3990 1013 4035 cum
1029 3971 1100 4036 Deo
1153 3971 1262 4039 leotati
1293 3979 1386 4038 sunt:
1415 3982 1483 4065 γῠιἾ
1514 3969 1676 4052 significat
1709 3989 1824 4051 capere
1856 3966 2121 4033 oblectationem:

126 4055 207 4138 ipso.
250 4053 417 4138 Sequitur,
1152 4057 1199 4122 Ile
1221 4060 1278 4142 n'y
1301 4068 1358 4123 ont
1384 4058 1475 4139 prins
1497 4055 1555 4121 nul
1578 4054 1713 4137 plaisir).

212 4226 243 4292 9.
268 4225 322 4292 Sic
335 4226 412 4292 dicit
426 4224 564 4290 Ielrooalr
581 4225 781 4308 eaermtarrm,
800 4224 999 4293 Racemondo
1016 4249 1100 4294 race-
1236 4228 1300 4294 Hie
1331 4226 1491 4311 propheta
1525 4223 1667 4293 ostendit
1700 4244 1767 4289 non
1800 4244 1871 4289 esse
1902 4246 1961 4290 our
1989 4242 2119 4305 operam

126 4310 253 4377 maburti
269 4313 364 4394 quasi
380 4312 472 4377 rilem
488 4311 640 4391 reliquias
655 4311 776 4376 Israel:
796 4311 889 4376 reduc
912 4314 976 4396 (vel
994 4315 1099 4379 redire
1151 4315 1274 4379 diutius
1306 4321 1478 4381 consumat
1504 4313 1538 4377 in
1570 4310 1771 4395 obiurgando
1804 4309 1934 4393 populo,
1968 4308 2121 4391 quoniam

127 4396 191 4480 fac)
212 4417 341 4463 marram
362 4402 449 4462 trram
469 4398 564 4478 quasi
585 4396 793 4463 madeniamr
809 4397 853 4462 ad
869 4399 1009 4465 cantara
1031 4399 1098 4485 (alii
1150 4399 1257 4467 surdis
1291 4398 1450 4482 loquatur.
1502 4398 1644 4462 Dixerat
1676 4397 1762 4460 enim
1796 4395 1950 4461 hesterna
1982 4394 2121 4459 lect-ione

127 4494 261 4549 vertunt
284 4482 324 4548 ad
346 4482 477 4568 remos).
1150 4486 1259 4552 Deum
1278 4485 1385 4550 adhue
1403 4485 1471 4549 lore
1486 4481 1686 4565 placabilem,
1705 4483 1733 4547 si
1748 4482 1977 4564 resipiscerent
1991 4476 2119 4543 Iudaei:

1150 4594 1239 4638 nunc
1268 4571 1360 4655 quasi
1388 4570 1427 4635 ad
1451 4583 1488 4634 se·
1517 4570 1624 4650 ipsum
1654 4588 1806 4633 reversus
1841 4567 1919 4634 dicit
1953 4588 1989 4631 se
2018 4567 2120 4633 verba

212 4654 277 4720 Hic
310 4656 482 4720 confirmat
516 4654 606 4719 Deus
643 4652 842 4735 superiorem
880 4656 1096 4721 sententiam:
1150 4658 1295 4741 perdere.
1340 4657 1385 4720 Et
1407 4654 1479 4719 ideo
1509 4653 1645 4736 suscipit
1673 4653 1906 4739 interrogantis
1935 4673 2119 4735 personam,

128 4740 219 4822 quasi
243 4740 364 4807 diceret
386 4762 421 4806 se
443 4741 577 4804 horrere
599 4738 640 4803 ad
663 4738 885 4821 spectaculum
917 4739 999 4806 illud
1028 4747 1097 4808 tam
1150 4754 1186 4809 ut
1203 4744 1237 4807 in
1255 4765 1292 4808 re
1311 4741 1361 4808 vel
1380 4740 1529 4816 absurda,
1551 4738 1603 4803 rel
1621 4739 1806 4821 inopinata:
1832 4740 1928 4822 Quem
1950 4738 2118 4821 alloquar?

127 4825 220 4889 triste
243 4834 275 4890 ιι
297 4836 365 4891 tam
388 4825 533 4909 lugubre,
557 4823 642 4908 quod
665 4834 773 4888 tamen
792 4823 923 4890 Iudaeis
945 4836 1016 4892 eret
1037 4850 1097 4911 pro
1149 4829 1264 4911 inquit,
1298 4834 1325 4894 et
1354 4846 1443 4908 quem
1474 4824 1687 4892 careatur?
1719 4827 1843 4890 'lamen
1872 4827 1938 4889 iam
1969 4823 2118 4888 hortatus

127 4909 240 4976 nihilo.
269 4911 375 4977 Docet
396 4911 499 4995 igitur
520 4931 555 4976 se
578 4930 642 4976 non
664 4911 786 4975 frustra
809 4910 932 4976 hortari
948 4913 1096 4992 Iudaeos,
1149 4915 1256 4980 luerat
1277 4935 1353 4980 suos
1375 4911 1548 4994 populares
1570 4908 1611 4974 ad
1629 4912 1872 4994 poenitentiam,
1896 4919 1933 4975 ιιι
1950 4908 2022 4973 heri
2038 4907 2117 4974 ridi-

127 5008 165 5063 ιιι
186 4997 237 5063 vel
260 5018 332 5063 sero
355 4997 557 5080 resipiscant,
591 4997 745 5078 quoniam
780 4996 968 5078 praevideat
998 5021 1097 5082 quam
1149 5023 1232 5066 mus.
1276 5000 1342 5066 Sed
1365 4999 1445 5063 haec
1467 4998 1554 5061 inter
1575 5017 1610 5062 se
1633 5018 1700 5061 non
1723 5006 1883 5081 pugnent,
1906 4995 1981 5079 quia
2003 4994 2117 5078 voluit,

127 5082 292 5149 horribilis
325 5083 439 5147 futura
461 5081 504 5147 sit
527 5082 671 5163 ipsorum
702 5079 819 5145 clades.
864 5082 954 5148 Dicit
985 5084 1097 5169 igitur,
1149 5084 1253 5169 quoad
1282 5086 1352 5150 fieri
1385 5093 1501 5166 posset,
1535 5083 1702 5148 consulere
1735 5083 1832 5149 saluti
1860 5080 1981 5166 populi.
2025 5079 2118 5145 Deus

129 5168 183 5234 Sic
198 5170 276 5235 dicit
292 5168 431 5234 Iebooalr
447 5168 644 5249 murdrum,
667 5165 867 5233 Racemaado
889 5170 1097 5236 racemabuat.
1149 5172 1248 5238 stiam
1269 5170 1331 5237 hoc
1353 5181 1576 5253 praeceperat:
1608 5179 1640 5234 et
1662 5169 1935 5250 quemadmodum
1958 5166 2028 5232 heri
2051 5166 2117 5232 dic·

127 5254 211 5319 Nam
228 5254 364 5321 verbum
381 5254 441 5320 hoc
456 5273 521 5317 non
536 5253 700 5336 significat
717 5252 869 5336 colligere
886 5255 1097 5337 vindemiam,
1149 5266 1220 5324 tum
1242 5258 1313 5335 fuit,
1342 5256 1412 5341 ipse
1434 5255 1526 5320 Deus
1548 5254 1676 5323 volebat
1697 5253 1758 5321 hoc
1780 5276 1850 5320 esse
1872 5259 2038 5334 testatum,
2059 5274 2118 5335 per
