4784 5970
1039 345 1188 412 CAPUT
1208 344 1336 410 XLIV.
2121 344 2182 408 122

195 348 254 413 121

194 544 288 601 mant
310 536 371 601 sub
393 535 473 600 duro
496 555 595 602 onere
617 535 850 618 castigationis,
873 533 930 599 sed
952 535 1054 598 iustas
1069 533 1165 598 scele-
1216 553 1271 597 ras
1295 541 1388 596 vocat
1409 531 1481 595 loca
1503 533 1608 615 magis
1629 530 1783 605 demissa,
1816 531 1969 613 planities
1999 531 2121 598 scilicet
2149 543 2184 597 et

195 642 267 686 rum
290 641 410 704 poenas
428 641 465 686 se
487 619 564 686 dare
586 621 739 703 cogitent,
762 621 838 702 quia
860 619 924 684 Dei
945 619 1028 683 iram
1051 638 1164 699 provo·
1215 618 1394 683 convalles:
1417 630 1456 682 ιιι
1474 637 1588 682 omnes
1607 637 1869 699 quaquaversum
1888 617 2036 702 regiones
2059 617 2100 683 ad
2117 617 2182 683 lau·

195 716 321 772 carunt.
364 707 410 771 Et
430 715 518 773 certe
541 709 666 788 quoties
687 705 833 789 asperius
857 708 914 769 n'os
938 703 1027 768 Deus
1047 712 1164 768 tractat
1215 702 1289 767 dem
1311 713 1343 767 st
1364 703 1613 767 celebrationem
1636 702 1777 766 nominis
1792 701 1855 766 Dei
1878 702 2063 767 incitentur.
2097 701 2183 768 Sub·

194 814 264 859 nou,
295 791 486 874 simpliciter
517 791 660 873 optanda
686 803 734 855 est
764 790 883 855 levatio
914 789 1100 854 amolostia
1132 800 1165 852 et
1214 787 1283 852 iioit
1305 787 1421 852 deinde
1444 807 1525 869 opus
1547 787 1627 851 illud
1645 789 1680 851 in
1697 788 1789 851 cuins
1806 785 2053 853 admirationem
2070 810 2183 854 omnes

196 877 319 952 dolore,
353 876 410 941 sed
433 878 602 942 exordium
626 896 645 939 a
667 878 762 941 venia
791 877 896 941 faeere
926 874 1095 948 convenit,
1129 882 1165 938 ut
1215 873 1387 950 excitabat,
1410 873 1562 938 ecclesiae
1584 871 1839 953 redemptionem
1861 893 1948 938 esse:
1972 882 2069 955 atque
2084 875 2183 957 signi·

195 962 287 1028 Deus
309 963 468 1044 imputare
491 963 583 1028 nobis
605 972 736 1045 peccata
758 962 893 1026 desinat.
933 961 1064 1025 Interea
1087 960 1164 1023 hine
1215 959 1291 1022 fioat
1309 959 1465 1035 futurum,
1484 958 1573 1023 utin
1592 977 1629 1022 eo
1645 958 1751 1041 gloria
1763 958 1825 1022 Dei
1843 960 2014 1041 magnifice
2031 959 2182 1026 reluceat.

196 1048 354 1113 evertitur
376 1046 540 1113 distinctio
562 1047 791 1129 sophistarum,
814 1049 869 1129 qui
892 1045 1015 1111 remitti
1033 1043 1163 1126 culpam
1215 1043 1317 1107 Porro
1340 1044 1516 1109 tenendum
1538 1043 1694 1124 estquod
1717 1042 1793 1108 alibi
1816 1044 1980 1119 admonui,
2003 1064 2067 1109 non
2090 1045 2184 1109 modo

195 1132 357 1213 fatentur,
387 1153 525 1214 poenam
548 1154 626 1198 voro
653 1145 788 1216 negant:
821 1143 858 1196 ut
886 1132 951 1197 iam
983 1131 1055 1194 aliis
1084 1130 1164 1193 locis
1215 1128 1370 1194 celebrari
1382 1129 1492 1213 populi
1504 1129 1644 1194 reditum
1662 1129 1695 1192 in
1715 1129 1864 1210 patriam,
1885 1128 1940 1193 sed
1958 1130 2058 1193 finem
2077 1131 2183 1212 ipsum

196 1218 325 1301 plonius
358 1218 479 1283 dictum
512 1229 570 1283 est.
619 1218 809 1283 Similitudo
842 1219 939 1283 nubis
971 1213 1163 1279 tantundem

197 1304 284 1369 valet
306 1324 344 1368 ao
366 1305 393 1369 si
417 1303 537 1368 diceret
554 1302 728 1379 Dominus,
749 1324 784 1368 se
807 1303 892 1367 nolle
913 1304 1001 1384 ipsos
1023 1301 1164 1381 amplius

195 1386 314 1453 iudicio
337 1409 395 1452 suo
417 1389 576 1470 persequi,
602 1395 660 1453 aut
681 1409 803 1470 poenas
825 1409 970 1453 sumere:
1004 1385 1090 1468 quod
1113 1406 1163 1450 re·

196 1475 294 1538 missa
323 1474 416 1555 culpa
445 1475 510 1538 sint
539 1473 601 1555 ipsi
630 1474 838 1539 reconciliati.
882 1470 1162 1555 Quemadmodum

196 1559 252 1624 ubi
273 1558 361 1624 coelo
383 1558 531 1625 redditur
551 1561 721 1635 serenitas,
745 1560 894 1624 dolentur
914 1568 948 1623 et
965 1568 1165 1622 evanescunt

196 1644 298 1709 nubes
320 1664 402 1725 quae
424 1645 503 1709 solis
525 1644 630 1710 lucem
662 1645 758 1708 terris
788 1645 999 1710 abstulerant.
1044 1641 1165 1724 Explo-

197 1729 303 1794 denda
330 1730 431 1812 igitur
461 1728 620 1795 diabolica
648 1730 820 1794 hominum
850 1738 1051 1810 commenta,
1084 1748 1166 1808 quae

197 1828 299 1879 totam
331 1814 416 1879 hano
449 1815 488 1879 de
521 1815 712 1880 remissione
745 1825 949 1898 peccatorum
983 1814 1164 1878 doctrinam

196 1900 400 1978 convellunt,
441 1921 541 1983 quum
581 1912 693 1980 aperte
734 1902 966 1982 prophetarum
999 1899 1166 1963 doctrinae

197 1985 423 2051 adversentur.
458 1984 555 2066 Quod
574 1984 671 2061 addit,
697 1985 859 2051 Reuertere
879 1987 922 2051 od
936 2005 992 2061 mc,
1016 1984 1165 2049 bifariam

196 2072 298 2153 accipi
320 2080 445 2152 potest:
469 2071 520 2135 vel
545 2080 581 2134 ut
597 2070 758 2135 Dominus
781 2071 934 2153 populum
958 2071 1108 2135 hortetur
1125 2068 1165 2134 ad

197 2156 449 2237 poenitentiam:
487 2157 540 2221 vel
570 2166 606 2219 ut
633 2156 737 2237 erigat
764 2157 799 2221 in
828 2177 920 2239 spem
954 2156 1165 2221 liberationis.

198 2242 343 2323 Uterque
365 2263 442 2306 vero
464 2262 578 2306 sensus
601 2243 720 2322 optime
742 2241 901 2322 quadrare
923 2250 1037 2323 potest.
1072 2240 1166 2305 Dixi·

196 2349 270 2391 mus
292 2347 496 2392 communem
519 2327 698 2408 scripturae
724 2346 819 2391 usum
849 2348 934 2404 esse,
964 2327 1088 2407 quoties
1116 2346 1165 2388 re-

197 2413 389 2494 demptionis
407 2414 605 2478 montionem
625 2414 710 2486 facit,
730 2413 770 2476 ad
782 2413 1016 2494 poenitentiam
1033 2411 1166 2475 hortari.

195 2497 279 2562 Vult
300 2498 387 2561 enim
410 2496 573 2563 Dominus
595 2518 654 2562 nos
677 2498 717 2563 ad
740 2520 775 2563 se
798 2499 859 2563 hoc
886 2497 980 2562 modo
1003 2516 1166 2573 revocare,

197 2595 234 2649 ut
267 2583 307 2647 ad
341 2583 548 2665 percipienda
580 2604 638 2647 sua
678 2582 832 2649 beneficia
870 2585 1003 2648 idoneos
1042 2580 1164 2646 reddat.

197 2668 372 2733 Caeterum
395 2670 471 2749 quia
494 2668 631 2751 populus
653 2669 844 2733 infidelitate
867 2691 925 2733 sua
947 2669 1044 2749 longe
1066 2687 1085 2730 a
1109 2687 1165 2748 spe

197 2755 312 2818 salutis
333 2753 461 2830 aberat,
490 2765 596 2835 potest
625 2754 725 2818 etiam
753 2773 812 2836 pro
840 2754 1087 2819 confirmatione
1117 2771 1166 2816 ac

198 2841 273 2923 cipi:
298 2850 335 2901 ut
356 2839 495 2921 populus
518 2850 642 2902 statuat
663 2859 698 2903 ιο
721 2839 809 2903 baud
828 2839 923 2905 dubie
942 2858 1164 2903 reversurum:

199 2945 237 2990 ιο
258 2926 286 2988 si
308 2925 443 2989 diceret:
467 2924 611 2988 Tametsi
634 2945 686 2988 me
708 2924 851 2990 alienum
873 2946 893 2989 a
915 2935 947 2989 to
966 2945 1036 2989 osse
1052 2923 1166 2988 existi·

198 3032 276 3088 mes,
300 3021 410 3073 tamen
432 3010 513 3074 scito
534 3030 587 3073 me
606 3030 718 3073 curam
743 3012 790 3074 tui
815 3009 1011 3075 habiturum.
1056 3008 1165 3090 Atque

197 3097 252 3161 hio
274 3096 433 3178 posterior
455 3114 569 3158 sensns
599 3095 678 3158 mihi
709 3098 814 3178 magis
845 3097 967 3177 placet,
997 3105 1030 3158 et
1060 3095 1166 3177 aptior

199 3181 365 3245 contextui
398 3179 536 3244 videtur.
589 3180 629 3243 In
661 3181 720 3245 hoc
747 3183 834 3246 enim
865 3182 1007 3246 maxime
1041 3180 1166 3245 laborat

199 3266 359 3350 propheta
381 3277 417 3329 ut
440 3267 669 3346 promissiones
687 3265 751 3331 Dei
773 3268 954 3342 confirmet,
977 3287 1014 3331 ao
1037 3266 1166 3348 penitus

200 3352 317 3417 animis
338 3351 462 3432 infigat.
505 3351 642 3416 Reverti
669 3372 744 3416 vero
774 3352 815 3416 ad
844 3373 879 3416 se
901 3351 1037 3417 Iudaeos
1066 3351 1166 3426 iubet,

199 3436 314 3520 quibus
345 3436 494 3500 exsilium
517 3435 682 3501 obstaculo
705 3447 774 3501 erat
796 3439 969 3520 quominus
1002 3457 1075 3502 eum
1099 3438 1167 3500 iore

199 3523 406 3587 liberatorem
433 3533 612 3603 sperarent.
657 3522 759 3603 Quasi
789 3523 926 3588 diceret:
961 3522 1121 3604 Quamvis
1149 3542 1168 3584 a

200 3609 290 3673 vobis
312 3606 472 3671 alienatus
494 3606 624 3685 videar,
658 3608 810 3673 confidite
833 3621 959 3684 tamen,
990 3609 1066 3690 quia
1087 3605 1167 3671 mihi

201 3694 367 3758 decretum
391 3703 442 3757 est
462 3713 518 3763 vos
541 3692 707 3758 redimere.

285 3829 336 3893 23.
359 3826 540 3913 (Laudato.)
578 3829 675 3894 Nunc
697 3831 849 3896 hortatur
870 3830 1008 3894 Iudaeos
1031 3828 1072 3894 ad
1094 3828 1165 3892 red·

200 3915 338 3980 dandam
363 3915 542 3996 gratiarum
565 3915 740 3981 actionem:
770 3939 835 3982 non
859 3926 985 3980 tantum
1008 3927 1044 3980 ut
1065 3914 1166 3997 grati-

201 4001 348 4066 tudinem
370 4019 463 4063 suam
487 4009 663 4083 testentur,
698 4002 752 4067 sed
783 4004 880 4066 etiam
905 4013 977 4065 uts
1002 4000 1165 4065 emiliam

199 4085 399 4151 liberationis
432 4086 600 4149 certiorem
634 4087 714 4169 ipsis
745 4087 868 4153 reddat.
916 4021 1057 4152 Addbeit
1089 4107 1166 4169 ergo

200 4172 311 4237 fideles
334 4171 367 4235 in
391 4190 461 4233 rem
485 4181 702 4251 praesentem,
731 4194 769 4238 ac
791 4176 819 4238 si
840 4174 904 4236 iam
928 4182 1036 4237 essent
1059 4194 1077 4236 a
1100 4173 1166 4236 Do-

200 4259 289 4322 mino
307 4255 446 4320 liberati.
491 4255 598 4338 Magis
622 4279 697 4321 vero
720 4259 906 4323 afficiuntur
935 4258 1035 4322 animi
1064 4258 1167 4322 nostri

200 4341 383 4406 huiusmodi
422 4341 680 4422 loquutionibus,
727 4364 824 4425 quam
872 4345 899 4408 si
939 4344 1167 4426 promissiones

200 4428 306 4491 nudae
336 4426 540 4491 offerrentur.
593 4426 704 4508 Quum
733 4429 835 4513 igitur
865 4430 1013 4494 dubitare
1036 4441 1168 4511 possent

200 4511 313 4576 fideles
336 4511 375 4575 de
398 4512 501 4576 salute
530 4533 605 4588 sua,
634 4512 720 4595 quod
749 4515 874 4579 interea
904 4516 1105 4580 tabescerent
1134 4515 1166 4577 in

200 4597 340 4662 miseriis
363 4596 447 4676 suis,
479 4617 515 4660 ae
536 4618 638 4680 paene
667 4599 787 4664 mortui
811 4611 932 4677 essent,
965 4598 1086 4664 excitat
1113 4619 1168 4664 eos

200 4683 375 4766 propheta:
406 4703 464 4746 neo
486 4682 581 4747 modo
602 4684 764 4750 canticum
787 4685 852 4751 illis
874 4685 983 4768 dictat,
1007 4705 1069 4767 quo
1091 4695 1169 4750 vota

200 4790 260 4836 sua
282 4766 480 4851 persolvant,
509 4768 564 4832 sed
587 4768 651 4835 tale
673 4792 752 4854 opus
775 4770 839 4835 Dei
860 4772 928 4836 iore
951 4770 1101 4847 ostendit,
1133 4784 1169 4835 ut

200 4855 324 4922 coelum
349 4862 382 4917 et
404 4861 523 4916 terram
554 4863 585 4917 et
616 4868 723 4921 mutas
750 4867 916 4922 creaturas
946 4856 1168 4939 magnitudine

201 4961 259 5007 sua
281 4948 315 5005 st
337 4939 480 5003 novitate
502 4953 711 5007 commoveat.

285 5059 463 5151 (Erumpt‘te
483 5060 624 5146 moso.)
661 5062 837 5127 Possemus
859 5061 1046 5142 simpliciter
1069 5060 1168 5124 inter·

1216 1214 1462 1297 comprehendi:
1496 1216 1570 1297 quia
1604 1215 1666 1278 hac
1698 1213 1770 1296 lege
1804 1214 1983 1280 redimendi
2017 1226 2111 1279 orant
2143 1216 2184 1279 ab

1216 1299 1329 1364 exsilio
1350 1300 1556 1384 babylonico,
1588 1315 1624 1364 ut
1647 1301 1737 1374 Deus
1759 1300 1889 1365 tandem
1911 1301 1971 1366 sub
1993 1321 2058 1365 uno
2079 1301 2184 1382 capite

1216 1384 1383 1451 ecclesiam
1407 1409 1447 1451 ex
1471 1399 1538 1450 toto
1560 1386 1637 1450 orbe
1659 1384 1836 1467 colligeret.

1303 1514 1353 1579 24.
1376 1512 1443 1598 (Sic
1464 1515 1540 1580 dicit
1561 1512 1702 1599 lohoac.)
1742 1511 1908 1593 Propheta
1930 1532 1988 1575 suo
2011 1533 2100 1577 more
2122 1514 2184 1577 vir·

1217 1607 1322 1664 tutem
1344 1601 1407 1664 Dei
1431 1612 1463 1663 ot
1485 1600 1663 1681 potentiam
1688 1618 1765 1662 mox
1795 1597 1968 1662 describet:
2002 1600 2079 1679 quia
2109 1619 2183 1681 pro-

1218 1687 1387 1750 missiones
1410 1686 1515 1749 nudeo
1537 1705 1653 1766 parum
1672 1682 1857 1748 autoritatis
1876 1692 1908 1746 et
1927 1680 2001 1747 fidei
2020 1682 2186 1764 haberent,

1218 1772 1280 1835 nisi
1304 1782 1485 1836 occurreret
1503 1771 1648 1851 potentia
1665 1768 1738 1848 Dei,
1761 1782 1844 1851 quae
1862 1787 1990 1831 omnem
2009 1789 2052 1833 ex
2070 1771 2187 1833 animis

1218 1858 1339 1920 nostris
1378 1855 1610 1920 dubitationem
1656 1857 1823 1919 eximeret.
1886 1851 2036 1941 Solemus
2077 1864 2185 1935 autem

1219 1941 1400 2007 diffidentia
1418 1951 1451 2004 et
1472 1941 1654 2023 pervicacia
1677 1949 1788 2004 nostra
1811 1938 1966 2003 virtutem
1989 1938 2051 2003 Dei
2075 1951 2107 2003 et
2131 1940 2186 2004 bo·

1219 2027 1354 2091 nitatem
1376 2028 1533 2103 minuere,
1563 2026 1624 2090 hoc
1646 2039 1703 2101 est,
1738 2027 1845 2088 minus
1874 2026 1902 2087 oi
1926 2024 2067 2088 tribuere
2090 2047 2187 2108 quam

1219 2111 1338 2176 deceat.
1374 2113 1483 2193 Atque
1501 2111 1574 2175 ideo
1592 2110 1750 2193 propheta
1766 2109 1950 2192 insignibus
1965 2109 2086 2193 elogiis,
2106 2132 2187 2192 quae

1218 2196 1316 2279 paulo
1339 2207 1410 2279 post
1432 2196 1620 2271 videbimus,
1645 2196 1714 2279 pios
1736 2194 1894 2259 animabit
1914 2205 1952 2258 ut
1973 2216 2073 2278 supra
2095 2217 2186 2278 spem

1218 2304 1349 2366 sperare
1380 2281 1513 2346 discant.
1559 2281 1681 2362 Incipit
1712 2289 1823 2345 tamen
1857 2300 1876 2343 a
1908 2282 2187 2346 commendatione

1219 2368 1373 2432 bonitatis
1405 2368 1596 2450 paternique
1629 2366 1749 2431 favoris
1789 2386 1853 2448 quo
1886 2365 1978 2430 Deus
2017 2367 2186 2432 ecclesiam

1218 2452 1405 2535 complexus
1435 2463 1501 2531 est,
1536 2452 1671 2534 vultque
1700 2453 1851 2535 prosequi
1880 2471 1983 2533 usqne
2012 2452 2046 2516 in
2077 2453 2186 2519 finem.

1218 2537 1304 2602 Nam
1338 2538 1533 2621 praedicatio
1561 2538 1725 2620 potentiae
1753 2549 1785 2601 et
1813 2538 1944 2601 virtutis
1973 2539 2041 2602 eius
2069 2559 2185 2620 parum

1217 2622 1301 2705 apud
1336 2646 1395 2688 nos
1429 2624 1589 2699 efficeret,
1631 2624 1693 2687 nisi
1728 2622 1768 2687 ad
1802 2642 1863 2686 nos
1902 2623 1972 2703 ipse
2012 2622 2186 2706 accederet,

1218 2719 1314 2790 atque
1343 2710 1496 2774 certiores
1526 2708 1674 2772 redderet
1696 2708 1735 2771 de
1758 2707 1983 2772 benevolentia
2003 2727 2072 2771 sua.
2112 2708 2187 2773 Non

1217 2807 1266 2858 est
1299 2795 1399 2877 igitur
1429 2795 1559 2858 initium
1597 2794 1777 2858 iaciendum
1812 2812 1831 2855 a
1863 2792 2033 2855 maiestate
2068 2794 2185 2874 ipsius:

1217 2900 1277 2943 nec
1309 2891 1375 2943 tam
1407 2880 1472 2944 alte
1503 2877 1798 2952 conscendendum,
1831 2898 1872 2941 ne
1900 2878 2092 2941 obruamur:
2129 2877 2186 2943 sed

1219 2963 1353 3041 bonitas,
1376 2985 1439 3048 qua
1461 2986 1520 3029 nos
1543 2963 1583 3028 ad
1605 2985 1639 3029 se
1661 2964 1797 3029 comiter
1811 2963 1941 3041 invitat,
1964 2963 2187 3044 amplectenda

1218 3061 1275 3114 est.
1320 3050 1448 3116 Nomen
1473 3049 1683 3132 redemptoris
1705 3048 1765 3114 hoc
1787 3048 1855 3113 loco
1880 3048 2021 3111 refertur
2043 3048 2083 3110 ad
2107 3059 2188 3112 tem·

1218 3156 1278 3217 pus
1308 3138 1535 3221 praeteritum,
1561 3136 1637 3218 quia
1663 3133 1793 3214 Iudaei,
1830 3134 1884 3216 qui
1916 3133 2097 3198 incredibili
2127 3136 2187 3196 mi·

1218 3222 1327 3287 racuio
1355 3222 1455 3287 semel
1484 3243 1524 3285 ex
1553 3223 1703 3305 Aegypto
1738 3220 1828 3303 quasi
1862 3239 1905 3282 ex
1937 3219 2054 3301 abysso
2084 3240 2188 3283 emer·

1218 3319 1338 3384 serant,
1362 3307 1590 3389 redemptionis
1607 3306 1696 3370 illius
1714 3305 1869 3369 memoria
1886 3303 2070 3368 confirmari
2094 3304 2188 3369 debe·

1219 3393 1298 3456 bant
1320 3394 1354 3456 in
1378 3413 1434 3474 spo
1457 3392 1600 3457 continui
1616 3411 1815 3473 progressus.
1849 3389 2010 3453 Pictorem
2036 3402 2127 3453 vocat
2149 3412 2187 3454 eo

1219 3498 1402 3560 sensuque
1428 3477 1570 3541 diximus
1592 3487 1705 3539 antea:
1729 3477 1803 3558 quia
1828 3475 1950 3539 scilicet
1980 3475 2097 3557 spiritu
2128 3497 2186 3539 suo

1218 3583 1416 3647 regenerans
1438 3583 1516 3645 quos
1539 3561 1671 3643 adoptat
1689 3561 1768 3627 laoit
1782 3579 1884 3623 novas
1902 3570 2076 3623 creaturas.
2110 3560 2188 3625 Ideo

1219 3669 1296 3712 vero
1318 3647 1421 3712 obiter
1447 3655 1677 3714 commemorat
1709 3647 1818 3727 priora
1840 3643 1995 3708 beneficia
2021 3665 2102 3726 quae
2130 3668 2186 3710 ex·

1219 3735 1304 3815 perti
1327 3743 1428 3811 erant,
1459 3744 1495 3797 ut
1515 3753 1555 3794 ex
1578 3732 1629 3795 his
1654 3731 1689 3793 in
1712 3740 1876 3813 posterum
1899 3737 2055 3812 statuant,
2078 3730 2187 3795 Deum

1218 3819 1385 3901 promissis
1407 3819 1474 3882 suis
1497 3828 1666 3881 staturum.

1304 3946 1369 4031 (Ab
1388 3946 1496 4033 utero)
1535 3944 1609 4009 Ηοο
1631 3943 1756 4009 addidit
1778 3953 1814 4008 ut
1836 3952 2028 4027 agnosceret
2049 3944 2188 4026 populus

1219 4035 1363 4116 gratuita
1384 4033 1481 4097 fuisse
1505 4031 1658 4096 beneficia
1679 4028 1787 4095 omnia
1809 4049 1891 4111 quae
1919 4028 2032 4093 aDeo
2055 4034 2186 4113 accepit.

1219 4119 1304 4183 Eum
1328 4120 1414 4183 enim
1445 4120 1613 4198 praevenit
1647 4115 1866 4180 misericordia
1895 4134 1970 4194 sua,
1999 4117 2187 4199 priusquam

1219 4207 1325 4287 ipsum
1350 4204 1401 4268 vel
1424 4202 1625 4267 solummodo
1646 4203 1798 4265 invocare
1821 4210 1939 4281 posset.
1983 4200 2055 4266 Hac
2077 4223 2188 4267 conso-

1218 4289 1339 4354 latione
1360 4288 1469 4354 David
1491 4289 1525 4351 in
1549 4289 1703 4353 extremis
1726 4284 1900 4368 angoribus
1923 4287 2069 4350 animum
2091 4310 2185 4352 suum

1219 4375 1378 4458 erigebat,
1408 4375 1458 4437 Tu
1482 4374 1510 4437 is
1532 4393 1566 4437 es
1589 4374 1644 4455 qui
1667 4393 1718 4436 me
1741 4392 1782 4435 ex
1810 4381 1902 4434 utero
1931 4372 2117 4437 extraxisti:
2151 4375 2187 4438 in

1221 4474 1251 4526 te
1273 4463 1352 4526 fisus
1373 4481 1445 4524 sum
1469 4458 1613 4543 pendens
1636 4459 1675 4522 ab
1697 4454 1849 4521 uberibus
1871 4458 1984 4520 matris
2014 4478 2120 4522 meae:
2151 4461 2186 4523 in

1220 4559 1252 4611 te
1273 4547 1439 4613 coniectus
1466 4565 1538 4610 sum
1568 4565 1586 4608 a
1615 4554 1728 4625 partu:
1761 4542 1802 4605 ab
1831 4552 1922 4605 utero
1955 4544 2070 4606 matris
2097 4565 2187 4609 meae

1220 4632 1311 4697 Deus
1340 4651 1431 4696 meus
1459 4651 1494 4695 es
1524 4641 1560 4693 tu
1588 4628 1762 4712 (Ριι1.22,
1787 4627 1852 4710 10).
1908 4627 2105 4709 Quanquam
2133 4629 2188 4694 hic

1221 4739 1285 4782 non
1309 4719 1417 4801 agitur
1439 4715 1478 4780 de
1501 4714 1645 4797 generali
1668 4716 1788 4797 gratia,
1818 4733 1883 4795 qua
1904 4713 1995 4777 Deus
2021 4713 2056 4775 in
2079 4714 2186 4778 lucem

1220 4804 1379 4886 quoslibet
1400 4803 1553 4866 mortales
1575 4797 1740 4882 producit,
1770 4799 1827 4864 sed
1849 4799 1962 4863 foedus
1984 4819 2078 4862 suum
2101 4821 2187 4864 com·

1220 4889 1353 4953 mandat
1381 4909 1445 4970 quo
1476 4885 1685 4968 adoptaverat
1712 4905 1824 4950 semen
1853 4884 2007 4950 Abrahae
2034 4885 2068 4948 in
2098 4885 2187 4951 mille

1221 4975 1454 5057 generationes.
1498 4970 1612 5054 Neque
1634 4972 1722 5036 enim
1745 4969 1892 5034 dubitare
1924 4970 1972 5032 sas
1994 4980 2080 5047 erat,
2107 4972 2186 5053 quin

1220 5081 1301 5142 opus
1323 5080 1419 5125 snum
1442 5059 1525 5121 tueri
1547 5058 1770 5140 relictusque
1792 5056 1827 5117 in
1850 5056 1960 5119 finem.
1997 5051 2186 5138 Sequuntur

200 5149 339 5235 pretari:
374 5145 507 5211 Ooelum
538 5165 667 5212 sursum
698 5161 730 5212 ιι
764 5160 882 5212 terram
912 5146 1078 5210 deorsum:
1112 5146 1167 5209 sed
1221 5156 1332 5227 postea
1354 5142 1485 5208 virtutis
1507 5142 1622 5225 elogia,
1644 5144 1730 5226 quod
1754 5140 1914 5207 coelorum
1937 5148 1971 5203 et
1988 5147 2095 5205 torrae
2112 5163 2186 5223 spa·

200 5261 299 5322 quum
322 5234 638 5340 meqtionemiaciat
661 5233 897 5309 dementibus,
927 5232 1080 5295 inferiora
1102 5244 1168 5295 ter·
1222 5233 1267 5295 tia
1289 5250 1347 5293 suo
1378 5228 1512 5293 arbitrio
1542 5227 1709 5293 dimensus
1737 5229 1789 5292 sit.
1834 5223 2051 5305 assensionis
2079 5240 2187 5291 autem
