<?xml version="1.0" encoding="UTF-8"?>
<!DOCTYPE html PUBLIC "-//W3C//DTD XHTML 1.0 Transitional//EN"
    "http://www.w3.org/TR/xhtml1/DTD/xhtml1-transitional.dtd">
<html xmlns="http://www.w3.org/1999/xhtml" xml:lang="en" lang="en">
 <head>
  <title>
</title>
<meta http-equiv="Content-Type" content="text/html;charset=utf-8" />
  <meta name='ocr-system' content='tesseract 3.04.00' />
  <meta name='ocr-capabilities' content='ocr_page ocr_carea ocr_par ocr_line ocrx_word'/>
</head>
<body>
  <div class='ocr_page' id='page_1' title='image "./corpusreformato04melagoog_0135.png"; bbox 0 0 4784 5970; ppageno 0'>
   <div class='ocr_carea' id='block_1_1' title="bbox 188 341 2209 417">
    <p class='ocr_par' dir='ltr' id='par_1_1' title="bbox 188 341 2209 417">
     <span class='ocr_line' id='line_1_1' title="bbox 188 341 2209 417; baseline -0.002 -1"><span class='ocrx_word' id='word_1_1' title='bbox 188 352 258 417; x_wconf 73' lang='lat'><strong>239</strong></span> <span class='ocrx_word' id='word_1_2' title='bbox 1075 347 1125 413; x_wconf 90' lang='lat' dir='ltr'><strong>IN</strong></span> <span class='ocrx_word' id='word_1_3' title='bbox 1149 341 1318 415; x_wconf 81' lang='lat' dir='ltr'>ISAIAM</span> <span class='ocrx_word' id='word_1_4' title='bbox 2145 347 2209 413; x_wconf 80' lang='lat'><strong>240</strong></span> 
     </span>
    </p>
   </div>
   <div class='ocr_carea' id='block_1_2' title="bbox 191 533 2206 4822">
    <p class='ocr_par' dir='ltr' id='par_1_2' title="bbox 191 533 2206 4822">
     <span class='ocr_line' id='line_1_2' title="bbox 195 533 2204 618; baseline -0.002 -14"><span class='ocrx_word' id='word_1_5' title='bbox 195 545 273 604; x_wconf 91' lang='lat' dir='ltr'><strong>suut</strong></span> <span class='ocrx_word' id='word_1_6' title='bbox 303 534 539 601; x_wconf 77' lang='lat' dir='ltr'><strong>consolationes</strong></span> <span class='ocrx_word' id='word_1_7' title='bbox 566 533 628 598; x_wconf 89' lang='lat' dir='ltr'><strong>nisi</strong></span> <span class='ocrx_word' id='word_1_8' title='bbox 660 535 806 599; x_wconf 91' lang='lat' dir='ltr'><strong>doctriua</strong></span> <span class='ocrx_word' id='word_1_9' title='bbox 835 534 1055 618; x_wconf 87' lang='lat' dir='ltr'><strong>poenitentiae</strong></span> <span class='ocrx_word' id='word_1_10' title='bbox 1083 545 1174 601; x_wconf 90' lang='lat' dir='ltr'><strong>aute·</strong></span> <span class='ocrx_word' id='word_1_11' title='bbox 1226 535 1300 600; x_wconf 94' lang='lat' dir='ltr'><strong>lone</strong></span> <span class='ocrx_word' id='word_1_12' title='bbox 1322 535 1479 600; x_wconf 90' lang='lat' dir='ltr'><strong>assernit:</strong></span> <span class='ocrx_word' id='word_1_13' title='bbox 1502 534 1620 600; x_wconf 86' lang='lat' dir='ltr'><strong>Subito</strong></span> <span class='ocrx_word' id='word_1_14' title='bbox 1636 534 1688 599; x_wconf 92' lang='lat' dir='ltr'><strong>die</strong></span> <span class='ocrx_word' id='word_1_15' title='bbox 1703 555 1769 599; x_wconf 93' lang='lat' dir='ltr'><strong>uno</strong></span> <span class='ocrx_word' id='word_1_16' title='bbox 1786 534 1847 601; x_wconf 92' lang='lat' dir='ltr'><strong>tibi</strong></span> <span class='ocrx_word' id='word_1_17' title='bbox 1862 535 1945 602; x_wconf 87' lang='lat' dir='ltr'><strong>haec</strong></span> <span class='ocrx_word' id='word_1_18' title='bbox 1960 535 2026 601; x_wconf 89' lang='lat' dir='ltr'><strong>duo</strong></span> <span class='ocrx_word' id='word_1_19' title='bbox 2040 536 2204 616; x_wconf 79' lang='lat' dir='ltr'>evenient,</span> 
     </span>
     <span class='ocr_line' id='line_1_3' title="bbox 191 618 2203 705; baseline -0.001 -17"><span class='ocrx_word' id='word_1_20' title='bbox 191 624 299 689; x_wconf 88' lang='lat' dir='ltr'><strong>cedat.</strong></span> <span class='ocrx_word' id='word_1_21' title='bbox 344 621 462 687; x_wconf 78' lang='lat' dir='ltr'><strong>Fauces</strong></span> <span class='ocrx_word' id='word_1_22' title='bbox 491 621 593 705; x_wconf 84' lang='lat' dir='ltr'><strong>igitur</strong></span> <span class='ocrx_word' id='word_1_23' title='bbox 620 641 686 685; x_wconf 94' lang='lat' dir='ltr'><strong>non</strong></span> <span class='ocrx_word' id='word_1_24' title='bbox 718 621 830 685; x_wconf 91' lang='lat' dir='ltr'><strong>eodem</strong></span> <span class='ocrx_word' id='word_1_25' title='bbox 860 619 958 684; x_wconf 91' lang='lat' dir='ltr'><strong>modo</strong></span> <span class='ocrx_word' id='word_1_26' title='bbox 988 620 1041 687; x_wconf 90' lang='lat' dir='ltr'><strong>hic</strong></span> <span class='ocrx_word' id='word_1_27' title='bbox 1070 621 1173 704; x_wconf 88' lang='lat' dir='ltr'><strong>accipi</strong></span> <span class='ocrx_word' id='word_1_28' title='bbox 1225 621 1346 685; x_wconf 89' lang='lat' dir='ltr'><strong>orbitas</strong></span> <span class='ocrx_word' id='word_1_29' title='bbox 1386 631 1419 685; x_wconf 93' lang='lat' dir='ltr'><strong>et</strong></span> <span class='ocrx_word' id='word_1_30' title='bbox 1451 621 1604 686; x_wconf 83' lang='lat' dir='ltr'><strong>viduitas.</strong></span> <span class='ocrx_word' id='word_1_31' title='bbox 1660 618 1727 686; x_wconf 86' lang='lat' dir='ltr'><strong>Sed</strong></span> <span class='ocrx_word' id='word_1_32' title='bbox 1766 619 1821 686; x_wconf 90' lang='lat' dir='ltr'><strong>hic</strong></span> <span class='ocrx_word' id='word_1_33' title='bbox 1861 621 2029 687; x_wconf 81' lang='lat' dir='ltr'><strong>diversum</strong></span> <span class='ocrx_word' id='word_1_34' title='bbox 2071 622 2203 687; x_wconf 82' lang='lat' dir='ltr'><strong>tandem</strong></span> 
     </span>
     <span class='ocr_line' id='line_1_4' title="bbox 192 704 2203 791; baseline -0 -16"><span class='ocrx_word' id='word_1_35' title='bbox 192 709 322 785; x_wconf 90' lang='lat' dir='ltr'><strong>debent,</strong></span> <span class='ocrx_word' id='word_1_36' title='bbox 344 719 381 772; x_wconf 93' lang='grc' dir='ltr'><strong>ιιι</strong></span> <span class='ocrx_word' id='word_1_37' title='bbox 402 706 520 771; x_wconf 90' lang='lat' dir='ltr'><strong>Ierem.</strong></span> <span class='ocrx_word' id='word_1_38' title='bbox 543 705 585 770; x_wconf 81' lang='lat'><strong>25</strong></span> <span class='ocrx_word' id='word_1_39' title='bbox 607 704 652 791; x_wconf 83' lang='lat' dir='ltr'><strong>(v.</strong></span> <span class='ocrx_word' id='word_1_40' title='bbox 676 705 731 791; x_wconf 82' lang='lat'><strong>15)</strong></span> <span class='ocrx_word' id='word_1_41' title='bbox 760 706 815 771; x_wconf 91' lang='lat' dir='ltr'><strong>ubi</strong></span> <span class='ocrx_word' id='word_1_42' title='bbox 843 725 949 770; x_wconf 91' lang='lat' dir='ltr'><strong>sermo</strong></span> <span class='ocrx_word' id='word_1_43' title='bbox 971 704 1111 772; x_wconf 89' lang='lat' dir='ltr'><strong>habetur</strong></span> <span class='ocrx_word' id='word_1_44' title='bbox 1132 705 1173 770; x_wconf 90' lang='lat' dir='ltr'><strong>de</strong></span> <span class='ocrx_word' id='word_1_45' title='bbox 1224 715 1379 771; x_wconf 86' lang='lat' dir='ltr'><strong>eventum</strong></span> <span class='ocrx_word' id='word_1_46' title='bbox 1409 705 1562 771; x_wconf 86' lang='lat' dir='ltr'><strong>eeclesiae</strong></span> <span class='ocrx_word' id='word_1_47' title='bbox 1591 706 1755 789; x_wconf 91' lang='lat' dir='ltr'><strong>promittit</strong></span> <span class='ocrx_word' id='word_1_48' title='bbox 1782 707 1903 771; x_wconf 86' lang='lat' dir='ltr'><strong>Isaiae:</strong></span> <span class='ocrx_word' id='word_1_49' title='bbox 1933 708 2010 790; x_wconf 91' lang='lat' dir='ltr'><strong>quia</strong></span> <span class='ocrx_word' id='word_1_50' title='bbox 2039 706 2203 774; x_wconf 76' lang='lat' dir='ltr'><strong>Dominus</strong></span> 
     </span>
     <span class='ocr_line' id='line_1_5' title="bbox 195 789 2204 877; baseline -0 -17"><span class='ocrx_word' id='word_1_51' title='bbox 195 795 354 877; x_wconf 86' lang='lat' dir='ltr'><strong>reprobis,</strong></span> <span class='ocrx_word' id='word_1_52' title='bbox 374 813 455 875; x_wconf 92' lang='lat' dir='ltr'><strong>quos</strong></span> <span class='ocrx_word' id='word_1_53' title='bbox 477 792 639 857; x_wconf 91' lang='lat' dir='ltr'><strong>Dominus</strong></span> <span class='ocrx_word' id='word_1_54' title='bbox 656 792 757 857; x_wconf 88' lang='lat' dir='ltr'><strong>calice</strong></span> <span class='ocrx_word' id='word_1_55' title='bbox 774 811 833 857; x_wconf 95' lang='lat' dir='ltr'><strong>suo</strong></span> <span class='ocrx_word' id='word_1_56' title='bbox 851 793 1017 875; x_wconf 80' lang='lat' dir='ltr'><strong>praefocat</strong></span> <span class='ocrx_word' id='word_1_57' title='bbox 1038 812 1075 858; x_wconf 92' lang='lat' dir='ltr'><strong>ac</strong></span> <span class='ocrx_word' id='word_1_58' title='bbox 1100 812 1170 875; x_wconf 89' lang='lat' dir='ltr'><strong>per·</strong></span> <span class='ocrx_word' id='word_1_59' title='bbox 1223 812 1296 857; x_wconf 91' lang='lat' dir='ltr'><strong>eam</strong></span> <span class='ocrx_word' id='word_1_60' title='bbox 1318 812 1359 856; x_wconf 88' lang='lat' dir='ltr'><strong>ex</strong></span> <span class='ocrx_word' id='word_1_61' title='bbox 1382 789 1636 874; x_wconf 85' lang='lat' dir='ltr'><strong>profundissima</strong></span> <span class='ocrx_word' id='word_1_62' title='bbox 1658 792 1776 877; x_wconf 85' lang='lat' dir='ltr'><strong>abysso</strong></span> <span class='ocrx_word' id='word_1_63' title='bbox 1805 793 1931 876; x_wconf 87' lang='lat' dir='ltr'><strong>eripiet.</strong></span> <span class='ocrx_word' id='word_1_64' title='bbox 1975 793 2204 859; x_wconf 84' lang='lat' dir='ltr'><strong>Denuntiatnr</strong></span> 
     </span>
     <span class='ocr_line' id='line_1_6' title="bbox 196 876 2203 961; baseline -0 -16"><span class='ocrx_word' id='word_1_65' title='bbox 196 881 257 945; x_wconf 90' lang='lat' dir='ltr'><strong>dit:</strong></span> <span class='ocrx_word' id='word_1_66' title='bbox 280 880 337 945; x_wconf 91' lang='lat' dir='ltr'><strong>sed</strong></span> <span class='ocrx_word' id='word_1_67' title='bbox 360 899 420 961; x_wconf 94' lang='lat' dir='ltr'><strong>pro</strong></span> <span class='ocrx_word' id='word_1_68' title='bbox 442 879 528 943; x_wconf 91' lang='lat' dir='ltr'><strong>iusta</strong></span> <span class='ocrx_word' id='word_1_69' title='bbox 550 886 583 941; x_wconf 93' lang='lat' dir='ltr'><strong>et</strong></span> <span class='ocrx_word' id='word_1_70' title='bbox 604 877 753 942; x_wconf 89' lang='lat' dir='ltr'><strong>absoluta</strong></span> <span class='ocrx_word' id='word_1_71' title='bbox 774 876 907 952; x_wconf 91' lang='lat' dir='ltr'><strong>ultione,</strong></span> <span class='ocrx_word' id='word_1_72' title='bbox 934 878 985 941; x_wconf 91' lang='lat' dir='ltr'><strong>cni</strong></span> <span class='ocrx_word' id='word_1_73' title='bbox 1009 876 1172 942; x_wconf 86' lang='lat' dir='ltr'><strong>Dominus</strong></span> <span class='ocrx_word' id='word_1_74' title='bbox 1223 887 1332 942; x_wconf 88' lang='lat' dir='ltr'><strong>autem</strong></span> <span class='ocrx_word' id='word_1_75' title='bbox 1355 885 1503 942; x_wconf 86' lang='lat' dir='ltr'><strong>extrema</strong></span> <span class='ocrx_word' id='word_1_76' title='bbox 1524 879 1664 954; x_wconf 89' lang='lat' dir='ltr'><strong>miseria,</strong></span> <span class='ocrx_word' id='word_1_77' title='bbox 1695 885 1733 943; x_wconf 89' lang='lat' dir='ltr'><strong>ut</strong></span> <span class='ocrx_word' id='word_1_78' title='bbox 1761 898 1796 942; x_wconf 91' lang='lat' dir='ltr'><strong>se</strong></span> <span class='ocrx_word' id='word_1_79' title='bbox 1822 878 1862 941; x_wconf 92' lang='lat' dir='ltr'><strong>ad</strong></span> <span class='ocrx_word' id='word_1_80' title='bbox 1886 878 2096 944; x_wconf 88' lang='lat' dir='ltr'><strong>tolerantiam</strong></span> <span class='ocrx_word' id='word_1_81' title='bbox 2117 900 2203 944; x_wconf 92' lang='lat' dir='ltr'><strong>com·</strong></span> 
     </span>
     <span class='ocr_line' id='line_1_7' title="bbox 195 962 2203 1048; baseline -0.001 -16"><span class='ocrx_word' id='word_1_82' title='bbox 195 965 329 1032; x_wconf 92' lang='lat' dir='ltr'><strong>modum</strong></span> <span class='ocrx_word' id='word_1_83' title='bbox 351 973 495 1029; x_wconf 88' lang='lat' dir='ltr'><strong>statuere</strong></span> <span class='ocrx_word' id='word_1_84' title='bbox 519 963 630 1028; x_wconf 83' lang='lat' dir='ltr'><strong>voluit.</strong></span> <span class='ocrx_word' id='word_1_85' title='bbox 675 963 785 1044; x_wconf 78' lang='lat' dir='ltr'><strong>Quum</strong></span> <span class='ocrx_word' id='word_1_86' title='bbox 809 983 887 1047; x_wconf 90' lang='lat' dir='ltr'><strong>ergo</strong></span> <span class='ocrx_word' id='word_1_87' title='bbox 910 962 1074 1028; x_wconf 88' lang='lat' dir='ltr'><strong>Dominus</strong></span> <span class='ocrx_word' id='word_1_88' title='bbox 1096 984 1172 1045; x_wconf 92' lang='lat' dir='ltr'><strong>poe·</strong></span> <span class='ocrx_word' id='word_1_89' title='bbox 1223 967 1342 1045; x_wconf 86' lang='lat' dir='ltr'><strong>parent</strong></span> <span class='ocrx_word' id='word_1_90' title='bbox 1362 963 1485 1044; x_wconf 89' lang='lat' dir='ltr'><strong>fideles,</strong></span> <span class='ocrx_word' id='word_1_91' title='bbox 1508 983 1614 1046; x_wconf 90' lang='lat' dir='ltr'><strong>neque</strong></span> <span class='ocrx_word' id='word_1_92' title='bbox 1636 964 1842 1029; x_wconf 80' lang='lat' dir='ltr'><strong>desinenter</strong></span> <span class='ocrx_word' id='word_1_93' title='bbox 1861 963 1930 1029; x_wconf 88' lang='lat' dir='ltr'><strong>suis</strong></span> <span class='ocrx_word' id='word_1_94' title='bbox 1946 964 2110 1048; x_wconf 88' lang='lat' dir='ltr'><strong>angustiis</strong></span> <span class='ocrx_word' id='word_1_95' title='bbox 2127 977 2203 1030; x_wconf 84' lang='lat' dir='ltr'><strong>vota</strong></span> 
     </span>
     <span class='ocr_line' id='line_1_8' title="bbox 197 1047 2202 1134; baseline -0.001 -17"><span class='ocrx_word' id='word_1_96' title='bbox 197 1075 257 1118; x_wconf 91' lang='lat' dir='ltr'><strong>nas</strong></span> <span class='ocrx_word' id='word_1_97' title='bbox 279 1051 419 1134; x_wconf 82' lang='lat' dir='ltr'><strong>sumpsit</strong></span> <span class='ocrx_word' id='word_1_98' title='bbox 444 1049 484 1113; x_wconf 91' lang='lat' dir='ltr'><strong>de</strong></span> <span class='ocrx_word' id='word_1_99' title='bbox 511 1049 604 1113; x_wconf 91' lang='lat' dir='ltr'><strong>nobis</strong></span> <span class='ocrx_word' id='word_1_100' title='bbox 633 1069 713 1131; x_wconf 91' lang='lat' dir='ltr'><strong>quas</strong></span> <span class='ocrx_word' id='word_1_101' title='bbox 735 1047 875 1126; x_wconf 88' lang='lat' dir='ltr'><strong>volebat,</strong></span> <span class='ocrx_word' id='word_1_102' title='bbox 905 1056 1004 1130; x_wconf 90' lang='lat' dir='ltr'><strong>atque</strong></span> <span class='ocrx_word' id='word_1_103' title='bbox 1031 1049 1172 1113; x_wconf 88' lang='lat' dir='ltr'><strong>miseriis</strong></span> <span class='ocrx_word' id='word_1_104' title='bbox 1223 1061 1256 1114; x_wconf 92' lang='lat' dir='ltr'><strong>et</strong></span> <span class='ocrx_word' id='word_1_105' title='bbox 1278 1067 1390 1131; x_wconf 85' lang='lat' dir='ltr'><strong>preces</strong></span> <span class='ocrx_word' id='word_1_106' title='bbox 1412 1068 1543 1113; x_wconf 91' lang='lat' dir='ltr'><strong>sursum</strong></span> <span class='ocrx_word' id='word_1_107' title='bbox 1572 1050 1730 1114; x_wconf 87' lang='lat' dir='ltr'><strong>emittere.</strong></span> <span class='ocrx_word' id='word_1_108' title='bbox 1776 1048 1917 1115; x_wconf 86' lang='lat' dir='ltr'><strong>Summa</strong></span> <span class='ocrx_word' id='word_1_109' title='bbox 1945 1058 2004 1126; x_wconf 86' lang='lat' dir='ltr'><strong>eet,</strong></span> <span class='ocrx_word' id='word_1_110' title='bbox 2032 1049 2202 1115; x_wconf 75' lang='lat' dir='ltr'><strong>eudociam</strong></span> 
     </span>
     <span class='ocr_line' id='line_1_9' title="bbox 197 1120 2201 1225; baseline -0 -23"><span class='ocrx_word' id='word_1_111' title='bbox 197 1139 316 1202; x_wconf 91' lang='lat' dir='ltr'><strong>nostris</strong></span> <span class='ocrx_word' id='word_1_112' title='bbox 338 1138 435 1201; x_wconf 90' lang='lat' dir='ltr'><strong>finem</strong></span> <span class='ocrx_word' id='word_1_113' title='bbox 465 1136 612 1218; x_wconf 85' lang='lat' dir='ltr'><strong>imponit,</strong></span> <span class='ocrx_word' id='word_1_114' title='bbox 646 1135 751 1200; x_wconf 82' lang='lat' dir='ltr'><strong>faeces</strong></span> <span class='ocrx_word' id='word_1_115' title='bbox 780 1133 960 1199; x_wconf 85' lang='lat' dir='ltr'><strong>exhaustas</strong></span> <span class='ocrx_word' id='word_1_116' title='bbox 992 1154 1063 1199; x_wconf 90' lang='lat' dir='ltr'><strong>esee</strong></span> <span class='ocrx_word' id='word_1_117' title='bbox 1096 1156 1170 1217; x_wconf 94' lang='lat' dir='ltr'><strong>pro·</strong></span> <span class='ocrx_word' id='word_1_118' title='bbox 1195 1120 1199 1225; x_wconf 67' lang='lat' dir='ltr'><strong>l</strong></span> <span class='ocrx_word' id='word_1_119' title='bbox 1223 1134 1330 1199; x_wconf 88' lang='lat' dir='ltr'><strong>omnis</strong></span> <span class='ocrx_word' id='word_1_120' title='bbox 1359 1134 1490 1217; x_wconf 90' lang='lat' dir='ltr'><strong>generis</strong></span> <span class='ocrx_word' id='word_1_121' title='bbox 1511 1133 1606 1199; x_wconf 88' lang='lat' dir='ltr'><strong>malis</strong></span> <span class='ocrx_word' id='word_1_122' title='bbox 1634 1135 1681 1198; x_wconf 91' lang='lat' dir='ltr'><strong>ita</strong></span> <span class='ocrx_word' id='word_1_123' title='bbox 1710 1155 1901 1219; x_wconf 89' lang='lat' dir='ltr'><strong>oppressum</strong></span> <span class='ocrx_word' id='word_1_124' title='bbox 1931 1137 1972 1200; x_wconf 91' lang='lat' dir='ltr'><strong>iri</strong></span> <span class='ocrx_word' id='word_1_125' title='bbox 2003 1148 2040 1201; x_wconf 93' lang='grc' dir='ltr'><strong>ιιι</strong></span> <span class='ocrx_word' id='word_1_126' title='bbox 2070 1155 2201 1218; x_wconf 89' lang='lat' dir='ltr'><strong>prorsus</strong></span> 
     </span>
     <span class='ocr_line' id='line_1_10' title="bbox 196 1217 2200 1309; baseline -0.001 -18"><span class='ocrx_word' id='word_1_127' title='bbox 196 1224 345 1290; x_wconf 89' lang='lat' dir='ltr'><strong>nuntiat:</strong></span> <span class='ocrx_word' id='word_1_128' title='bbox 367 1222 464 1286; x_wconf 89' lang='lat' dir='ltr'><strong>sicuti</strong></span> <span class='ocrx_word' id='word_1_129' title='bbox 486 1223 592 1286; x_wconf 87' lang='lat' dir='ltr'><strong>visum</strong></span> <span class='ocrx_word' id='word_1_130' title='bbox 614 1234 663 1285; x_wconf 89' lang='lat' dir='ltr'><strong>est</strong></span> <span class='ocrx_word' id='word_1_131' title='bbox 685 1221 790 1302; x_wconf 88' lang='lat' dir='ltr'><strong>capite</strong></span> <span class='ocrx_word' id='word_1_132' title='bbox 811 1219 864 1284; x_wconf 81' lang='lat'><strong>40.</strong></span> <span class='ocrx_word' id='word_1_133' title='bbox 1196 1242 1199 1255; x_wconf 92' lang='grc'><em>·</em></span> <span class='ocrx_word' id='word_1_134' title='bbox 1223 1219 1402 1285; x_wconf 90' lang='lat' dir='ltr'><strong>obterenda</strong></span> <span class='ocrx_word' id='word_1_135' title='bbox 1428 1240 1500 1284; x_wconf 91' lang='lat' dir='ltr'><strong>esse</strong></span> <span class='ocrx_word' id='word_1_136' title='bbox 1521 1217 1690 1284; x_wconf 81' lang='lat' dir='ltr'><strong>videatur:</strong></span> <span class='ocrx_word' id='word_1_137' title='bbox 1724 1221 1799 1301; x_wconf 89' lang='lat' dir='ltr'><strong>qnia</strong></span> <span class='ocrx_word' id='word_1_138' title='bbox 1826 1221 1905 1286; x_wconf 82' lang='lat' dir='ltr'><strong>loris</strong></span> <span class='ocrx_word' id='word_1_139' title='bbox 1934 1225 2099 1288; x_wconf 89' lang='lat' dir='ltr'><strong>sustineat</strong></span> <span class='ocrx_word' id='word_1_140' title='bbox 2126 1245 2200 1309; x_wconf 90' lang='lat' dir='ltr'><strong>gra·</strong></span> 
     </span>
     <span class='ocr_line' id='line_1_11' title="bbox 283 1304 2200 1391; baseline 0.002 -19"><span class='ocrx_word' id='word_1_141' title='bbox 283 1308 333 1372; x_wconf 88' lang='lat'><strong>18.</strong></span> <span class='ocrx_word' id='word_1_142' title='bbox 367 1306 456 1391; x_wconf 86' lang='lat' dir='ltr'><strong>(Noa</strong></span> <span class='ocrx_word' id='word_1_143' title='bbox 485 1307 611 1388; x_wconf 77' lang='lat' dir='ltr'><strong>estqui</strong></span> <span class='ocrx_word' id='word_1_144' title='bbox 637 1305 747 1391; x_wconf 77' lang='lat' dir='ltr'><strong>requi.)</strong></span> <span class='ocrx_word' id='word_1_145' title='bbox 797 1304 965 1370; x_wconf 77' lang='lat' dir='ltr'><strong>Describit</strong></span> <span class='ocrx_word' id='word_1_146' title='bbox 990 1314 1170 1369; x_wconf 86' lang='lat' dir='ltr'><strong>extremam</strong></span> <span class='ocrx_word' id='word_1_147' title='bbox 1224 1305 1375 1370; x_wconf 90' lang='lat' dir='ltr'><strong>vissimas</strong></span> <span class='ocrx_word' id='word_1_148' title='bbox 1397 1325 1579 1383; x_wconf 88' lang='lat' dir='ltr'><strong>aerumnas,</strong></span> <span class='ocrx_word' id='word_1_149' title='bbox 1608 1306 1699 1370; x_wconf 90' lang='lat' dir='ltr'><strong>intus</strong></span> <span class='ocrx_word' id='word_1_150' title='bbox 1721 1326 1798 1370; x_wconf 88' lang='lat' dir='ltr'><strong>vero</strong></span> <span class='ocrx_word' id='word_1_151' title='bbox 1827 1305 1911 1371; x_wconf 90' lang='lat' dir='ltr'><strong>nihil</strong></span> <span class='ocrx_word' id='word_1_152' title='bbox 1933 1308 2006 1390; x_wconf 91' lang='lat' dir='ltr'><strong>opis</strong></span> <span class='ocrx_word' id='word_1_153' title='bbox 2035 1320 2095 1374; x_wconf 91' lang='lat' dir='ltr'><strong>aut</strong></span> <span class='ocrx_word' id='word_1_154' title='bbox 2122 1310 2200 1375; x_wconf 82' lang='lat' dir='ltr'><strong>alle-</strong></span> 
     </span>
     <span class='ocr_line' id='line_1_12' title="bbox 196 1390 2199 1473; baseline 0 -13"><span class='ocrx_word' id='word_1_155' title='bbox 196 1393 350 1460; x_wconf 88' lang='lat' dir='ltr'><strong>ecclesiae</strong></span> <span class='ocrx_word' id='word_1_156' title='bbox 377 1393 605 1457; x_wconf 88' lang='lat' dir='ltr'><strong>calamitatem.</strong></span> <span class='ocrx_word' id='word_1_157' title='bbox 651 1392 734 1455; x_wconf 89' lang='lat' dir='ltr'><strong>Nam</strong></span> <span class='ocrx_word' id='word_1_158' title='bbox 765 1392 909 1455; x_wconf 90' lang='lat' dir='ltr'><strong>omnium</strong></span> <span class='ocrx_word' id='word_1_159' title='bbox 940 1390 1170 1473; x_wconf 88' lang='lat' dir='ltr'><strong>gravissimum</strong></span> <span class='ocrx_word' id='word_1_160' title='bbox 1196 1424 1199 1469; x_wconf 54' lang='grc' dir='ltr'><strong>ι</strong></span> <span class='ocrx_word' id='word_1_161' title='bbox 1223 1391 1366 1456; x_wconf 82' lang='lat' dir='ltr'><strong>rationis</strong></span> <span class='ocrx_word' id='word_1_162' title='bbox 1389 1412 1409 1455; x_wconf 90' lang='lat' dir='ltr'><strong>a</strong></span> <span class='ocrx_word' id='word_1_163' title='bbox 1431 1391 1499 1454; x_wconf 90' lang='lat' dir='ltr'><strong>suis</strong></span> <span class='ocrx_word' id='word_1_164' title='bbox 1521 1390 1651 1456; x_wconf 88' lang='lat' dir='ltr'><strong>habeat.</strong></span> <span class='ocrx_word' id='word_1_165' title='bbox 1683 1391 1776 1456; x_wconf 89' lang='lat' dir='ltr'><strong>Haec</strong></span> <span class='ocrx_word' id='word_1_166' title='bbox 1794 1391 1859 1457; x_wconf 90' lang='lat' dir='ltr'><strong>duo</strong></span> <span class='ocrx_word' id='word_1_167' title='bbox 1880 1394 2093 1461; x_wconf 85' lang='lat' dir='ltr'><strong>acerbissima</strong></span> <span class='ocrx_word' id='word_1_168' title='bbox 2114 1396 2199 1461; x_wconf 89' lang='lat' dir='ltr'><strong>mala</strong></span> 
     </span>
     <span class='ocr_line' id='line_1_13' title="bbox 196 1474 2200 1566; baseline 0 -22"><span class='ocrx_word' id='word_1_169' title='bbox 196 1485 293 1562; x_wconf 82' lang='lat' dir='ltr'><strong>atque</strong></span> <span class='ocrx_word' id='word_1_170' title='bbox 316 1481 450 1544; x_wconf 91' lang='lat' dir='ltr'><strong>omnino</strong></span> <span class='ocrx_word' id='word_1_171' title='bbox 472 1487 656 1542; x_wconf 84' lang='lat' dir='ltr'><strong>extremum</strong></span> <span class='ocrx_word' id='word_1_172' title='bbox 676 1488 734 1554; x_wconf 92' lang='lat' dir='ltr'><strong>est,</strong></span> <span class='ocrx_word' id='word_1_173' title='bbox 758 1476 844 1558; x_wconf 91' lang='lat' dir='ltr'><strong>quod</strong></span> <span class='ocrx_word' id='word_1_174' title='bbox 864 1475 947 1540; x_wconf 94' lang='lat' dir='ltr'><strong>nihil</strong></span> <span class='ocrx_word' id='word_1_175' title='bbox 965 1474 1171 1541; x_wconf 78' lang='lat' dir='ltr'><strong>allevationis</strong></span> <span class='ocrx_word' id='word_1_176' title='bbox 1224 1486 1301 1541; x_wconf 92' lang='lat' dir='ltr'><strong>sunt</strong></span> <span class='ocrx_word' id='word_1_177' title='bbox 1323 1497 1407 1558; x_wconf 90' lang='lat' dir='ltr'><strong>quae</strong></span> <span class='ocrx_word' id='word_1_178' title='bbox 1428 1478 1527 1541; x_wconf 84' lang='lat' dir='ltr'><strong>refert</strong></span> <span class='ocrx_word' id='word_1_179' title='bbox 1553 1477 1723 1559; x_wconf 89' lang='lat' dir='ltr'><strong>propheta.</strong></span> <span class='ocrx_word' id='word_1_180' title='bbox 1769 1476 1836 1542; x_wconf 82' lang='lat' dir='ltr'><strong>Sed</strong></span> <span class='ocrx_word' id='word_1_181' title='bbox 1864 1479 2034 1546; x_wconf 87' lang='lat' dir='ltr'><strong>nonsatis</strong></span> <span class='ocrx_word' id='word_1_182' title='bbox 2057 1501 2200 1566; x_wconf 88' lang='lat' dir='ltr'><strong>congrua</strong></span> 
     </span>
     <span class='ocr_line' id='line_1_14' title="bbox 198 1561 2197 1646; baseline 0.001 -15"><span class='ocrx_word' id='word_1_183' title='bbox 198 1564 257 1631; x_wconf 82' lang='lat' dir='ltr'><strong>aut</strong></span> <span class='ocrx_word' id='word_1_184' title='bbox 278 1564 509 1631; x_wconf 88' lang='lat' dir='ltr'><strong>consolationis</strong></span> <span class='ocrx_word' id='word_1_185' title='bbox 532 1562 670 1646; x_wconf 80' lang='lat' dir='ltr'><strong>percipit</strong></span> <span class='ocrx_word' id='word_1_186' title='bbox 693 1584 712 1625; x_wconf 88' lang='lat' dir='ltr'><strong>a</strong></span> <span class='ocrx_word' id='word_1_187' title='bbox 734 1563 845 1627; x_wconf 89' lang='lat' dir='ltr'><strong>liberis</strong></span> <span class='ocrx_word' id='word_1_188' title='bbox 868 1582 948 1643; x_wconf 91' lang='lat' dir='ltr'><strong>quos</strong></span> <span class='ocrx_word' id='word_1_189' title='bbox 976 1562 1048 1644; x_wconf 90' lang='lat' dir='ltr'><strong>ipsa</strong></span> <span class='ocrx_word' id='word_1_190' title='bbox 1072 1561 1172 1626; x_wconf 87' lang='lat' dir='ltr'><strong>enixa</strong></span> <span class='ocrx_word' id='word_1_191' title='bbox 1223 1561 1353 1627; x_wconf 86' lang='lat' dir='ltr'><strong>videtur</strong></span> <span class='ocrx_word' id='word_1_192' title='bbox 1375 1563 1439 1627; x_wconf 90' lang='lat' dir='ltr'><strong>ista</strong></span> <span class='ocrx_word' id='word_1_193' title='bbox 1460 1562 1603 1646; x_wconf 90' lang='lat' dir='ltr'><strong>partitio,</strong></span> <span class='ocrx_word' id='word_1_194' title='bbox 1635 1573 1810 1646; x_wconf 91' lang='lat' dir='ltr'><strong>postquam</strong></span> <span class='ocrx_word' id='word_1_195' title='bbox 1838 1565 1927 1630; x_wconf 92' lang='lat' dir='ltr'><strong>enim</strong></span> <span class='ocrx_word' id='word_1_196' title='bbox 1951 1565 2076 1631; x_wconf 90' lang='lat' dir='ltr'><strong>malum</strong></span> <span class='ocrx_word' id='word_1_197' title='bbox 2098 1588 2197 1632; x_wconf 91' lang='lat' dir='ltr'><strong>unum</strong></span> 
     </span>
     <span class='ocr_line' id='line_1_15' title="bbox 196 1646 2198 1730; baseline 0 -16"><span class='ocrx_word' id='word_1_198' title='bbox 196 1660 256 1714; x_wconf 86' lang='lat' dir='ltr'><strong>cet.</strong></span> <span class='ocrx_word' id='word_1_199' title='bbox 302 1649 474 1716; x_wconf 89' lang='lat' dir='ltr'><strong>Summam</strong></span> <span class='ocrx_word' id='word_1_200' title='bbox 497 1658 606 1713; x_wconf 89' lang='lat' dir='ltr'><strong>autem</strong></span> <span class='ocrx_word' id='word_1_201' title='bbox 637 1649 722 1713; x_wconf 91' lang='lat' dir='ltr'><strong>hanc</strong></span> <span class='ocrx_word' id='word_1_202' title='bbox 751 1647 918 1713; x_wconf 86' lang='lat' dir='ltr'><strong>miseriam</strong></span> <span class='ocrx_word' id='word_1_203' title='bbox 941 1646 1105 1724; x_wconf 86' lang='lat' dir='ltr'><strong>describit,</strong></span> <span class='ocrx_word' id='word_1_204' title='bbox 1135 1658 1171 1711; x_wconf 91' lang='lat' dir='ltr'><strong>ut</strong></span> <span class='ocrx_word' id='word_1_205' title='bbox 1223 1647 1346 1730; x_wconf 73' lang='lat' dir='ltr'><strong>retulit,</strong></span> <span class='ocrx_word' id='word_1_206' title='bbox 1376 1647 1461 1729; x_wconf 93' lang='lat' dir='ltr'><strong>quod</strong></span> <span class='ocrx_word' id='word_1_207' title='bbox 1490 1668 1585 1712; x_wconf 88' lang='lat' dir='ltr'><strong>nemo</strong></span> <span class='ocrx_word' id='word_1_208' title='bbox 1614 1652 1644 1713; x_wconf 93' lang='lat' dir='ltr'><strong>ei</strong></span> <span class='ocrx_word' id='word_1_209' title='bbox 1673 1648 1855 1724; x_wconf 85' lang='lat' dir='ltr'><strong>condoleat,</strong></span> <span class='ocrx_word' id='word_1_210' title='bbox 1884 1670 1982 1714; x_wconf 92' lang='lat' dir='ltr'><strong>nemo</strong></span> <span class='ocrx_word' id='word_1_211' title='bbox 2011 1653 2198 1718; x_wconf 90' lang='lat' dir='ltr'><strong>consoletur</strong></span> 
     </span>
     <span class='ocr_line' id='line_1_16' title="bbox 197 1733 2196 1820; baseline 0.001 -19"><span class='ocrx_word' id='word_1_212' title='bbox 197 1740 347 1820; x_wconf 85' lang='lat' dir='ltr'><strong>quamvis</strong></span> <span class='ocrx_word' id='word_1_213' title='bbox 380 1735 567 1819; x_wconf 90' lang='lat' dir='ltr'><strong>deploratus</strong></span> <span class='ocrx_word' id='word_1_214' title='bbox 597 1735 639 1799; x_wconf 90' lang='lat' dir='ltr'><strong>sit</strong></span> <span class='ocrx_word' id='word_1_215' title='bbox 667 1735 736 1798; x_wconf 92' lang='lat' dir='ltr'><strong>eius</strong></span> <span class='ocrx_word' id='word_1_216' title='bbox 765 1742 889 1813; x_wconf 89' lang='lat' dir='ltr'><strong>status,</strong></span> <span class='ocrx_word' id='word_1_217' title='bbox 918 1733 1171 1798; x_wconf 84' lang='lat' dir='ltr'><strong>consolationem</strong></span> <span class='ocrx_word' id='word_1_218' title='bbox 1223 1742 1362 1816; x_wconf 89' lang='lat' dir='ltr'><strong>quatuor</strong></span> <span class='ocrx_word' id='word_1_219' title='bbox 1383 1734 1508 1814; x_wconf 87' lang='lat' dir='ltr'><strong>species</strong></span> <span class='ocrx_word' id='word_1_220' title='bbox 1526 1743 1713 1798; x_wconf 87' lang='lat' dir='ltr'><strong>enumerat:</strong></span> <span class='ocrx_word' id='word_1_221' title='bbox 1736 1735 1936 1813; x_wconf 85' lang='lat' dir='ltr'><strong>vastitatem,</strong></span> <span class='ocrx_word' id='word_1_222' title='bbox 1958 1739 2196 1815; x_wconf 82' lang='lat' dir='ltr'><strong>contritionem,</strong></span> 
     </span>
     <span class='ocr_line' id='line_1_17' title="bbox 196 1817 2197 1903; baseline 0.001 -17"><span class='ocrx_word' id='word_1_223' title='bbox 196 1821 412 1886; x_wconf 92' lang='lat' dir='ltr'><strong>nihilominus</strong></span> <span class='ocrx_word' id='word_1_224' title='bbox 441 1843 460 1885; x_wconf 91' lang='lat' dir='ltr'><strong>a</strong></span> <span class='ocrx_word' id='word_1_225' title='bbox 490 1819 562 1884; x_wconf 93' lang='lat' dir='ltr'><strong>Deo</strong></span> <span class='ocrx_word' id='word_1_226' title='bbox 592 1827 769 1902; x_wconf 86' lang='lat' dir='ltr'><strong>exspectet,</strong></span> <span class='ocrx_word' id='word_1_227' title='bbox 798 1839 864 1901; x_wconf 92' lang='lat' dir='ltr'><strong>qua</strong></span> <span class='ocrx_word' id='word_1_228' title='bbox 893 1839 1063 1901; x_wconf 89' lang='lat' dir='ltr'><strong>nunquam</strong></span> <span class='ocrx_word' id='word_1_229' title='bbox 1093 1839 1171 1883; x_wconf 90' lang='lat' dir='ltr'><strong>suos</strong></span> <span class='ocrx_word' id='word_1_230' title='bbox 1223 1817 1379 1902; x_wconf 85' lang='lat' dir='ltr'><strong>gladium,</strong></span> <span class='ocrx_word' id='word_1_231' title='bbox 1402 1819 1531 1883; x_wconf 82' lang='lat' dir='ltr'><strong>samem.</strong></span> <span class='ocrx_word' id='word_1_232' title='bbox 1575 1819 1734 1884; x_wconf 91' lang='lat' dir='ltr'><strong>Nonnulli</strong></span> <span class='ocrx_word' id='word_1_233' title='bbox 1764 1829 1934 1903; x_wconf 85' lang='lat' dir='ltr'><strong>exponunt</strong></span> <span class='ocrx_word' id='word_1_234' title='bbox 1955 1822 2128 1888; x_wconf 80' lang='lat' dir='ltr'><strong>eeclesiam</strong></span> <span class='ocrx_word' id='word_1_235' title='bbox 2150 1825 2197 1889; x_wconf 93' lang='lat' dir='ltr'><strong>in·</strong></span> 
     </span>
     <span class='ocr_line' id='line_1_18' title="bbox 195 1904 2206 1987; baseline 0 -12"><span class='ocrx_word' id='word_1_236' title='bbox 195 1908 348 1987; x_wconf 90' lang='lat' dir='ltr'><strong>cultores,</strong></span> <span class='ocrx_word' id='word_1_237' title='bbox 384 1907 510 1971; x_wconf 89' lang='lat' dir='ltr'><strong>etiamsi</strong></span> <span class='ocrx_word' id='word_1_238' title='bbox 544 1904 585 1971; x_wconf 91' lang='lat' dir='ltr'><strong>ad</strong></span> <span class='ocrx_word' id='word_1_239' title='bbox 619 1906 741 1971; x_wconf 85' lang='lat' dir='ltr'><strong>inferos</strong></span> <span class='ocrx_word' id='word_1_240' title='bbox 775 1926 878 1987; x_wconf 90' lang='lat' dir='ltr'><strong>nsque</strong></span> <span class='ocrx_word' id='word_1_241' title='bbox 911 1906 999 1986; x_wconf 92' lang='lat' dir='ltr'><strong>ipsos</strong></span> <span class='ocrx_word' id='word_1_242' title='bbox 1030 1904 1171 1968; x_wconf 90' lang='lat' dir='ltr'><strong>demersi</strong></span> <span class='ocrx_word' id='word_1_243' title='bbox 1224 1917 1277 1969; x_wconf 91' lang='lat' dir='ltr'><strong>tus</strong></span> <span class='ocrx_word' id='word_1_244' title='bbox 1309 1905 1396 1969; x_wconf 86' lang='lat' dir='ltr'><strong>fame</strong></span> <span class='ocrx_word' id='word_1_245' title='bbox 1430 1905 1562 1983; x_wconf 89' lang='lat' dir='ltr'><strong>confici,</strong></span> <span class='ocrx_word' id='word_1_246' title='bbox 1594 1905 1673 1968; x_wconf 85' lang='lat' dir='ltr'><strong>loris</strong></span> <span class='ocrx_word' id='word_1_247' title='bbox 1707 1927 1784 1969; x_wconf 87' lang='lat' dir='ltr'><strong>vero</strong></span> <span class='ocrx_word' id='word_1_248' title='bbox 1819 1907 1933 1970; x_wconf 85' lang='lat' dir='ltr'><strong>vexari</strong></span> <span class='ocrx_word' id='word_1_249' title='bbox 1965 1906 2008 1971; x_wconf 91' lang='lat' dir='ltr'><strong>ab</strong></span> <span class='ocrx_word' id='word_1_250' title='bbox 2040 1908 2206 1976; x_wconf 71' lang='lat' dir='ltr'><strong>hostibus:</strong></span> 
     </span>
     <span class='ocr_line' id='line_1_19' title="bbox 196 1989 2197 2076; baseline 0 -17"><span class='ocrx_word' id='word_1_251' title='bbox 196 1995 271 2076; x_wconf 87' lang='lat' dir='ltr'><strong>sint,</strong></span> <span class='ocrx_word' id='word_1_252' title='bbox 301 1991 473 2058; x_wconf 84' lang='lat' dir='ltr'><strong>fraudabit.</strong></span> <span class='ocrx_word' id='word_1_253' title='bbox 519 1990 680 2071; x_wconf 81' lang='lat' dir='ltr'><strong>Quamvis</strong></span> <span class='ocrx_word' id='word_1_254' title='bbox 702 2011 781 2075; x_wconf 87' lang='lat' dir='ltr'><strong>ergo</strong></span> <span class='ocrx_word' id='word_1_255' title='bbox 806 1990 962 2055; x_wconf 87' lang='lat' dir='ltr'><strong>destituta</strong></span> <span class='ocrx_word' id='word_1_256' title='bbox 984 1991 1027 2054; x_wconf 88' lang='lat' dir='ltr'><strong>sit</strong></span> <span class='ocrx_word' id='word_1_257' title='bbox 1050 1989 1090 2054; x_wconf 88' lang='lat' dir='ltr'><strong>ab</strong></span> <span class='ocrx_word' id='word_1_258' title='bbox 1113 1989 1171 2053; x_wconf 90' lang='lat' dir='ltr'><strong>ho-</strong></span> <span class='ocrx_word' id='word_1_259' title='bbox 1223 1991 1295 2073; x_wconf 84' lang='lat' dir='ltr'><strong>Ego</strong></span> <span class='ocrx_word' id='word_1_260' title='bbox 1315 2012 1391 2055; x_wconf 90' lang='lat' dir='ltr'><strong>vero</strong></span> <span class='ocrx_word' id='word_1_261' title='bbox 1411 1989 1505 2054; x_wconf 91' lang='lat' dir='ltr'><strong>aliter</strong></span> <span class='ocrx_word' id='word_1_262' title='bbox 1517 1991 1730 2072; x_wconf 85' lang='lat' dir='ltr'><strong>interpretor,</strong></span> <span class='ocrx_word' id='word_1_263' title='bbox 1745 2001 1783 2055; x_wconf 91' lang='lat' dir='ltr'><strong>ut</strong></span> <span class='ocrx_word' id='word_1_264' title='bbox 1800 1991 1866 2056; x_wconf 90' lang='lat' dir='ltr'><strong>iam</strong></span> <span class='ocrx_word' id='word_1_265' title='bbox 1887 1994 2077 2072; x_wconf 84' lang='lat' dir='ltr'><strong>perstrinxi.</strong></span> <span class='ocrx_word' id='word_1_266' title='bbox 2109 1994 2197 2061; x_wconf 85' lang='lat' dir='ltr'><strong>Satis</strong></span> 
     </span>
     <span class='ocr_line' id='line_1_20' title="bbox 196 2075 2199 2164; baseline -0 -19"><span class='ocrx_word' id='word_1_267' title='bbox 196 2079 337 2145; x_wconf 89' lang='lat' dir='ltr'><strong>minibus</strong></span> <span class='ocrx_word' id='word_1_268' title='bbox 359 2077 502 2152; x_wconf 88' lang='lat' dir='ltr'><strong>ecelesia,</strong></span> <span class='ocrx_word' id='word_1_269' title='bbox 532 2088 630 2160; x_wconf 91' lang='lat' dir='ltr'><strong>atque</strong></span> <span class='ocrx_word' id='word_1_270' title='bbox 651 2076 732 2142; x_wconf 89' lang='lat' dir='ltr'><strong>adeo</strong></span> <span class='ocrx_word' id='word_1_271' title='bbox 761 2077 802 2141; x_wconf 92' lang='lat' dir='ltr'><strong>ab</strong></span> <span class='ocrx_word' id='word_1_272' title='bbox 830 2077 869 2140; x_wconf 90' lang='lat' dir='ltr'><strong>iis</strong></span> <span class='ocrx_word' id='word_1_273' title='bbox 899 2097 978 2158; x_wconf 89' lang='lat' dir='ltr'><strong>quoe</strong></span> <span class='ocrx_word' id='word_1_274' title='bbox 1008 2077 1083 2140; x_wconf 89' lang='lat' dir='ltr'><strong>sinu</strong></span> <span class='ocrx_word' id='word_1_275' title='bbox 1113 2097 1171 2140; x_wconf 90' lang='lat' dir='ltr'><strong>suo</strong></span> <span class='ocrx_word' id='word_1_276' title='bbox 1195 2122 1198 2143; x_wconf 89' lang='lat'><strong>.</strong></span> <span class='ocrx_word' id='word_1_277' title='bbox 1222 2079 1309 2140; x_wconf 90' lang='lat' dir='ltr'><strong>onim</strong></span> <span class='ocrx_word' id='word_1_278' title='bbox 1329 2076 1449 2140; x_wconf 86' lang='lat' dir='ltr'><strong>usitate</strong></span> <span class='ocrx_word' id='word_1_279' title='bbox 1466 2085 1517 2141; x_wconf 90' lang='lat' dir='ltr'><strong>ost</strong></span> <span class='ocrx_word' id='word_1_280' title='bbox 1534 2075 1696 2140; x_wconf 86' lang='lat' dir='ltr'><strong>Hebraeis</strong></span> <span class='ocrx_word' id='word_1_281' title='bbox 1712 2079 1936 2161; x_wconf 89' lang='lat' dir='ltr'><strong>iuterrogatio,</strong></span> <span class='ocrx_word' id='word_1_282' title='bbox 1957 2098 2061 2160; x_wconf 89' lang='lat' dir='ltr'><strong>quum</strong></span> <span class='ocrx_word' id='word_1_283' title='bbox 2080 2079 2199 2164; x_wconf 88' lang='lat' dir='ltr'><strong>aliquid</strong></span> 
     </span>
     <span class='ocr_line' id='line_1_21' title="bbox 196 2161 2196 2251; baseline 0.001 -20"><span class='ocrx_word' id='word_1_284' title='bbox 196 2166 280 2231; x_wconf 88' lang='lat' dir='ltr'><strong>fovit</strong></span> <span class='ocrx_word' id='word_1_285' title='bbox 298 2174 331 2229; x_wconf 92' lang='lat' dir='ltr'><strong>et</strong></span> <span class='ocrx_word' id='word_1_286' title='bbox 349 2164 522 2247; x_wconf 78' lang='lat' dir='ltr'><strong>complexa</strong></span> <span class='ocrx_word' id='word_1_287' title='bbox 539 2171 598 2240; x_wconf 89' lang='lat' dir='ltr'><strong>est,</strong></span> <span class='ocrx_word' id='word_1_288' title='bbox 618 2174 726 2227; x_wconf 88' lang='lat' dir='ltr'><strong>tamen</strong></span> <span class='ocrx_word' id='word_1_289' title='bbox 744 2162 905 2227; x_wconf 83' lang='lat' dir='ltr'><strong>auxilium</strong></span> <span class='ocrx_word' id='word_1_290' title='bbox 921 2181 940 2224; x_wconf 90' lang='lat' dir='ltr'><strong>a</strong></span> <span class='ocrx_word' id='word_1_291' title='bbox 956 2161 1026 2225; x_wconf 92' lang='lat' dir='ltr'><strong>Deo</strong></span> <span class='ocrx_word' id='word_1_292' title='bbox 1041 2162 1170 2226; x_wconf 85' lang='lat' dir='ltr'><strong>sentiet.</strong></span> <span class='ocrx_word' id='word_1_293' title='bbox 1222 2162 1414 2244; x_wconf 90' lang='lat' dir='ltr'><strong>simpliciter</strong></span> <span class='ocrx_word' id='word_1_294' title='bbox 1433 2181 1553 2245; x_wconf 87' lang='lat' dir='ltr'><strong>negare</strong></span> <span class='ocrx_word' id='word_1_295' title='bbox 1571 2161 1694 2226; x_wconf 84' lang='lat' dir='ltr'><strong>volunt.</strong></span> <span class='ocrx_word' id='word_1_296' title='bbox 1731 2161 1835 2246; x_wconf 90' lang='lat' dir='ltr'><strong>quue</strong></span> <span class='ocrx_word' id='word_1_297' title='bbox 1853 2163 1941 2245; x_wconf 88' lang='lat' dir='ltr'><strong>apud</strong></span> <span class='ocrx_word' id='word_1_298' title='bbox 1959 2164 2048 2248; x_wconf 89' lang='lat' dir='ltr'><strong>ipsos</strong></span> <span class='ocrx_word' id='word_1_299' title='bbox 2066 2166 2196 2251; x_wconf 84' lang='lat' dir='ltr'><strong>elegans</strong></span> 
     </span>
     <span class='ocr_line' id='line_1_22' title="bbox 196 2247 2197 2336; baseline -0 -18"><span class='ocrx_word' id='word_1_300' title='bbox 196 2251 299 2318; x_wconf 89' lang='lat' dir='ltr'><strong>Nulla</strong></span> <span class='ocrx_word' id='word_1_301' title='bbox 318 2260 427 2315; x_wconf 91' lang='lat' dir='ltr'><strong>autem</strong></span> <span class='ocrx_word' id='word_1_302' title='bbox 450 2249 594 2315; x_wconf 80' lang='lat' dir='ltr'><strong>acerbior</strong></span> <span class='ocrx_word' id='word_1_303' title='bbox 616 2249 785 2314; x_wconf 91' lang='lat' dir='ltr'><strong>calamitas</strong></span> <span class='ocrx_word' id='word_1_304' title='bbox 814 2249 911 2312; x_wconf 87' lang='lat' dir='ltr'><strong>metri</strong></span> <span class='ocrx_word' id='word_1_305' title='bbox 941 2247 1086 2312; x_wconf 90' lang='lat' dir='ltr'><strong>accidere</strong></span> <span class='ocrx_word' id='word_1_306' title='bbox 1115 2266 1170 2328; x_wconf 90' lang='lat' dir='ltr'><strong>po·</strong></span> <span class='ocrx_word' id='word_1_307' title='bbox 1222 2256 1301 2312; x_wconf 78' lang='lat' dir='ltr'><strong>estz·</strong></span> <span class='ocrx_word' id='word_1_308' title='bbox 1328 2248 1458 2312; x_wconf 89' lang='lat' dir='ltr'><strong>tametsi</strong></span> <span class='ocrx_word' id='word_1_309' title='bbox 1492 2247 1577 2329; x_wconf 89' lang='lat' dir='ltr'><strong>apud</strong></span> <span class='ocrx_word' id='word_1_310' title='bbox 1612 2247 1756 2313; x_wconf 82' lang='lat' dir='ltr'><strong>Graecos</strong></span> <span class='ocrx_word' id='word_1_311' title='bbox 1788 2258 1847 2312; x_wconf 91' lang='lat' dir='ltr'><strong>aut</strong></span> <span class='ocrx_word' id='word_1_312' title='bbox 1878 2248 2018 2316; x_wconf 88' lang='lat' dir='ltr'><strong>Latinos</strong></span> <span class='ocrx_word' id='word_1_313' title='bbox 2050 2252 2197 2336; x_wconf 89' lang='lat' dir='ltr'><strong>ineptum</strong></span> 
     </span>
     <span class='ocr_line' id='line_1_23' title="bbox 197 2333 2197 2419; baseline 0.001 -18"><span class='ocrx_word' id='word_1_314' title='bbox 197 2345 273 2419; x_wconf 88' lang='lat' dir='ltr'><strong>test,</strong></span> <span class='ocrx_word' id='word_1_315' title='bbox 296 2357 395 2418; x_wconf 89' lang='lat' dir='ltr'><strong>quam</strong></span> <span class='ocrx_word' id='word_1_316' title='bbox 417 2355 519 2417; x_wconf 90' lang='lat' dir='ltr'><strong>quum</strong></span> <span class='ocrx_word' id='word_1_317' title='bbox 543 2334 781 2416; x_wconf 86' lang='lat' dir='ltr'><strong>derelinquitur</strong></span> <span class='ocrx_word' id='word_1_318' title='bbox 802 2355 822 2397; x_wconf 90' lang='lat' dir='ltr'><strong>a</strong></span> <span class='ocrx_word' id='word_1_319' title='bbox 843 2333 965 2412; x_wconf 91' lang='lat' dir='ltr'><strong>liberis,</strong></span> <span class='ocrx_word' id='word_1_320' title='bbox 988 2333 1044 2416; x_wconf 92' lang='lat' dir='ltr'><strong>qui</strong></span> <span class='ocrx_word' id='word_1_321' title='bbox 1066 2334 1170 2396; x_wconf 87' lang='lat' dir='ltr'><strong>vicem</strong></span> <span class='ocrx_word' id='word_1_322' title='bbox 1221 2334 1315 2398; x_wconf 87' lang='lat' dir='ltr'><strong>foret.</strong></span> <span class='ocrx_word' id='word_1_323' title='bbox 1360 2334 1434 2397; x_wconf 92' lang='lat' dir='ltr'><strong>Duo</strong></span> <span class='ocrx_word' id='word_1_324' title='bbox 1455 2333 1558 2415; x_wconf 90' lang='lat' dir='ltr'><strong>igitur</strong></span> <span class='ocrx_word' id='word_1_325' title='bbox 1580 2333 1661 2398; x_wconf 90' lang='lat' dir='ltr'><strong>haec</strong></span> <span class='ocrx_word' id='word_1_326' title='bbox 1683 2333 1769 2398; x_wconf 91' lang='lat' dir='ltr'><strong>mala</strong></span> <span class='ocrx_word' id='word_1_327' title='bbox 1791 2345 1939 2400; x_wconf 86' lang='lat' dir='ltr'><strong>recenset</strong></span> <span class='ocrx_word' id='word_1_328' title='bbox 1956 2334 2074 2415; x_wconf 79' lang='lat' dir='ltr'><strong>Isaiae,</strong></span> <span class='ocrx_word' id='word_1_329' title='bbox 2097 2358 2197 2402; x_wconf 92' lang='lat' dir='ltr'><strong>unum</strong></span> 
     </span>
     <span class='ocr_line' id='line_1_24' title="bbox 197 2417 2197 2502; baseline 0 -14"><span class='ocrx_word' id='word_1_330' title='bbox 197 2423 228 2488; x_wconf 91' lang='lat' dir='ltr'><strong>ei</strong></span> <span class='ocrx_word' id='word_1_331' title='bbox 257 2431 408 2486; x_wconf 91' lang='lat' dir='ltr'><strong>mutuam</strong></span> <span class='ocrx_word' id='word_1_332' title='bbox 437 2419 572 2486; x_wconf 91' lang='lat' dir='ltr'><strong>reddere</strong></span> <span class='ocrx_word' id='word_1_333' title='bbox 603 2419 798 2485; x_wconf 88' lang='lat' dir='ltr'><strong>debuissent.</strong></span> <span class='ocrx_word' id='word_1_334' title='bbox 848 2418 941 2484; x_wconf 90' lang='lat' dir='ltr'><strong>Haec</strong></span> <span class='ocrx_word' id='word_1_335' title='bbox 969 2417 1172 2502; x_wconf 82' lang='lat' dir='ltr'><strong>ingratitudo</strong></span> <span class='ocrx_word' id='word_1_336' title='bbox 1222 2429 1410 2483; x_wconf 84' lang='lat' dir='ltr'><strong>externum:</strong></span> <span class='ocrx_word' id='word_1_337' title='bbox 1442 2419 1520 2501; x_wconf 88' lang='lat' dir='ltr'><strong>quia</strong></span> <span class='ocrx_word' id='word_1_338' title='bbox 1539 2428 1573 2481; x_wconf 92' lang='lat' dir='ltr'><strong>et</strong></span> <span class='ocrx_word' id='word_1_339' title='bbox 1596 2418 1672 2483; x_wconf 89' lang='lat' dir='ltr'><strong>belli</strong></span> <span class='ocrx_word' id='word_1_340' title='bbox 1699 2418 1845 2485; x_wconf 86' lang='lat' dir='ltr'><strong>cladibus</strong></span> <span class='ocrx_word' id='word_1_341' title='bbox 1866 2429 1901 2485; x_wconf 92' lang='lat' dir='ltr'><strong>et</strong></span> <span class='ocrx_word' id='word_1_342' title='bbox 1927 2421 2015 2487; x_wconf 85' lang='lat' dir='ltr'><strong>fame</strong></span> <span class='ocrx_word' id='word_1_343' title='bbox 2042 2422 2087 2487; x_wconf 89' lang='lat' dir='ltr'><strong>ad</strong></span> <span class='ocrx_word' id='word_1_344' title='bbox 2115 2424 2197 2488; x_wconf 88' lang='lat' dir='ltr'><strong>inte·</strong></span> 
     </span>
     <span class='ocr_line' id='line_1_25' title="bbox 198 2504 2197 2592; baseline 0.001 -20"><span class='ocrx_word' id='word_1_345' title='bbox 198 2520 297 2591; x_wconf 87' lang='lat' dir='ltr'><strong>atque</strong></span> <span class='ocrx_word' id='word_1_346' title='bbox 329 2507 556 2571; x_wconf 87' lang='lat' dir='ltr'><strong>inhumanitas</strong></span> <span class='ocrx_word' id='word_1_347' title='bbox 589 2507 619 2570; x_wconf 91' lang='lat' dir='ltr'><strong>ei</strong></span> <span class='ocrx_word' id='word_1_348' title='bbox 653 2505 798 2587; x_wconf 85' lang='lat' dir='ltr'><strong>profecto</strong></span> <span class='ocrx_word' id='word_1_349' title='bbox 831 2504 928 2587; x_wconf 88' lang='lat' dir='ltr'><strong>longe</strong></span> <span class='ocrx_word' id='word_1_350' title='bbox 960 2505 1091 2587; x_wconf 84' lang='lat' dir='ltr'><strong>gravior</strong></span> <span class='ocrx_word' id='word_1_351' title='bbox 1122 2513 1172 2568; x_wconf 90' lang='lat' dir='ltr'><strong>est</strong></span> <span class='ocrx_word' id='word_1_352' title='bbox 1222 2505 1323 2569; x_wconf 91' lang='lat' dir='ltr'><strong>ritum</strong></span> <span class='ocrx_word' id='word_1_353' title='bbox 1358 2524 1460 2586; x_wconf 91' lang='lat' dir='ltr'><strong>usque</strong></span> <span class='ocrx_word' id='word_1_354' title='bbox 1491 2515 1547 2568; x_wconf 89' lang='lat' dir='ltr'><strong>aut</strong></span> <span class='ocrx_word' id='word_1_355' title='bbox 1582 2507 1770 2569; x_wconf 88' lang='lat' dir='ltr'><strong>vastitatem</strong></span> <span class='ocrx_word' id='word_1_356' title='bbox 1803 2505 1989 2589; x_wconf 77' lang='lat' dir='ltr'><strong>redigetur,</strong></span> <span class='ocrx_word' id='word_1_357' title='bbox 2022 2507 2111 2590; x_wconf 92' lang='lat' dir='ltr'><strong>quod</strong></span> <span class='ocrx_word' id='word_1_358' title='bbox 2142 2530 2197 2592; x_wconf 93' lang='lat' dir='ltr'><strong>per</strong></span> 
     </span>
     <span class='ocr_line' id='line_1_26' title="bbox 197 2590 2195 2678; baseline 0.001 -21"><span class='ocrx_word' id='word_1_359' title='bbox 197 2613 295 2678; x_wconf 92' lang='lat' dir='ltr'><strong>quam</strong></span> <span class='ocrx_word' id='word_1_360' title='bbox 318 2594 444 2658; x_wconf 83' lang='lat' dir='ltr'><strong>furiosa</strong></span> <span class='ocrx_word' id='word_1_361' title='bbox 465 2600 499 2658; x_wconf 88' lang='lat' dir='ltr'><strong>et</strong></span> <span class='ocrx_word' id='word_1_362' title='bbox 519 2592 730 2673; x_wconf 86' lang='lat' dir='ltr'><strong>quantumvis</strong></span> <span class='ocrx_word' id='word_1_363' title='bbox 759 2591 912 2657; x_wconf 86' lang='lat' dir='ltr'><strong>effraenis</strong></span> <span class='ocrx_word' id='word_1_364' title='bbox 933 2590 1077 2654; x_wconf 91' lang='lat' dir='ltr'><strong>hostium</strong></span> <span class='ocrx_word' id='word_1_365' title='bbox 1100 2610 1170 2655; x_wconf 89' lang='lat' dir='ltr'><strong>sae·</strong></span> <span class='ocrx_word' id='word_1_366' title='bbox 1222 2602 1360 2673; x_wconf 90' lang='lat' dir='ltr'><strong>quatuor</strong></span> <span class='ocrx_word' id='word_1_367' title='bbox 1382 2590 1456 2654; x_wconf 90' lang='lat' dir='ltr'><strong>illas</strong></span> <span class='ocrx_word' id='word_1_368' title='bbox 1478 2591 1601 2672; x_wconf 89' lang='lat' dir='ltr'><strong>species</strong></span> <span class='ocrx_word' id='word_1_369' title='bbox 1623 2591 1837 2672; x_wconf 87' lang='lat' dir='ltr'><strong>significavit:</strong></span> <span class='ocrx_word' id='word_1_370' title='bbox 1860 2591 2000 2657; x_wconf 91' lang='lat' dir='ltr'><strong>alterum</strong></span> <span class='ocrx_word' id='word_1_371' title='bbox 2018 2594 2195 2673; x_wconf 91' lang='lat' dir='ltr'><strong>internum,</strong></span> 
     </span>
     <span class='ocr_line' id='line_1_27' title="bbox 197 2676 2196 2763; baseline 0 -18"><span class='ocrx_word' id='word_1_372' title='bbox 197 2681 288 2747; x_wconf 90' lang='lat' dir='ltr'><strong>vitia.</strong></span> <span class='ocrx_word' id='word_1_373' title='bbox 338 2678 424 2743; x_wconf 90' lang='lat' dir='ltr'><strong>Nam</strong></span> <span class='ocrx_word' id='word_1_374' title='bbox 456 2698 610 2760; x_wconf 90' lang='lat' dir='ltr'><strong>quorsum</strong></span> <span class='ocrx_word' id='word_1_375' title='bbox 645 2678 728 2741; x_wconf 91' lang='lat' dir='ltr'><strong>filios</strong></span> <span class='ocrx_word' id='word_1_376' title='bbox 760 2677 868 2761; x_wconf 89' lang='lat' dir='ltr'><strong>gignit</strong></span> <span class='ocrx_word' id='word_1_377' title='bbox 901 2685 1000 2758; x_wconf 92' lang='lat' dir='ltr'><strong>atque</strong></span> <span class='ocrx_word' id='word_1_378' title='bbox 1033 2676 1170 2753; x_wconf 86' lang='lat' dir='ltr'><strong>extollit,</strong></span> <span class='ocrx_word' id='word_1_379' title='bbox 1222 2677 1308 2757; x_wconf 91' lang='lat' dir='ltr'><strong>quod</strong></span> <span class='ocrx_word' id='word_1_380' title='bbox 1338 2676 1537 2741; x_wconf 89' lang='lat' dir='ltr'><strong>destituatur</strong></span> <span class='ocrx_word' id='word_1_381' title='bbox 1566 2676 1794 2753; x_wconf 87' lang='lat' dir='ltr'><strong>consolatione,</strong></span> <span class='ocrx_word' id='word_1_382' title='bbox 1827 2697 1866 2742; x_wconf 88' lang='lat' dir='ltr'><strong>ac</strong></span> <span class='ocrx_word' id='word_1_383' title='bbox 1900 2697 1996 2742; x_wconf 93' lang='lat' dir='ltr'><strong>nemo</strong></span> <span class='ocrx_word' id='word_1_384' title='bbox 2028 2681 2095 2763; x_wconf 90' lang='lat' dir='ltr'><strong>ipsi</strong></span> <span class='ocrx_word' id='word_1_385' title='bbox 2123 2701 2196 2747; x_wconf 90' lang='lat' dir='ltr'><strong>cun·</strong></span> 
     </span>
     <span class='ocr_line' id='line_1_28' title="bbox 197 2761 2196 2845; baseline 0 -13"><span class='ocrx_word' id='word_1_386' title='bbox 197 2768 261 2832; x_wconf 93' lang='lat' dir='ltr'><strong>nisi</strong></span> <span class='ocrx_word' id='word_1_387' title='bbox 291 2770 329 2829; x_wconf 89' lang='lat' dir='ltr'><strong>ut</strong></span> <span class='ocrx_word' id='word_1_388' title='bbox 357 2765 500 2830; x_wconf 85' lang='lat' dir='ltr'><strong>vicissim</strong></span> <span class='ocrx_word' id='word_1_389' title='bbox 536 2762 577 2828; x_wconf 90' lang='lat' dir='ltr'><strong>ab</strong></span> <span class='ocrx_word' id='word_1_390' title='bbox 610 2765 649 2828; x_wconf 92' lang='lat' dir='ltr'><strong>iis</strong></span> <span class='ocrx_word' id='word_1_391' title='bbox 681 2761 809 2827; x_wconf 87' lang='lat' dir='ltr'><strong>alatur?</strong></span> <span class='ocrx_word' id='word_1_392' title='bbox 855 2762 967 2843; x_wconf 79' lang='lat' dir='ltr'><strong>Quum</strong></span> <span class='ocrx_word' id='word_1_393' title='bbox 1000 2781 1079 2826; x_wconf 90' lang='lat' dir='ltr'><strong>vero</strong></span> <span class='ocrx_word' id='word_1_394' title='bbox 1112 2762 1170 2826; x_wconf 85' lang='lat' dir='ltr'><strong>filii</strong></span> <span class='ocrx_word' id='word_1_395' title='bbox 1222 2762 1339 2827; x_wconf 90' lang='lat' dir='ltr'><strong>doleat.</strong></span> <span class='ocrx_word' id='word_1_396' title='bbox 1384 2761 1645 2845; x_wconf 89' lang='lat' dir='ltr'><strong>Interrogatione</strong></span> <span class='ocrx_word' id='word_1_397' title='bbox 1674 2763 1762 2826; x_wconf 92' lang='lat' dir='ltr'><strong>enim</strong></span> <span class='ocrx_word' id='word_1_398' title='bbox 1790 2775 1889 2845; x_wconf 84' lang='lat' dir='ltr'><strong>negat</strong></span> <span class='ocrx_word' id='word_1_399' title='bbox 1911 2762 2013 2828; x_wconf 88' lang='lat' dir='ltr'><strong>ullam</strong></span> <span class='ocrx_word' id='word_1_400' title='bbox 2032 2767 2063 2831; x_wconf 91' lang='lat' dir='ltr'><strong>ei</strong></span> <span class='ocrx_word' id='word_1_401' title='bbox 2086 2786 2196 2832; x_wconf 73' lang='lat' dir='ltr'><strong>conse</strong></span> 
     </span>
     <span class='ocr_line' id='line_1_29' title="bbox 196 2846 2199 2934; baseline -0 -17"><span class='ocrx_word' id='word_1_402' title='bbox 196 2853 304 2918; x_wconf 85' lang='lat' dir='ltr'><strong>officio</strong></span> <span class='ocrx_word' id='word_1_403' title='bbox 336 2871 394 2914; x_wconf 91' lang='lat' dir='ltr'><strong>suo</strong></span> <span class='ocrx_word' id='word_1_404' title='bbox 424 2849 552 2930; x_wconf 88' lang='lat' dir='ltr'><strong>desunt,</strong></span> <span class='ocrx_word' id='word_1_405' title='bbox 586 2849 663 2931; x_wconf 91' lang='lat' dir='ltr'><strong>quid</strong></span> <span class='ocrx_word' id='word_1_406' title='bbox 693 2859 849 2930; x_wconf 90' lang='lat' dir='ltr'><strong>superest,</strong></span> <span class='ocrx_word' id='word_1_407' title='bbox 883 2848 947 2912; x_wconf 87' lang='lat' dir='ltr'><strong>nisi</strong></span> <span class='ocrx_word' id='word_1_408' title='bbox 981 2856 1016 2912; x_wconf 87' lang='lat' dir='ltr'><strong>ut</strong></span> <span class='ocrx_word' id='word_1_409' title='bbox 1050 2868 1104 2911; x_wconf 91' lang='lat' dir='ltr'><strong>eos</strong></span> <span class='ocrx_word' id='word_1_410' title='bbox 1135 2869 1171 2912; x_wconf 91' lang='lat' dir='ltr'><strong>se</strong></span> <span class='ocrx_word' id='word_1_411' title='bbox 1223 2848 1376 2914; x_wconf 91' lang='lat' dir='ltr'><strong>lationem</strong></span> <span class='ocrx_word' id='word_1_412' title='bbox 1399 2849 1543 2911; x_wconf 86' lang='lat' dir='ltr'><strong>futuram</strong></span> <span class='ocrx_word' id='word_1_413' title='bbox 1566 2868 1647 2912; x_wconf 89' lang='lat' dir='ltr'><strong>esse.</strong></span> <span class='ocrx_word' id='word_1_414' title='bbox 1691 2848 1800 2929; x_wconf 85' lang='lat' dir='ltr'><strong>Atque</strong></span> <span class='ocrx_word' id='word_1_415' title='bbox 1824 2846 1878 2914; x_wconf 91' lang='lat' dir='ltr'><strong>hio</strong></span> <span class='ocrx_word' id='word_1_416' title='bbox 1893 2870 2007 2916; x_wconf 86' lang='lat' dir='ltr'><strong>versus</strong></span> <span class='ocrx_word' id='word_1_417' title='bbox 2023 2851 2199 2934; x_wconf 84' lang='lat' dir='ltr'><strong>respondet</strong></span> 
     </span>
     <span class='ocr_line' id='line_1_30' title="bbox 198 2932 2198 3017; baseline 0.001 -15"><span class='ocrx_word' id='word_1_418' title='bbox 198 2939 321 3002; x_wconf 78' lang='lat' dir='ltr'><strong>frustra</strong></span> <span class='ocrx_word' id='word_1_419' title='bbox 343 2935 494 3017; x_wconf 82' lang='lat' dir='ltr'><strong>genuisse</strong></span> <span class='ocrx_word' id='word_1_420' title='bbox 511 2946 544 2998; x_wconf 92' lang='lat' dir='ltr'><strong>et</strong></span> <span class='ocrx_word' id='word_1_421' title='bbox 561 2935 715 2999; x_wconf 88' lang='lat' dir='ltr'><strong>educasse</strong></span> <span class='ocrx_word' id='word_1_422' title='bbox 738 2933 855 3014; x_wconf 87' lang='lat' dir='ltr'><strong>putet?</strong></span> <span class='ocrx_word' id='word_1_423' title='bbox 890 2933 1051 3013; x_wconf 76' lang='lat' dir='ltr'><strong>Quamvis</strong></span> <span class='ocrx_word' id='word_1_424' title='bbox 1072 2933 1172 3016; x_wconf 91' lang='lat' dir='ltr'><strong>igitur</strong></span> <span class='ocrx_word' id='word_1_425' title='bbox 1223 2934 1391 3016; x_wconf 90' lang='lat' dir='ltr'><strong>superiori,</strong></span> <span class='ocrx_word' id='word_1_426' title='bbox 1411 2933 1464 2998; x_wconf 93' lang='lat' dir='ltr'><strong>nbi</strong></span> <span class='ocrx_word' id='word_1_427' title='bbox 1478 2935 1541 2996; x_wconf 90' lang='lat' dir='ltr'><strong>iam</strong></span> <span class='ocrx_word' id='word_1_428' title='bbox 1558 2932 1796 3000; x_wconf 84' lang='lat' dir='ltr'><strong>deelaravimus</strong></span> <span class='ocrx_word' id='word_1_429' title='bbox 1815 2945 2053 3016; x_wconf 88' lang='lat' dir='ltr'><strong>quorsumtam</strong></span> <span class='ocrx_word' id='word_1_430' title='bbox 2071 2937 2198 3003; x_wconf 86' lang='lat' dir='ltr'><strong>calami·</strong></span> 
     </span>
     <span class='ocr_line' id='line_1_31' title="bbox 198 3016 2198 3102; baseline -0.001 -15"><span class='ocrx_word' id='word_1_431' title='bbox 198 3022 334 3087; x_wconf 89' lang='lat' dir='ltr'><strong>ecclesia</strong></span> <span class='ocrx_word' id='word_1_432' title='bbox 357 3020 472 3083; x_wconf 88' lang='lat' dir='ltr'><strong>mat-ris</strong></span> <span class='ocrx_word' id='word_1_433' title='bbox 495 3021 600 3083; x_wconf 84' lang='lat' dir='ltr'><strong>officio</strong></span> <span class='ocrx_word' id='word_1_434' title='bbox 618 3021 730 3083; x_wconf 88' lang='lat' dir='ltr'><strong>functa</strong></span> <span class='ocrx_word' id='word_1_435' title='bbox 748 3021 799 3096; x_wconf 91' lang='lat' dir='ltr'><strong>sit,</strong></span> <span class='ocrx_word' id='word_1_436' title='bbox 822 3040 859 3083; x_wconf 91' lang='lat' dir='ltr'><strong>ao</strong></span> <span class='ocrx_word' id='word_1_437' title='bbox 880 3018 999 3082; x_wconf 89' lang='lat' dir='ltr'><strong>liberos</strong></span> <span class='ocrx_word' id='word_1_438' title='bbox 1017 3016 1173 3082; x_wconf 86' lang='lat' dir='ltr'><strong>extulerit</strong></span> <span class='ocrx_word' id='word_1_439' title='bbox 1223 3031 1315 3084; x_wconf 90' lang='lat' dir='ltr'><strong>tosus</strong></span> <span class='ocrx_word' id='word_1_440' title='bbox 1327 3039 1365 3082; x_wconf 94' lang='lat' dir='ltr'><strong>ac</strong></span> <span class='ocrx_word' id='word_1_441' title='bbox 1376 3020 1474 3082; x_wconf 91' lang='lat' dir='ltr'><strong>miser</strong></span> <span class='ocrx_word' id='word_1_442' title='bbox 1489 3019 1644 3084; x_wconf 90' lang='lat' dir='ltr'><strong>ecclesiae</strong></span> <span class='ocrx_word' id='word_1_443' title='bbox 1659 3030 1764 3084; x_wconf 90' lang='lat' dir='ltr'><strong>status</strong></span> <span class='ocrx_word' id='word_1_444' title='bbox 1779 3018 1971 3102; x_wconf 90' lang='lat' dir='ltr'><strong>apropheta</strong></span> <span class='ocrx_word' id='word_1_445' title='bbox 1985 3022 2198 3090; x_wconf 88' lang='lat' dir='ltr'><strong>describatur.</strong></span> 
     </span>
     <span class='ocr_line' id='line_1_32' title="bbox 199 3101 2198 3191; baseline 0.002 -20"><span class='ocrx_word' id='word_1_446' title='bbox 199 3107 240 3171; x_wconf 89' lang='lat' dir='ltr'><strong>ad</strong></span> <span class='ocrx_word' id='word_1_447' title='bbox 263 3108 381 3170; x_wconf 91' lang='lat' dir='ltr'><strong>iustam</strong></span> <span class='ocrx_word' id='word_1_448' title='bbox 405 3125 507 3186; x_wconf 90' lang='lat' dir='ltr'><strong>usquc</strong></span> <span class='ocrx_word' id='word_1_449' title='bbox 537 3116 685 3181; x_wconf 83' lang='lat' dir='ltr'><strong>aetatem,</strong></span> <span class='ocrx_word' id='word_1_450' title='bbox 716 3104 755 3167; x_wconf 88' lang='lat' dir='ltr'><strong>ab</strong></span> <span class='ocrx_word' id='word_1_451' title='bbox 783 3104 922 3186; x_wconf 89' lang='lat' dir='ltr'><strong>ingratis</strong></span> <span class='ocrx_word' id='word_1_452' title='bbox 952 3113 1062 3168; x_wconf 88' lang='lat' dir='ltr'><strong>tamen</strong></span> <span class='ocrx_word' id='word_1_453' title='bbox 1090 3103 1172 3166; x_wconf 91' lang='lat' dir='ltr'><strong>nihil</strong></span> <span class='ocrx_word' id='word_1_454' title='bbox 1310 3105 1361 3168; x_wconf 86' lang='lat'><strong>20.</strong></span> <span class='ocrx_word' id='word_1_455' title='bbox 1390 3101 1488 3188; x_wconf 81' lang='lat' dir='ltr'><strong>(Filii</strong></span> <span class='ocrx_word' id='word_1_456' title='bbox 1516 3105 1564 3168; x_wconf 85' lang='lat' dir='ltr'><strong>tui</strong></span> <span class='ocrx_word' id='word_1_457' title='bbox 1591 3106 1764 3170; x_wconf 74' lang='lat' dir='ltr'><strong>exanimati</strong></span> <span class='ocrx_word' id='word_1_458' title='bbox 1791 3105 1889 3191; x_wconf 75' lang='lat' dir='ltr'><strong>aurat.)</strong></span> <span class='ocrx_word' id='word_1_459' title='bbox 1932 3106 2137 3175; x_wconf 86' lang='lat' dir='ltr'><strong>Luctuosum</strong></span> <span class='ocrx_word' id='word_1_460' title='bbox 2168 3120 2198 3174; x_wconf 90' lang='lat' dir='ltr'><strong>et</strong></span> 
     </span>
     <span class='ocr_line' id='line_1_33' title="bbox 200 3188 2198 3276; baseline 0.001 -21"><span class='ocrx_word' id='word_1_461' title='bbox 200 3193 271 3274; x_wconf 92' lang='lat' dir='ltr'><strong>opis</strong></span> <span class='ocrx_word' id='word_1_462' title='bbox 295 3191 345 3254; x_wconf 86' lang='lat' dir='ltr'><strong>vel</strong></span> <span class='ocrx_word' id='word_1_463' title='bbox 369 3188 478 3253; x_wconf 89' lang='lat' dir='ltr'><strong>solatii</strong></span> <span class='ocrx_word' id='word_1_464' title='bbox 500 3189 695 3271; x_wconf 89' lang='lat' dir='ltr'><strong>sperandum</strong></span> <span class='ocrx_word' id='word_1_465' title='bbox 719 3209 788 3254; x_wconf 88' lang='lat' dir='ltr'><strong>esse</strong></span> <span class='ocrx_word' id='word_1_466' title='bbox 811 3189 1012 3271; x_wconf 88' lang='lat' dir='ltr'><strong>pronuntiat.</strong></span> <span class='ocrx_word' id='word_1_467' title='bbox 1059 3188 1172 3266; x_wconf 77' lang='lat' dir='ltr'><strong>Quan-</strong></span> <span class='ocrx_word' id='word_1_468' title='bbox 1197 3262 1200 3269; x_wconf 40' lang='lat'>‚</span> <span class='ocrx_word' id='word_1_469' title='bbox 1224 3191 1381 3255; x_wconf 89' lang='lat' dir='ltr'><strong>miserum</strong></span> <span class='ocrx_word' id='word_1_470' title='bbox 1421 3189 1513 3253; x_wconf 91' lang='lat' dir='ltr'><strong>illum</strong></span> <span class='ocrx_word' id='word_1_471' title='bbox 1554 3191 1706 3256; x_wconf 91' lang='lat' dir='ltr'><strong>ecclesiae</strong></span> <span class='ocrx_word' id='word_1_472' title='bbox 1746 3200 1867 3255; x_wconf 89' lang='lat' dir='ltr'><strong>statum</strong></span> <span class='ocrx_word' id='word_1_473' title='bbox 1906 3193 2012 3276; x_wconf 86' lang='lat' dir='ltr'><strong>magis</strong></span> <span class='ocrx_word' id='word_1_474' title='bbox 2045 3193 2198 3273; x_wconf 84' lang='lat' dir='ltr'><strong>declarat,</strong></span> 
     </span>
     <span class='ocr_line' id='line_1_34' title="bbox 200 3273 2199 3359; baseline 0.002 -18"><span class='ocrx_word' id='word_1_475' title='bbox 200 3297 297 3359; x_wconf 90' lang='lat' dir='ltr'><strong>quam</strong></span> <span class='ocrx_word' id='word_1_476' title='bbox 332 3275 461 3356; x_wconf 92' lang='lat' dir='ltr'><strong>longius</strong></span> <span class='ocrx_word' id='word_1_477' title='bbox 494 3286 584 3355; x_wconf 87' lang='lat' dir='ltr'><strong>patet</strong></span> <span class='ocrx_word' id='word_1_478' title='bbox 616 3294 723 3338; x_wconf 91' lang='lat' dir='ltr'><strong>sermo</strong></span> <span class='ocrx_word' id='word_1_479' title='bbox 759 3274 954 3355; x_wconf 89' lang='lat' dir='ltr'><strong>prophetae,</strong></span> <span class='ocrx_word' id='word_1_480' title='bbox 996 3273 1173 3356; x_wconf 88' lang='lat' dir='ltr'><strong>degeneres</strong></span> <span class='ocrx_word' id='word_1_481' title='bbox 1197 3278 1200 3343; x_wconf 88' lang='lat' dir='ltr'><strong>l</strong></span> <span class='ocrx_word' id='word_1_482' title='bbox 1225 3296 1325 3359; x_wconf 90' lang='lat' dir='ltr'><strong>quum</strong></span> <span class='ocrx_word' id='word_1_483' title='bbox 1355 3275 1474 3340; x_wconf 90' lang='lat' dir='ltr'><strong>liberos</strong></span> <span class='ocrx_word' id='word_1_484' title='bbox 1503 3275 1572 3340; x_wconf 91' lang='lat' dir='ltr'><strong>eius</strong></span> <span class='ocrx_word' id='word_1_485' title='bbox 1602 3286 1782 3358; x_wconf 88' lang='lat' dir='ltr'><strong>prostratos</strong></span> <span class='ocrx_word' id='word_1_486' title='bbox 1812 3278 1918 3342; x_wconf 88' lang='lat' dir='ltr'><strong>iacere</strong></span> <span class='ocrx_word' id='word_1_487' title='bbox 1946 3277 2036 3344; x_wconf 84' lang='lat' dir='ltr'><strong>dicit</strong></span> <span class='ocrx_word' id='word_1_488' title='bbox 2081 3280 2199 3346; x_wconf 87' lang='lat' dir='ltr'><strong>Nullus</strong></span> 
     </span>
     <span class='ocr_line' id='line_1_35' title="bbox 199 3352 2198 3449; baseline 0.002 -21"><span class='ocrx_word' id='word_1_489' title='bbox 199 3363 322 3429; x_wconf 90' lang='lat' dir='ltr'><strong>scilicet</strong></span> <span class='ocrx_word' id='word_1_490' title='bbox 344 3381 381 3425; x_wconf 91' lang='grc' dir='ltr'><strong>ιι</strong></span> <span class='ocrx_word' id='word_1_491' title='bbox 404 3379 573 3441; x_wconf 88' lang='lat' dir='ltr'><strong>perversos</strong></span> <span class='ocrx_word' id='word_1_492' title='bbox 595 3381 666 3424; x_wconf 89' lang='lat' dir='ltr'><strong>esse</strong></span> <span class='ocrx_word' id='word_1_493' title='bbox 684 3359 768 3424; x_wconf 87' lang='lat' dir='ltr'><strong>filios</strong></span> <span class='ocrx_word' id='word_1_494' title='bbox 791 3358 872 3434; x_wconf 92' lang='lat' dir='ltr'><strong>illos,</strong></span> <span class='ocrx_word' id='word_1_495' title='bbox 895 3360 952 3440; x_wconf 92' lang='lat' dir='ltr'><strong>qui</strong></span> <span class='ocrx_word' id='word_1_496' title='bbox 974 3359 1072 3422; x_wconf 88' lang='lat' dir='ltr'><strong>matri</strong></span> <span class='ocrx_word' id='word_1_497' title='bbox 1094 3380 1173 3424; x_wconf 92' lang='lat' dir='ltr'><strong>suae</strong></span> <span class='ocrx_word' id='word_1_498' title='bbox 1197 3352 1201 3449; x_wconf 72' lang='lat' dir='ltr'><strong>i</strong></span> <span class='ocrx_word' id='word_1_499' title='bbox 1225 3371 1333 3426; x_wconf 89' lang='lat' dir='ltr'><strong>autem</strong></span> <span class='ocrx_word' id='word_1_500' title='bbox 1356 3381 1426 3424; x_wconf 89' lang='lat' dir='ltr'><strong>esse</strong></span> <span class='ocrx_word' id='word_1_501' title='bbox 1448 3367 1555 3443; x_wconf 89' lang='lat' dir='ltr'><strong>potest</strong></span> <span class='ocrx_word' id='word_1_502' title='bbox 1577 3363 1672 3425; x_wconf 90' lang='lat' dir='ltr'><strong>matri</strong></span> <span class='ocrx_word' id='word_1_503' title='bbox 1693 3363 1784 3428; x_wconf 91' lang='lat' dir='ltr'><strong>dolor</strong></span> <span class='ocrx_word' id='word_1_504' title='bbox 1806 3363 1912 3447; x_wconf 86' lang='lat' dir='ltr'><strong>magis</strong></span> <span class='ocrx_word' id='word_1_505' title='bbox 1933 3364 2081 3445; x_wconf 85' lang='lat' dir='ltr'><strong>acerbus,</strong></span> <span class='ocrx_word' id='word_1_506' title='bbox 2102 3386 2198 3449; x_wconf 82' lang='lat' dir='ltr'><strong>quam</strong></span> 
     </span>
     <span class='ocr_line' id='line_1_36' title="bbox 200 3444 2198 3573; baseline 0.001 -59"><span class='ocrx_word' id='word_1_507' title='bbox 200 3449 359 3514; x_wconf 83' lang='lat' dir='ltr'><strong>auxilium</strong></span> <span class='ocrx_word' id='word_1_508' title='bbox 382 3466 448 3509; x_wconf 94' lang='lat' dir='ltr'><strong>non</strong></span> <span class='ocrx_word' id='word_1_509' title='bbox 472 3446 627 3520; x_wconf 87' lang='lat' dir='ltr'><strong>tulerunt,</strong></span> <span class='ocrx_word' id='word_1_510' title='bbox 651 3466 716 3526; x_wconf 92' lang='lat' dir='ltr'><strong>quo</strong></span> <span class='ocrx_word' id='word_1_511' title='bbox 734 3444 857 3511; x_wconf 89' lang='lat' dir='ltr'><strong>scilieet</strong></span> <span class='ocrx_word' id='word_1_512' title='bbox 879 3465 992 3509; x_wconf 90' lang='lat' dir='ltr'><strong>eorum</strong></span> <span class='ocrx_word' id='word_1_513' title='bbox 1015 3444 1171 3508; x_wconf 88' lang='lat' dir='ltr'><strong>iacturam</strong></span> <span class='ocrx_word' id='word_1_514' title='bbox 1198 3478 1201 3573; x_wconf 66' lang='grc' dir='ltr'><strong>ι</strong></span> <span class='ocrx_word' id='word_1_515' title='bbox 1225 3449 1252 3513; x_wconf 90' lang='lat' dir='ltr'><strong>si</strong></span> <span class='ocrx_word' id='word_1_516' title='bbox 1279 3448 1314 3510; x_wconf 92' lang='lat' dir='ltr'><strong>in</strong></span> <span class='ocrx_word' id='word_1_517' title='bbox 1342 3455 1517 3528; x_wconf 90' lang='lat' dir='ltr'><strong>conspectu</strong></span> <span class='ocrx_word' id='word_1_518' title='bbox 1547 3447 1618 3511; x_wconf 91' lang='lat' dir='ltr'><strong>eius</strong></span> <span class='ocrx_word' id='word_1_519' title='bbox 1646 3449 1838 3531; x_wconf 88' lang='lat' dir='ltr'><strong>iugulentur</strong></span> <span class='ocrx_word' id='word_1_520' title='bbox 1868 3449 1973 3515; x_wconf 89' lang='lat' dir='ltr'><strong>liberi:</strong></span> <span class='ocrx_word' id='word_1_521' title='bbox 2003 3470 2066 3515; x_wconf 92' lang='lat' dir='ltr'><strong>nec</strong></span> <span class='ocrx_word' id='word_1_522' title='bbox 2095 3452 2198 3517; x_wconf 90' lang='lat' dir='ltr'><strong>solum</strong></span> 
     </span>
     <span class='ocr_line' id='line_1_37' title="bbox 201 3531 2199 3618; baseline 0.001 -19"><span class='ocrx_word' id='word_1_523' title='bbox 201 3537 353 3618; x_wconf 89' lang='lat' dir='ltr'><strong>aequiore</strong></span> <span class='ocrx_word' id='word_1_524' title='bbox 369 3532 478 3596; x_wconf 91' lang='lat' dir='ltr'><strong>animo</strong></span> <span class='ocrx_word' id='word_1_525' title='bbox 494 3532 587 3596; x_wconf 86' lang='lat' dir='ltr'><strong>leret.</strong></span> <span class='ocrx_word' id='word_1_526' title='bbox 621 3531 750 3595; x_wconf 90' lang='lat' dir='ltr'><strong>Durum</strong></span> <span class='ocrx_word' id='word_1_527' title='bbox 766 3551 803 3596; x_wconf 91' lang='lat' dir='ltr'><strong>ac</strong></span> <span class='ocrx_word' id='word_1_528' title='bbox 818 3531 912 3595; x_wconf 88' lang='lat' dir='ltr'><strong>triste</strong></span> <span class='ocrx_word' id='word_1_529' title='bbox 927 3531 990 3594; x_wconf 83' lang='lat' dir='ltr'><strong>fnit</strong></span> <span class='ocrx_word' id='word_1_530' title='bbox 1004 3531 1174 3595; x_wconf 90' lang='lat' dir='ltr'><strong>ecclesiam</strong></span> <span class='ocrx_word' id='word_1_531' title='bbox 1225 3555 1311 3598; x_wconf 92' lang='lat' dir='ltr'><strong>unus</strong></span> <span class='ocrx_word' id='word_1_532' title='bbox 1333 3542 1389 3597; x_wconf 90' lang='lat' dir='ltr'><strong>aut</strong></span> <span class='ocrx_word' id='word_1_533' title='bbox 1411 3532 1503 3608; x_wconf 85' lang='lat' dir='ltr'><strong>alter,</strong></span> <span class='ocrx_word' id='word_1_534' title='bbox 1527 3533 1583 3597; x_wconf 89' lang='lat' dir='ltr'><strong>sed</strong></span> <span class='ocrx_word' id='word_1_535' title='bbox 1607 3553 1744 3615; x_wconf 88' lang='lat' dir='ltr'><strong>quorum</strong></span> <span class='ocrx_word' id='word_1_536' title='bbox 1763 3544 1874 3618; x_wconf 87' lang='lat' dir='ltr'><strong>strage</strong></span> <span class='ocrx_word' id='word_1_537' title='bbox 1891 3534 1932 3600; x_wconf 93' lang='lat' dir='ltr'><strong>ob</strong></span> <span class='ocrx_word' id='word_1_538' title='bbox 1956 3535 2199 3602; x_wconf 90' lang='lat' dir='ltr'><strong>multitudinem</strong></span> 
     </span>
     <span class='ocr_line' id='line_1_38' title="bbox 203 3586 2200 3703; baseline 0.002 -20"><span class='ocrx_word' id='word_1_539' title='bbox 203 3621 334 3703; x_wconf 89' lang='lat' dir='ltr'><strong>penitus</strong></span> <span class='ocrx_word' id='word_1_540' title='bbox 356 3617 489 3700; x_wconf 87' lang='lat' dir='ltr'><strong>spoliari</strong></span> <span class='ocrx_word' id='word_1_541' title='bbox 512 3626 580 3681; x_wconf 89' lang='lat' dir='ltr'><strong>tota</strong></span> <span class='ocrx_word' id='word_1_542' title='bbox 607 3637 666 3681; x_wconf 87' lang='lat' dir='ltr'><strong>sua</strong></span> <span class='ocrx_word' id='word_1_543' title='bbox 695 3618 800 3698; x_wconf 89' lang='lat' dir='ltr'><strong>prole,</strong></span> <span class='ocrx_word' id='word_1_544' title='bbox 822 3624 856 3680; x_wconf 90' lang='lat' dir='ltr'><strong>et</strong></span> <span class='ocrx_word' id='word_1_545' title='bbox 882 3615 986 3699; x_wconf 85' lang='lat' dir='ltr'><strong>redigi</strong></span> <span class='ocrx_word' id='word_1_546' title='bbox 1015 3616 1056 3681; x_wconf 90' lang='lat' dir='ltr'><strong>ad</strong></span> <span class='ocrx_word' id='word_1_547' title='bbox 1087 3617 1173 3681; x_wconf 92' lang='lat' dir='ltr'><strong>orbi·</strong></span> <span class='ocrx_word' id='word_1_548' title='bbox 1198 3586 1202 3681; x_wconf 91' lang='lat' dir='ltr'><strong>l</strong></span> <span class='ocrx_word' id='word_1_549' title='bbox 1225 3619 1340 3703; x_wconf 89' lang='lat' dir='ltr'><strong>plenae</strong></span> <span class='ocrx_word' id='word_1_550' title='bbox 1362 3620 1430 3683; x_wconf 90' lang='lat' dir='ltr'><strong>sint</strong></span> <span class='ocrx_word' id='word_1_551' title='bbox 1453 3620 1532 3682; x_wconf 84' lang='lat' dir='ltr'><strong>viae.</strong></span> <span class='ocrx_word' id='word_1_552' title='bbox 1578 3618 1767 3685; x_wconf 85' lang='lat' dir='ltr'><strong>Similitudo</strong></span> <span class='ocrx_word' id='word_1_553' title='bbox 1796 3620 1928 3684; x_wconf 90' lang='lat' dir='ltr'><strong>additur</strong></span> <span class='ocrx_word' id='word_1_554' title='bbox 1957 3619 1999 3686; x_wconf 86' lang='lat' dir='ltr'><strong>ab</strong></span> <span class='ocrx_word' id='word_1_555' title='bbox 2026 3623 2115 3688; x_wconf 86' lang='lat' dir='ltr'><strong>ursis</strong></span> <span class='ocrx_word' id='word_1_556' title='bbox 2146 3635 2200 3687; x_wconf 87' lang='lat' dir='ltr'><strong>aut</strong></span> 
     </span>
     <span class='ocr_line' id='line_1_39' title="bbox 203 3702 2199 3792; baseline 0.002 -24"><span class='ocrx_word' id='word_1_557' title='bbox 203 3714 319 3769; x_wconf 88' lang='lat' dir='ltr'><strong>tatem:</strong></span> <span class='ocrx_word' id='word_1_558' title='bbox 360 3702 445 3785; x_wconf 93' lang='lat' dir='ltr'><strong>quod</strong></span> <span class='ocrx_word' id='word_1_559' title='bbox 480 3715 588 3767; x_wconf 88' lang='lat' dir='ltr'><strong>tamen</strong></span> <span class='ocrx_word' id='word_1_560' title='bbox 625 3702 751 3767; x_wconf 86' lang='lat' dir='ltr'><strong>accidit.</strong></span> <span class='ocrx_word' id='word_1_561' title='bbox 802 3703 904 3784; x_wconf 86' lang='lat' dir='ltr'><strong>Atqui</strong></span> <span class='ocrx_word' id='word_1_562' title='bbox 937 3702 1095 3784; x_wconf 90' lang='lat' dir='ltr'><strong>propheta</strong></span> <span class='ocrx_word' id='word_1_563' title='bbox 1127 3705 1175 3767; x_wconf 93' lang='lat' dir='ltr'><strong>in·</strong></span> <span class='ocrx_word' id='word_1_564' title='bbox 1199 3710 1202 3785; x_wconf 73' lang='lat' dir='ltr'><strong>l</strong></span> <span class='ocrx_word' id='word_1_565' title='bbox 1226 3706 1298 3771; x_wconf 91' lang='lat' dir='ltr'><strong>aliis</strong></span> <span class='ocrx_word' id='word_1_566' title='bbox 1319 3705 1397 3769; x_wconf 86' lang='lat' dir='ltr'><strong>feris</strong></span> <span class='ocrx_word' id='word_1_567' title='bbox 1418 3716 1565 3786; x_wconf 87' lang='lat' dir='ltr'><strong>sumpta:</strong></span> <span class='ocrx_word' id='word_1_568' title='bbox 1588 3725 1652 3787; x_wconf 91' lang='lat' dir='ltr'><strong>qna</strong></span> <span class='ocrx_word' id='word_1_569' title='bbox 1674 3707 1773 3769; x_wconf 88' lang='lat' dir='ltr'><strong>etiam</strong></span> <span class='ocrx_word' id='word_1_570' title='bbox 1796 3706 2040 3773; x_wconf 86' lang='lat' dir='ltr'><strong>mbustiseimos</strong></span> <span class='ocrx_word' id='word_1_571' title='bbox 2055 3728 2199 3792; x_wconf 92' lang='lat' dir='ltr'><strong>quosque</strong></span> 
     </span>
     <span class='ocr_line' id='line_1_40' title="bbox 204 3787 2201 3919; baseline 0.003 -65"><span class='ocrx_word' id='word_1_572' title='bbox 204 3791 319 3873; x_wconf 87' lang='lat' dir='ltr'><strong>dignos</strong></span> <span class='ocrx_word' id='word_1_573' title='bbox 342 3808 413 3853; x_wconf 87' lang='lat' dir='ltr'><strong>esse</strong></span> <span class='ocrx_word' id='word_1_574' title='bbox 435 3787 596 3862; x_wconf 89' lang='lat' dir='ltr'><strong>admonet,</strong></span> <span class='ocrx_word' id='word_1_575' title='bbox 626 3809 684 3869; x_wconf 92' lang='lat' dir='ltr'><strong>pro</strong></span> <span class='ocrx_word' id='word_1_576' title='bbox 714 3789 831 3868; x_wconf 91' lang='lat' dir='ltr'><strong>quibus</strong></span> <span class='ocrx_word' id='word_1_577' title='bbox 860 3789 985 3853; x_wconf 87' lang='lat' dir='ltr'><strong>luctum</strong></span> <span class='ocrx_word' id='word_1_578' title='bbox 1019 3789 1175 3869; x_wconf 87' lang='lat' dir='ltr'><strong>suscipiat</strong></span> <span class='ocrx_word' id='word_1_579' title='bbox 1199 3824 1203 3919; x_wconf 59' lang='grc' dir='ltr'><strong>ι</strong></span> <span class='ocrx_word' id='word_1_580' title='bbox 1226 3792 1317 3857; x_wconf 84' lang='lat' dir='ltr'><strong>velut</strong></span> <span class='ocrx_word' id='word_1_581' title='bbox 1351 3792 1386 3854; x_wconf 90' lang='lat' dir='ltr'><strong>in</strong></span> <span class='ocrx_word' id='word_1_582' title='bbox 1419 3790 1533 3873; x_wconf 85' lang='lat' dir='ltr'><strong>plagas</strong></span> <span class='ocrx_word' id='word_1_583' title='bbox 1565 3793 1727 3857; x_wconf 90' lang='lat' dir='ltr'><strong>coniectos</strong></span> <span class='ocrx_word' id='word_1_584' title='bbox 1757 3813 1828 3858; x_wconf 87' lang='lat' dir='ltr'><strong>esse</strong></span> <span class='ocrx_word' id='word_1_585' title='bbox 1860 3792 2035 3876; x_wconf 85' lang='lat' dir='ltr'><strong>significat.</strong></span> <span class='ocrx_word' id='word_1_586' title='bbox 2090 3792 2201 3860; x_wconf 75' lang='lat' dir='ltr'><strong>Plenus</strong></span> 
     </span>
     <span class='ocr_line' id='line_1_41' title="bbox 203 3872 2200 3967; baseline 0.002 -28"><span class='ocrx_word' id='word_1_587' title='bbox 203 3887 320 3940; x_wconf 88' lang='lat' dir='ltr'><strong>mater:</strong></span> <span class='ocrx_word' id='word_1_588' title='bbox 344 3872 480 3955; x_wconf 92' lang='lat' dir='ltr'><strong>ideoque</strong></span> <span class='ocrx_word' id='word_1_589' title='bbox 498 3873 606 3954; x_wconf 91' lang='lat' dir='ltr'><strong>potius</strong></span> <span class='ocrx_word' id='word_1_590' title='bbox 623 3873 837 3955; x_wconf 86' lang='lat' dir='ltr'><strong>expetendam</strong></span> <span class='ocrx_word' id='word_1_591' title='bbox 856 3895 926 3938; x_wconf 87' lang='lat' dir='ltr'><strong>esse</strong></span> <span class='ocrx_word' id='word_1_592' title='bbox 946 3893 1065 3937; x_wconf 83' lang='lat' dir='ltr'><strong>noram</strong></span> <span class='ocrx_word' id='word_1_593' title='bbox 1083 3874 1175 3939; x_wconf 90' lang='lat' dir='ltr'><strong>sobo·</strong></span> <span class='ocrx_word' id='word_1_594' title='bbox 1200 3926 1203 3967; x_wconf 74' lang='grc'>,</span> <span class='ocrx_word' id='word_1_595' title='bbox 1227 3899 1304 3942; x_wconf 90' lang='lat' dir='ltr'><strong>vero</strong></span> <span class='ocrx_word' id='word_1_596' title='bbox 1324 3877 1433 3957; x_wconf 79' lang='lat' dir='ltr'><strong>furore</strong></span> <span class='ocrx_word' id='word_1_597' title='bbox 1455 3876 1587 3941; x_wconf 77' lang='lat' dir='ltr'><strong>Domini</strong></span> <span class='ocrx_word' id='word_1_598' title='bbox 1609 3896 1680 3942; x_wconf 90' lang='lat' dir='ltr'><strong>esse</strong></span> <span class='ocrx_word' id='word_1_599' title='bbox 1702 3876 1814 3943; x_wconf 91' lang='lat' dir='ltr'><strong>dicens</strong></span> <span class='ocrx_word' id='word_1_600' title='bbox 1835 3876 1956 3943; x_wconf 88' lang='lat' dir='ltr'><strong>diserte</strong></span> <span class='ocrx_word' id='word_1_601' title='bbox 1978 3878 2133 3944; x_wconf 75' lang='lat' dir='ltr'><strong>admonet</strong></span> <span class='ocrx_word' id='word_1_602' title='bbox 2155 3880 2200 3945; x_wconf 93' lang='lat' dir='ltr'><strong>ni·</strong></span> 
     </span>
     <span class='ocr_line' id='line_1_42' title="bbox 204 3957 2201 4046; baseline 0.004 -22"><span class='ocrx_word' id='word_1_603' title='bbox 204 3962 284 4024; x_wconf 90' lang='lat' dir='ltr'><strong>lem:</strong></span> <span class='ocrx_word' id='word_1_604' title='bbox 315 3961 400 4025; x_wconf 89' lang='lat' dir='ltr'><strong>sicut</strong></span> <span class='ocrx_word' id='word_1_605' title='bbox 429 3961 462 4023; x_wconf 93' lang='lat' dir='ltr'><strong>in</strong></span> <span class='ocrx_word' id='word_1_606' title='bbox 486 3959 574 4023; x_wconf 89' lang='lat' dir='ltr'><strong>Psel.</strong></span> <span class='ocrx_word' id='word_1_607' title='bbox 598 3957 684 4040; x_wconf 80' lang='lat'><strong>(102,</strong></span> <span class='ocrx_word' id='word_1_608' title='bbox 710 3958 762 4044; x_wconf 89' lang='grc'><strong>19)</strong></span> <span class='ocrx_word' id='word_1_609' title='bbox 790 3958 918 4040; x_wconf 89' lang='lat' dir='ltr'><strong>dicitur,</strong></span> <span class='ocrx_word' id='word_1_610' title='bbox 947 3959 1092 4041; x_wconf 92' lang='lat' dir='ltr'><strong>Populus</strong></span> <span class='ocrx_word' id='word_1_611' title='bbox 1119 3961 1175 4041; x_wconf 91' lang='lat' dir='ltr'><strong>qui</strong></span> <span class='ocrx_word' id='word_1_612' title='bbox 1227 3962 1274 4027; x_wconf 90' lang='lat' dir='ltr'><strong>hil</strong></span> <span class='ocrx_word' id='word_1_613' title='bbox 1297 3961 1415 4026; x_wconf 91' lang='lat' dir='ltr'><strong>horum</strong></span> <span class='ocrx_word' id='word_1_614' title='bbox 1439 3962 1605 4026; x_wconf 76' lang='lat' dir='ltr'><strong>fortuitum</strong></span> <span class='ocrx_word' id='word_1_615' title='bbox 1628 3983 1707 4039; x_wconf 90' lang='lat' dir='ltr'><strong>esse,</strong></span> <span class='ocrx_word' id='word_1_616' title='bbox 1737 3962 1880 4046; x_wconf 90' lang='lat' dir='ltr'><strong>nequid</strong></span> <span class='ocrx_word' id='word_1_617' title='bbox 1903 3966 2201 4032; x_wconf 86' lang='lat' dir='ltr'><strong>temereaceidisse</strong></span> 
     </span>
     <span class='ocr_line' id='line_1_43' title="bbox 204 4043 2201 4135; baseline 0.003 -23"><span class='ocrx_word' id='word_1_618' title='bbox 204 4047 365 4112; x_wconf 87' lang='lat' dir='ltr'><strong>creabitur</strong></span> <span class='ocrx_word' id='word_1_619' title='bbox 387 4043 533 4109; x_wconf 87' lang='lat' dir='ltr'><strong>laudabit</strong></span> <span class='ocrx_word' id='word_1_620' title='bbox 556 4043 674 4108; x_wconf 91' lang='lat' dir='ltr'><strong>Deum.</strong></span> <span class='ocrx_word' id='word_1_621' title='bbox 719 4044 814 4124; x_wconf 78' lang='lat' dir='ltr'><strong>Quod</strong></span> <span class='ocrx_word' id='word_1_622' title='bbox 845 4045 898 4108; x_wconf 93' lang='lat' dir='ltr'><strong>hio</strong></span> <span class='ocrx_word' id='word_1_623' title='bbox 927 4043 1081 4109; x_wconf 89' lang='lat' dir='ltr'><strong>describit</strong></span> <span class='ocrx_word' id='word_1_624' title='bbox 1103 4067 1175 4126; x_wconf 91' lang='lat' dir='ltr'><strong>pro·</strong></span> <span class='ocrx_word' id='word_1_625' title='bbox 1200 4098 1204 4135; x_wconf 58' lang='grc' dir='ltr'>Ι</span> <span class='ocrx_word' id='word_1_626' title='bbox 1228 4052 1361 4130; x_wconf 88' lang='lat' dir='ltr'><strong>putent:</strong></span> <span class='ocrx_word' id='word_1_627' title='bbox 1392 4067 1496 4130; x_wconf 89' lang='lat' dir='ltr'><strong>neque</strong></span> <span class='ocrx_word' id='word_1_628' title='bbox 1526 4048 1705 4113; x_wconf 89' lang='lat' dir='ltr'><strong>Dominum</strong></span> <span class='ocrx_word' id='word_1_629' title='bbox 1735 4050 1890 4114; x_wconf 85' lang='lat' dir='ltr'><strong>saevitiae</strong></span> <span class='ocrx_word' id='word_1_630' title='bbox 1922 4062 2086 4129; x_wconf 77' lang='lat' dir='ltr'><strong>coement,</strong></span> <span class='ocrx_word' id='word_1_631' title='bbox 2116 4051 2201 4135; x_wconf 93' lang='lat' dir='ltr'><strong>quod</strong></span> 
     </span>
     <span class='ocr_line' id='line_1_44' title="bbox 203 4129 2202 4218; baseline 0.004 -22"><span class='ocrx_word' id='word_1_632' title='bbox 203 4131 314 4216; x_wconf 85' lang='lat' dir='ltr'><strong>pheta,</strong></span> <span class='ocrx_word' id='word_1_633' title='bbox 336 4129 376 4194; x_wconf 87' lang='lat' dir='ltr'><strong>ad</strong></span> <span class='ocrx_word' id='word_1_634' title='bbox 400 4140 542 4195; x_wconf 89' lang='lat' dir='ltr'><strong>nostram</strong></span> <span class='ocrx_word' id='word_1_635' title='bbox 572 4131 706 4193; x_wconf 91' lang='lat' dir='ltr'><strong>omnino</strong></span> <span class='ocrx_word' id='word_1_636' title='bbox 733 4139 872 4194; x_wconf 86' lang='lat' dir='ltr'><strong>aetatem</strong></span> <span class='ocrx_word' id='word_1_637' title='bbox 894 4131 1044 4212; x_wconf 86' lang='lat' dir='ltr'><strong>pertinet.</strong></span> <span class='ocrx_word' id='word_1_638' title='bbox 1089 4130 1175 4195; x_wconf 90' lang='lat' dir='ltr'><strong>Nam</strong></span> <span class='ocrx_word' id='word_1_639' title='bbox 1200 4138 1204 4167; x_wconf 79' lang='lat'>²</span> <span class='ocrx_word' id='word_1_640' title='bbox 1228 4135 1361 4217; x_wconf 85' lang='lat' dir='ltr'><strong>gravius</strong></span> <span class='ocrx_word' id='word_1_641' title='bbox 1395 4133 1430 4196; x_wconf 93' lang='lat' dir='ltr'><strong>in</strong></span> <span class='ocrx_word' id='word_1_642' title='bbox 1470 4132 1557 4214; x_wconf 91' lang='lat' dir='ltr'><strong>ipsos</strong></span> <span class='ocrx_word' id='word_1_643' title='bbox 1591 4132 1848 4200; x_wconf 87' lang='lat' dir='ltr'><strong>animadvertat:</strong></span> <span class='ocrx_word' id='word_1_644' title='bbox 1890 4135 1968 4218; x_wconf 91' lang='lat' dir='ltr'><strong>quie</strong></span> <span class='ocrx_word' id='word_1_645' title='bbox 2005 4146 2134 4202; x_wconf 84' lang='lat' dir='ltr'><strong>rect-um</strong></span> <span class='ocrx_word' id='word_1_646' title='bbox 2166 4157 2202 4203; x_wconf 88' lang='lat' dir='ltr'><strong>ac</strong></span> 
     </span>
     <span class='ocr_line' id='line_1_45' title="bbox 203 4214 2200 4306; baseline 0.004 -23"><span class='ocrx_word' id='word_1_647' title='bbox 203 4217 300 4283; x_wconf 92' lang='lat' dir='ltr'><strong>multi</strong></span> <span class='ocrx_word' id='word_1_648' title='bbox 323 4236 358 4280; x_wconf 88' lang='lat' dir='ltr'><strong>se</strong></span> <span class='ocrx_word' id='word_1_649' title='bbox 380 4214 463 4279; x_wconf 91' lang='lat' dir='ltr'><strong>filios</strong></span> <span class='ocrx_word' id='word_1_650' title='bbox 486 4215 640 4280; x_wconf 88' lang='lat' dir='ltr'><strong>ecclesiae</strong></span> <span class='ocrx_word' id='word_1_651' title='bbox 663 4217 801 4279; x_wconf 90' lang='lat' dir='ltr'><strong>iactant:</strong></span> <span class='ocrx_word' id='word_1_652' title='bbox 835 4215 890 4279; x_wconf 91' lang='lat' dir='ltr'><strong>sed</strong></span> <span class='ocrx_word' id='word_1_653' title='bbox 920 4216 1176 4299; x_wconf 89' lang='lat' dir='ltr'><strong>quotusquisque</strong></span> <span class='ocrx_word' id='word_1_654' title='bbox 1227 4221 1348 4285; x_wconf 89' lang='lat' dir='ltr'><strong>iustum</strong></span> <span class='ocrx_word' id='word_1_655' title='bbox 1371 4218 1474 4300; x_wconf 89' lang='lat' dir='ltr'><strong>ipsius</strong></span> <span class='ocrx_word' id='word_1_656' title='bbox 1496 4219 1652 4285; x_wconf 90' lang='lat' dir='ltr'><strong>iudicium</strong></span> <span class='ocrx_word' id='word_1_657' title='bbox 1675 4231 1734 4286; x_wconf 91' lang='lat' dir='ltr'><strong>est.</strong></span> <span class='ocrx_word' id='word_1_658' title='bbox 1778 4220 1881 4305; x_wconf 90' lang='lat' dir='ltr'><strong>quue</strong></span> <span class='ocrx_word' id='word_1_659' title='bbox 1903 4221 2075 4304; x_wconf 87' lang='lat' dir='ltr'><strong>significat,</strong></span> <span class='ocrx_word' id='word_1_660' title='bbox 2098 4243 2200 4306; x_wconf 90' lang='lat' dir='ltr'><strong>quum</strong></span> 
     </span>
     <span class='ocr_line' id='line_1_46' title="bbox 204 4300 2200 4392; baseline 0.003 -23"><span class='ocrx_word' id='word_1_661' title='bbox 204 4304 245 4369; x_wconf 91' lang='lat' dir='ltr'><strong>de</strong></span> <span class='ocrx_word' id='word_1_662' title='bbox 278 4301 392 4367; x_wconf 86' lang='lat' dir='ltr'><strong>matris</strong></span> <span class='ocrx_word' id='word_1_663' title='bbox 426 4302 590 4366; x_wconf 89' lang='lat' dir='ltr'><strong>aerumnis</strong></span> <span class='ocrx_word' id='word_1_664' title='bbox 622 4300 782 4364; x_wconf 90' lang='lat' dir='ltr'><strong>sollicitus</strong></span> <span class='ocrx_word' id='word_1_665' title='bbox 815 4303 885 4364; x_wconf 80' lang='lat' dir='ltr'><strong>est?</strong></span> <span class='ocrx_word' id='word_1_666' title='bbox 925 4303 998 4381; x_wconf 91' lang='lat' dir='ltr'><strong>quis</strong></span> <span class='ocrx_word' id='word_1_667' title='bbox 1033 4304 1072 4366; x_wconf 93' lang='lat' dir='ltr'><strong>de</strong></span> <span class='ocrx_word' id='word_1_668' title='bbox 1104 4306 1175 4368; x_wconf 88' lang='lat' dir='ltr'><strong>eius</strong></span> <span class='ocrx_word' id='word_1_669' title='bbox 1227 4303 1289 4369; x_wconf 92' lang='lat' dir='ltr'><strong>hoc</strong></span> <span class='ocrx_word' id='word_1_670' title='bbox 1317 4303 1510 4386; x_wconf 90' lang='lat' dir='ltr'><strong>supplicium</strong></span> <span class='ocrx_word' id='word_1_671' title='bbox 1537 4304 1577 4369; x_wconf 94' lang='lat' dir='ltr'><strong>ab</strong></span> <span class='ocrx_word' id='word_1_672' title='bbox 1606 4307 1829 4388; x_wconf 90' lang='lat' dir='ltr'><strong>increpatione</strong></span> <span class='ocrx_word' id='word_1_673' title='bbox 1857 4306 1993 4372; x_wconf 91' lang='lat' dir='ltr'><strong>Domini</strong></span> <span class='ocrx_word' id='word_1_674' title='bbox 2020 4309 2200 4392; x_wconf 85' lang='lat' dir='ltr'><strong>profectum</strong></span> 
     </span>
     <span class='ocr_line' id='line_1_47' title="bbox 204 4385 2202 4470; baseline 0.003 -14"><span class='ocrx_word' id='word_1_675' title='bbox 204 4390 302 4457; x_wconf 90' lang='lat' dir='ltr'><strong>ruina</strong></span> <span class='ocrx_word' id='word_1_676' title='bbox 335 4385 491 4470; x_wconf 83' lang='lat' dir='ltr'><strong>angitur?</strong></span> <span class='ocrx_word' id='word_1_677' title='bbox 525 4387 599 4466; x_wconf 93' lang='lat' dir='ltr'><strong>quis</strong></span> <span class='ocrx_word' id='word_1_678' title='bbox 628 4386 674 4450; x_wconf 89' lang='lat' dir='ltr'><strong>ita</strong></span> <span class='ocrx_word' id='word_1_679' title='bbox 702 4395 927 4450; x_wconf 89' lang='lat' dir='ltr'><strong>commovetur</strong></span> <span class='ocrx_word' id='word_1_680' title='bbox 957 4400 993 4449; x_wconf 90' lang='lat' dir='ltr'><strong>ut</strong></span> <span class='ocrx_word' id='word_1_681' title='bbox 1023 4387 1176 4453; x_wconf 90' lang='lat' dir='ltr'><strong>humeros</strong></span> <span class='ocrx_word' id='word_1_682' title='bbox 1228 4410 1299 4456; x_wconf 88' lang='lat' dir='ltr'><strong>esse</strong></span> <span class='ocrx_word' id='word_1_683' title='bbox 1332 4389 1418 4454; x_wconf 83' lang='lat' dir='ltr'><strong>dicit</strong></span> <span class='ocrx_word' id='word_1_684' title='bbox 1471 4390 1602 4454; x_wconf 88' lang='lat' dir='ltr'><strong>Interea</strong></span> <span class='ocrx_word' id='word_1_685' title='bbox 1635 4390 1811 4456; x_wconf 90' lang='lat' dir='ltr'><strong>tenendum</strong></span> <span class='ocrx_word' id='word_1_686' title='bbox 1845 4401 1895 4458; x_wconf 93' lang='lat' dir='ltr'><strong>est</strong></span> <span class='ocrx_word' id='word_1_687' title='bbox 1927 4393 1997 4458; x_wconf 90' lang='lat' dir='ltr'><strong>eius</strong></span> <span class='ocrx_word' id='word_1_688' title='bbox 2029 4395 2202 4461; x_wconf 86' lang='lat' dir='ltr'><strong>consilium</strong></span> 
     </span>
     <span class='ocr_line' id='line_1_48' title="bbox 204 4470 2201 4573; baseline 0.003 -32"><span class='ocrx_word' id='word_1_689' title='bbox 204 4494 282 4541; x_wconf 90' lang='lat' dir='ltr'><strong>suos</strong></span> <span class='ocrx_word' id='word_1_690' title='bbox 314 4474 343 4539; x_wconf 93' lang='lat' dir='ltr'><strong>ei</strong></span> <span class='ocrx_word' id='word_1_691' title='bbox 373 4470 559 4555; x_wconf 82' lang='lat' dir='ltr'><strong>supponat?</strong></span> <span class='ocrx_word' id='word_1_692' title='bbox 593 4492 689 4552; x_wconf 91' lang='lat' dir='ltr'><strong>quam</strong></span> <span class='ocrx_word' id='word_1_693' title='bbox 723 4470 817 4535; x_wconf 91' lang='lat' dir='ltr'><strong>multi</strong></span> <span class='ocrx_word' id='word_1_694' title='bbox 851 4491 923 4535; x_wconf 90' lang='lat' dir='ltr'><strong>eam</strong></span> <span class='ocrx_word' id='word_1_695' title='bbox 954 4472 1106 4552; x_wconf 89' lang='lat' dir='ltr'><strong>produnt,</strong></span> <span class='ocrx_word' id='word_1_696' title='bbox 1140 4493 1177 4538; x_wconf 91' lang='lat' dir='ltr'><strong>ao</strong></span> <span class='ocrx_word' id='word_1_697' title='bbox 1201 4502 1204 4573; x_wconf 61' lang='lat' dir='ltr'><strong>q</strong></span> <span class='ocrx_word' id='word_1_698' title='bbox 1229 4474 1313 4558; x_wconf 92' lang='lat' dir='ltr'><strong>qnod</strong></span> <span class='ocrx_word' id='word_1_699' title='bbox 1335 4475 1440 4555; x_wconf 85' lang='lat' dir='ltr'><strong>attigi,</strong></span> <span class='ocrx_word' id='word_1_700' title='bbox 1470 4495 1588 4558; x_wconf 90' lang='lat' dir='ltr'><strong>nempe</strong></span> <span class='ocrx_word' id='word_1_701' title='bbox 1615 4498 1706 4558; x_wconf 92' lang='lat' dir='ltr'><strong>spem</strong></span> <span class='ocrx_word' id='word_1_702' title='bbox 1735 4480 1861 4562; x_wconf 85' lang='lat' dir='ltr'><strong>gratiae</strong></span> <span class='ocrx_word' id='word_1_703' title='bbox 1890 4477 2105 4546; x_wconf 87' lang='lat' dir='ltr'><strong>abiiciendam</strong></span> <span class='ocrx_word' id='word_1_704' title='bbox 2137 4501 2201 4547; x_wconf 90' lang='lat' dir='ltr'><strong>non</strong></span> 
     </span>
     <span class='ocr_line' id='line_1_49' title="bbox 203 4555 2201 4652; baseline 0.004 -25"><span class='ocrx_word' id='word_1_705' title='bbox 203 4559 367 4628; x_wconf 89' lang='lat' dir='ltr'><strong>crudelius</strong></span> <span class='ocrx_word' id='word_1_706' title='bbox 389 4564 630 4640; x_wconf 89' lang='lat' dir='ltr'><strong>persequuntur</strong></span> <span class='ocrx_word' id='word_1_707' title='bbox 653 4556 750 4621; x_wconf 91' lang='lat' dir='ltr'><strong>huius</strong></span> <span class='ocrx_word' id='word_1_708' title='bbox 768 4555 856 4621; x_wconf 92' lang='lat' dir='ltr'><strong>tituli</strong></span> <span class='ocrx_word' id='word_1_709' title='bbox 876 4564 1057 4636; x_wconf 90' lang='lat' dir='ltr'><strong>praetextu,</strong></span> <span class='ocrx_word' id='word_1_710' title='bbox 1079 4578 1176 4640; x_wconf 88' lang='lat' dir='ltr'><strong>quam</strong></span> <span class='ocrx_word' id='word_1_711' title='bbox 1228 4582 1300 4626; x_wconf 88' lang='lat' dir='ltr'><strong>ease</strong></span> <span class='ocrx_word' id='word_1_712' title='bbox 1323 4559 1483 4643; x_wconf 85' lang='lat' dir='ltr'><strong>fidelibus,</strong></span> <span class='ocrx_word' id='word_1_713' title='bbox 1506 4564 1656 4644; x_wconf 88' lang='lat' dir='ltr'><strong>quamvis</strong></span> <span class='ocrx_word' id='word_1_714' title='bbox 1677 4565 1869 4629; x_wconf 90' lang='lat' dir='ltr'><strong>innumerae</strong></span> <span class='ocrx_word' id='word_1_715' title='bbox 1894 4563 2002 4630; x_wconf 88' lang='lat' dir='ltr'><strong>clades</strong></span> <span class='ocrx_word' id='word_1_716' title='bbox 2023 4564 2066 4630; x_wconf 89' lang='lat' dir='ltr'><strong>ad</strong></span> <span class='ocrx_word' id='word_1_717' title='bbox 2089 4566 2201 4652; x_wconf 90' lang='lat' dir='ltr'><strong>despe-</strong></span> 
     </span>
     <span class='ocr_line' id='line_1_50' title="bbox 203 4640 1923 4733; baseline 0 -20"><span class='ocrx_word' id='word_1_718' title='bbox 203 4646 327 4733; x_wconf 90' lang='lat' dir='ltr'><strong>publici</strong></span> <span class='ocrx_word' id='word_1_719' title='bbox 350 4654 383 4709; x_wconf 93' lang='lat' dir='ltr'><strong>et</strong></span> <span class='ocrx_word' id='word_1_720' title='bbox 404 4642 509 4726; x_wconf 90' lang='lat' dir='ltr'><strong>aperti</strong></span> <span class='ocrx_word' id='word_1_721' title='bbox 537 4640 672 4706; x_wconf 86' lang='lat' dir='ltr'><strong>hostes?</strong></span> <span class='ocrx_word' id='word_1_722' title='bbox 717 4641 833 4725; x_wconf 89' lang='lat' dir='ltr'><strong>Itaque</strong></span> <span class='ocrx_word' id='word_1_723' title='bbox 855 4642 1028 4724; x_wconf 83' lang='lat' dir='ltr'><strong>poetelius</strong></span> <span class='ocrx_word' id='word_1_724' title='bbox 1050 4664 1177 4708; x_wconf 92' lang='lat' dir='ltr'><strong>aerum·</strong></span> <span class='ocrx_word' id='word_1_725' title='bbox 1229 4649 1386 4712; x_wconf 87' lang='lat' dir='ltr'><strong>rationem</strong></span> <span class='ocrx_word' id='word_1_726' title='bbox 1408 4667 1463 4711; x_wconf 90' lang='lat' dir='ltr'><strong>eos</strong></span> <span class='ocrx_word' id='word_1_727' title='bbox 1485 4648 1667 4724; x_wconf 88' lang='lat' dir='ltr'><strong>sollicitent,</strong></span> <span class='ocrx_word' id='word_1_728' title='bbox 1691 4660 1723 4713; x_wconf 89' lang='grc' dir='ltr'><strong>ιι</strong></span> <span class='ocrx_word' id='word_1_729' title='bbox 1744 4649 1923 4732; x_wconf 87' lang='lat' dir='ltr'><strong>impellant.</strong></span> 
     </span>
     <span class='ocr_line' id='line_1_51' title="bbox 203 4727 2202 4822; baseline 0.003 -23"><span class='ocrx_word' id='word_1_730' title='bbox 203 4754 274 4812; x_wconf 88' lang='lat' dir='ltr'><strong>nas,</strong></span> <span class='ocrx_word' id='word_1_731' title='bbox 292 4731 345 4796; x_wconf 92' lang='lat' dir='ltr'><strong>hio</strong></span> <span class='ocrx_word' id='word_1_732' title='bbox 363 4728 464 4795; x_wconf 90' lang='lat' dir='ltr'><strong>veluti</strong></span> <span class='ocrx_word' id='word_1_733' title='bbox 483 4727 688 4792; x_wconf 87' lang='lat' dir='ltr'><strong>miseriarum</strong></span> <span class='ocrx_word' id='word_1_734' title='bbox 708 4727 858 4793; x_wconf 91' lang='lat' dir='ltr'><strong>cumulus</strong></span> <span class='ocrx_word' id='word_1_735' title='bbox 872 4727 1011 4792; x_wconf 88' lang='lat' dir='ltr'><strong>additur.</strong></span> <span class='ocrx_word' id='word_1_736' title='bbox 1048 4729 1176 4794; x_wconf 90' lang='lat' dir='ltr'><strong>Deinde</strong></span> <span class='ocrx_word' id='word_1_737' title='bbox 1313 4733 1364 4796; x_wconf 81' lang='lat'><strong>21.</strong></span> <span class='ocrx_word' id='word_1_738' title='bbox 1388 4730 1512 4817; x_wconf 77' lang='lat' dir='ltr'><strong>(Itaque</strong></span> <span class='ocrx_word' id='word_1_739' title='bbox 1532 4754 1614 4799; x_wconf 79' lang='grc' dir='ltr'><strong>ιιιιιι</strong></span> <span class='ocrx_word' id='word_1_740' title='bbox 1636 4735 1737 4821; x_wconf 80' lang='lat' dir='ltr'><strong>audi.)</strong></span> <span class='ocrx_word' id='word_1_741' title='bbox 1773 4735 1872 4801; x_wconf 90' lang='lat' dir='ltr'><strong>Nunc</strong></span> <span class='ocrx_word' id='word_1_742' title='bbox 1892 4735 2035 4802; x_wconf 87' lang='lat' dir='ltr'><strong>ostendit</strong></span> <span class='ocrx_word' id='word_1_743' title='bbox 2056 4739 2202 4822; x_wconf 84' lang='lat' dir='ltr'><strong>apertius</strong></span> 
     </span>
    </p>
   </div>
   <div class='ocr_carea' id='block_1_3' title="bbox 203 4812 2206 5333">
    <p class='ocr_par' dir='ltr' id='par_1_3' title="bbox 203 4812 2204 5244">
     <span class='ocr_line' id='line_1_52' title="bbox 203 4812 2201 4906; baseline 0.003 -21"><span class='ocrx_word' id='word_1_744' title='bbox 203 4820 259 4903; x_wconf 91' lang='lat' dir='ltr'><strong>qni</strong></span> <span class='ocrx_word' id='word_1_745' title='bbox 281 4815 407 4883; x_wconf 90' lang='lat' dir='ltr'><strong>censeri</strong></span> <span class='ocrx_word' id='word_1_746' title='bbox 431 4813 545 4878; x_wconf 90' lang='lat' dir='ltr'><strong>volunt</strong></span> <span class='ocrx_word' id='word_1_747' title='bbox 567 4813 600 4875; x_wconf 93' lang='lat' dir='ltr'><strong>in</strong></span> <span class='ocrx_word' id='word_1_748' title='bbox 624 4812 758 4877; x_wconf 86' lang='lat' dir='ltr'><strong>ecclesia</strong></span> <span class='ocrx_word' id='word_1_749' title='bbox 780 4814 886 4895; x_wconf 88' lang='lat' dir='ltr'><strong>primi,</strong></span> <span class='ocrx_word' id='word_1_750' title='bbox 908 4832 968 4878; x_wconf 90' lang='lat' dir='ltr'><strong>nec</strong></span> <span class='ocrx_word' id='word_1_751' title='bbox 991 4823 1118 4879; x_wconf 87' lang='lat' dir='ltr'><strong>tantum</strong></span> <span class='ocrx_word' id='word_1_752' title='bbox 1142 4837 1176 4881; x_wconf 92' lang='lat' dir='ltr'><strong>se</strong></span> <span class='ocrx_word' id='word_1_753' title='bbox 1228 4837 1381 4900; x_wconf 92' lang='lat' dir='ltr'><strong>quorsum</strong></span> <span class='ocrx_word' id='word_1_754' title='bbox 1416 4819 1456 4882; x_wconf 91' lang='lat' dir='ltr'><strong>de</strong></span> <span class='ocrx_word' id='word_1_755' title='bbox 1490 4819 1729 4885; x_wconf 88' lang='lat' dir='ltr'><strong>calamitatibus</strong></span> <span class='ocrx_word' id='word_1_756' title='bbox 1768 4823 1923 4887; x_wconf 88' lang='lat' dir='ltr'><strong>ecclesiae</strong></span> <span class='ocrx_word' id='word_1_757' title='bbox 1961 4822 2116 4906; x_wconf 89' lang='lat' dir='ltr'><strong>loquutus</strong></span> <span class='ocrx_word' id='word_1_758' title='bbox 2150 4827 2201 4891; x_wconf 91' lang='lat' dir='ltr'><strong>sit.</strong></span> 
     </span>
     <span class='ocr_line' id='line_1_53' title="bbox 203 4896 2203 4993; baseline 0.004 -23"><span class='ocrx_word' id='word_1_759' title='bbox 203 4927 262 4991; x_wconf 92' lang='lat' dir='ltr'><strong>pro</strong></span> <span class='ocrx_word' id='word_1_760' title='bbox 284 4903 361 4969; x_wconf 91' lang='lat' dir='ltr'><strong>filiis</strong></span> <span class='ocrx_word' id='word_1_761' title='bbox 383 4899 564 4977; x_wconf 83' lang='lat' dir='ltr'><strong>venditant,</strong></span> <span class='ocrx_word' id='word_1_762' title='bbox 587 4896 643 4963; x_wconf 89' lang='lat' dir='ltr'><strong>sed</strong></span> <span class='ocrx_word' id='word_1_763' title='bbox 666 4897 861 4981; x_wconf 89' lang='lat' dir='ltr'><strong>superbiunt</strong></span> <span class='ocrx_word' id='word_1_764' title='bbox 882 4910 1010 4980; x_wconf 90' lang='lat' dir='ltr'><strong>patrum</strong></span> <span class='ocrx_word' id='word_1_765' title='bbox 1034 4901 1175 4977; x_wconf 92' lang='lat' dir='ltr'><strong>nomine,</strong></span> <span class='ocrx_word' id='word_1_766' title='bbox 1228 4903 1354 4986; x_wconf 92' lang='lat' dir='ltr'><strong>Nempe</strong></span> <span class='ocrx_word' id='word_1_767' title='bbox 1377 4912 1413 4968; x_wconf 90' lang='lat' dir='ltr'><strong>ut</strong></span> <span class='ocrx_word' id='word_1_768' title='bbox 1435 4904 1546 4970; x_wconf 85' lang='lat' dir='ltr'><strong>fideles</strong></span> <span class='ocrx_word' id='word_1_769' title='bbox 1568 4927 1631 4971; x_wconf 93' lang='lat' dir='ltr'><strong>non</strong></span> <span class='ocrx_word' id='word_1_770' title='bbox 1656 4907 1806 4972; x_wconf 90' lang='lat' dir='ltr'><strong>dubitent</strong></span> <span class='ocrx_word' id='word_1_771' title='bbox 1832 4909 1908 4992; x_wconf 93' lang='lat' dir='ltr'><strong>quiu</strong></span> <span class='ocrx_word' id='word_1_772' title='bbox 1938 4920 2053 4993; x_wconf 90' lang='lat' dir='ltr'><strong>parata</strong></span> <span class='ocrx_word' id='word_1_773' title='bbox 2083 4912 2129 4975; x_wconf 93' lang='lat' dir='ltr'><strong>sit</strong></span> <span class='ocrx_word' id='word_1_774' title='bbox 2157 4913 2203 4978; x_wconf 92' lang='lat' dir='ltr'><strong>eis</strong></span> 
     </span>
     <span class='ocr_line' id='line_1_54' title="bbox 203 4983 2204 5081; baseline 0.004 -27"><span class='ocrx_word' id='word_1_775' title='bbox 203 4990 327 5075; x_wconf 90' lang='lat' dir='ltr'><strong>perfide</strong></span> <span class='ocrx_word' id='word_1_776' title='bbox 356 5008 427 5053; x_wconf 87' lang='lat' dir='ltr'><strong>eam</strong></span> <span class='ocrx_word' id='word_1_777' title='bbox 463 4985 620 5050; x_wconf 87' lang='lat' dir='ltr'><strong>deserunt</strong></span> <span class='ocrx_word' id='word_1_778' title='bbox 652 4983 708 5048; x_wconf 91' lang='lat' dir='ltr'><strong>ubi</strong></span> <span class='ocrx_word' id='word_1_779' title='bbox 741 4984 893 5067; x_wconf 88' lang='lat' dir='ltr'><strong>implorat</strong></span> <span class='ocrx_word' id='word_1_780' title='bbox 925 5004 1035 5049; x_wconf 93' lang='lat' dir='ltr'><strong>eorum</strong></span> <span class='ocrx_word' id='word_1_781' title='bbox 1069 4986 1175 5050; x_wconf 86' lang='lat' dir='ltr'><strong>fidem.</strong></span> <span class='ocrx_word' id='word_1_782' title='bbox 1229 4989 1412 5055; x_wconf 89' lang='lat' dir='ltr'><strong>aDomino</strong></span> <span class='ocrx_word' id='word_1_783' title='bbox 1440 4992 1623 5068; x_wconf 90' lang='lat' dir='ltr'><strong>consolatio,</strong></span> <span class='ocrx_word' id='word_1_784' title='bbox 1654 4994 1781 5058; x_wconf 90' lang='lat' dir='ltr'><strong>tametsi</strong></span> <span class='ocrx_word' id='word_1_785' title='bbox 1803 5004 1951 5059; x_wconf 84' lang='lat' dir='ltr'><strong>extrema</strong></span> <span class='ocrx_word' id='word_1_786' title='bbox 1979 5016 2129 5081; x_wconf 89' lang='lat' dir='ltr'><strong>quaeque</strong></span> <span class='ocrx_word' id='word_1_787' title='bbox 2151 5018 2204 5081; x_wconf 87' lang='lat' dir='ltr'><strong>pa·</strong></span> 
     </span>
     <span class='ocr_line' id='line_1_55' title="bbox 204 5068 2202 5167; baseline 0.005 -27"><span class='ocrx_word' id='word_1_788' title='bbox 204 5074 315 5156; x_wconf 81' lang='lat' dir='ltr'><strong>Quare</strong></span> <span class='ocrx_word' id='word_1_789' title='bbox 337 5073 421 5139; x_wconf 91' lang='lat' dir='ltr'><strong>nihil</strong></span> <span class='ocrx_word' id='word_1_790' title='bbox 443 5072 563 5137; x_wconf 90' lang='lat' dir='ltr'><strong>mirum</strong></span> <span class='ocrx_word' id='word_1_791' title='bbox 586 5069 613 5133; x_wconf 90' lang='lat' dir='ltr'><strong>si</strong></span> <span class='ocrx_word' id='word_1_792' title='bbox 632 5089 687 5134; x_wconf 91' lang='lat' dir='ltr'><strong>eos</strong></span> <span class='ocrx_word' id='word_1_793' title='bbox 706 5068 798 5134; x_wconf 89' lang='lat' dir='ltr'><strong>Deus</strong></span> <span class='ocrx_word' id='word_1_794' title='bbox 816 5069 1020 5148; x_wconf 88' lang='lat' dir='ltr'><strong>exterminet,</strong></span> <span class='ocrx_word' id='word_1_795' title='bbox 1045 5079 1080 5134; x_wconf 93' lang='lat' dir='ltr'><strong>ut</strong></span> <span class='ocrx_word' id='word_1_796' title='bbox 1102 5090 1175 5153; x_wconf 90' lang='lat' dir='ltr'><strong>pro·</strong></span> <span class='ocrx_word' id='word_1_797' title='bbox 1229 5075 1361 5139; x_wconf 80' lang='lat' dir='ltr'><strong>riantur.</strong></span> <span class='ocrx_word' id='word_1_798' title='bbox 1407 5075 1474 5142; x_wconf 81' lang='lat' dir='ltr'><strong>Sed</strong></span> <span class='ocrx_word' id='word_1_799' title='bbox 1504 5096 1561 5141; x_wconf 90' lang='lat' dir='ltr'><strong>our</strong></span> <span class='ocrx_word' id='word_1_800' title='bbox 1587 5075 1754 5142; x_wconf 89' lang='lat' dir='ltr'><strong>ecelesiam</strong></span> <span class='ocrx_word' id='word_1_801' title='bbox 1782 5081 1935 5145; x_wconf 87' lang='lat' dir='ltr'><strong>miseram</strong></span> <span class='ocrx_word' id='word_1_802' title='bbox 1965 5094 2073 5167; x_wconf 83' lang='lat' dir='ltr'><strong>vocat,</strong></span> <span class='ocrx_word' id='word_1_803' title='bbox 2102 5104 2202 5167; x_wconf 91' lang='lat' dir='ltr'><strong>quum</strong></span> 
     </span>
     <span class='ocr_line' id='line_1_56' title="bbox 204 5154 2204 5244; baseline 0.005 -18"><span class='ocrx_word' id='word_1_804' title='bbox 204 5161 310 5226; x_wconf 91' lang='lat' dir='ltr'><strong>biset</strong></span> <span class='ocrx_word' id='word_1_805' title='bbox 332 5159 363 5224; x_wconf 91' lang='lat' dir='ltr'><strong>le</strong></span> <span class='ocrx_word' id='word_1_806' title='bbox 387 5159 486 5224; x_wconf 83' lang='grc' dir='ltr'><strong>ἰιιιιιι</strong></span> <span class='ocrx_word' id='word_1_807' title='bbox 508 5154 584 5220; x_wconf 84' lang='lat' dir='ltr'><strong>liliis</strong></span> <span class='ocrx_word' id='word_1_808' title='bbox 606 5162 724 5237; x_wconf 91' lang='lat' dir='ltr'><strong>augeat</strong></span> <span class='ocrx_word' id='word_1_809' title='bbox 746 5154 915 5219; x_wconf 85' lang='lat' dir='ltr'><strong>eeclesiam</strong></span> <span class='ocrx_word' id='word_1_810' title='bbox 937 5175 1038 5221; x_wconf 87' lang='lat' dir='ltr'><strong>suam.</strong></span> <span class='ocrx_word' id='word_1_811' title='bbox 1228 5158 1310 5225; x_wconf 91' lang='lat' dir='ltr'><strong>nihil</strong></span> <span class='ocrx_word' id='word_1_812' title='bbox 1341 5162 1466 5227; x_wconf 86' lang='lat' dir='ltr'><strong>felicius</strong></span> <span class='ocrx_word' id='word_1_813' title='bbox 1498 5161 1541 5227; x_wconf 91' lang='lat' dir='ltr'><strong>sit</strong></span> <span class='ocrx_word' id='word_1_814' title='bbox 1569 5182 1663 5244; x_wconf 85' lang='lat' dir='ltr'><strong>quam</strong></span> <span class='ocrx_word' id='word_1_815' title='bbox 1687 5163 1752 5229; x_wconf 91' lang='lat' dir='ltr'><strong>Dei</strong></span> <span class='ocrx_word' id='word_1_816' title='bbox 1784 5185 1864 5244; x_wconf 89' lang='lat' dir='ltr'><strong>esse,</strong></span> <span class='ocrx_word' id='word_1_817' title='bbox 1898 5187 1959 5233; x_wconf 90' lang='lat' dir='ltr'><strong>nec</strong></span> <span class='ocrx_word' id='word_1_818' title='bbox 1991 5189 2030 5233; x_wconf 87' lang='lat' dir='ltr'><strong>ea</strong></span> <span class='ocrx_word' id='word_1_819' title='bbox 2061 5169 2204 5236; x_wconf 86' lang='lat' dir='ltr'><strong>felicitas</strong></span> 
     </span>
    </p>

    <p class='ocr_par' dir='ltr' id='par_1_4' title="bbox 291 5181 2206 5333">
     <span class='ocr_line' id='line_1_57' title="bbox 291 5181 2206 5333; baseline 0.006 -23"><span class='ocrx_word' id='word_1_820' title='bbox 291 5246 341 5311; x_wconf 88' lang='lat'><strong>19.</strong></span> <span class='ocrx_word' id='word_1_821' title='bbox 363 5181 452 5330; x_wconf 59' lang='grc' dir='ltr'><strong>ῗῦιι</strong></span> <span class='ocrx_word' id='word_1_822' title='bbox 472 5240 569 5327; x_wconf 75' lang='lat' dir='ltr'><strong>lucc.)</strong></span> <span class='ocrx_word' id='word_1_823' title='bbox 612 5240 704 5306; x_wconf 88' lang='lat' dir='ltr'><strong>Idem</strong></span> <span class='ocrx_word' id='word_1_824' title='bbox 728 5239 795 5305; x_wconf 85' lang='lat' dir='ltr'><strong>iere</strong></span> <span class='ocrx_word' id='word_1_825' title='bbox 816 5240 921 5324; x_wconf 89' lang='lat' dir='ltr'><strong>eapite</strong></span> <span class='ocrx_word' id='word_1_826' title='bbox 939 5240 980 5305; x_wconf 75' lang='lat' dir='ltr'><strong>tt</strong></span> <span class='ocrx_word' id='word_1_827' title='bbox 1003 5241 1042 5307; x_wconf 92' lang='lat' dir='ltr'><strong>de</strong></span> <span class='ocrx_word' id='word_1_828' title='bbox 1066 5242 1176 5327; x_wconf 85' lang='lat' dir='ltr'><strong>Baby·</strong></span> <span class='ocrx_word' id='word_1_829' title='bbox 1200 5232 1204 5307; x_wconf 95' lang='grc' dir='ltr'>Ι</span> <span class='ocrx_word' id='word_1_830' title='bbox 1228 5248 1393 5313; x_wconf 81' lang='lat' dir='ltr'><strong>aertrmnis</strong></span> <span class='ocrx_word' id='word_1_831' title='bbox 1426 5246 1501 5313; x_wconf 92' lang='lat' dir='ltr'><strong>ullis</strong></span> <span class='ocrx_word' id='word_1_832' title='bbox 1535 5248 1635 5312; x_wconf 90' lang='lat' dir='ltr'><strong>adimi</strong></span> <span class='ocrx_word' id='word_1_833' title='bbox 1674 5250 1801 5333; x_wconf 80' lang='lat' dir='ltr'><strong>possit?</strong></span> <span class='ocrx_word' id='word_1_834' title='bbox 1856 5252 1926 5318; x_wconf 88' lang='lat' dir='ltr'><strong>Nec</strong></span> <span class='ocrx_word' id='word_1_835' title='bbox 1957 5254 2046 5319; x_wconf 90' lang='lat' dir='ltr'><strong>euim</strong></span> <span class='ocrx_word' id='word_1_836' title='bbox 2079 5255 2206 5323; x_wconf 83' lang='lat' dir='ltr'><strong>frustra</strong></span> 
     </span>
    </p>
   </div>
   <div class='ocr_carea' id='block_1_4' title="bbox 0 0 2406 5970">
    <p class='ocr_par' dir='ltr' id='par_1_5' title="bbox 0 0 2406 5970">
     <span class='ocr_line' id='line_1_58' title="bbox 0 0 2406 5970; baseline 0 0"><span class='ocrx_word' id='word_1_837' title='bbox 0 0 2406 5970; x_wconf 95' lang='lat' dir='ltr'><strong> </strong></span> 
     </span>
    </p>
   </div>
  </div>
 </body>
</html>
