4784 5970
194 382 235 448 65
1051 379 1201 447 CAPUT
1219 376 1332 443 XLII.
2152 378 2193 444 66

194 570 402 636 cumcisionis
425 579 527 643 vocat,
555 568 595 633 ad
624 570 805 652 implendas
835 569 1062 652 promissiones
1086 590 1168 652 quae
1220 567 1281 632 hac
1304 567 1493 650 loquutione
1516 569 1666 653 obsignat
1687 567 1843 651 quidquid
1868 568 1908 632 de
1938 569 2044 633 officio
2067 568 2193 634 Christi

194 656 288 720 datae
319 663 413 719 erant
443 655 589 738 patribus
613 654 721 740 (Rom.
747 657 796 732 15,
821 656 865 735 8).
910 655 1040 720 Clarius
1070 656 1167 719 etiam
1220 652 1344 717 dictum
1375 667 1432 730 θεῖ,
1467 674 1504 719 ae
1533 655 1637 719 veluti
1670 653 1814 736 sigillum
1849 652 1939 718 addit
1971 655 2192 736 promissioni:

195 740 272 805 alibi
303 741 470 809 Christum
505 762 575 805 esse
608 743 753 806 omnium
783 762 907 824 pacem,
941 752 977 805 ut
1008 741 1062 824 qui
1093 753 1168 805 ante
1220 737 1286 818 Qui
1309 739 1389 803 haec
1412 741 1612 821 pronuntiat,
1633 744 1774 805 testatur
1796 760 1831 803 se
1853 740 1958 803 solum
1982 761 2053 805 esse
2073 740 2192 816 Deum,

196 827 291 891 divisi
315 836 409 890 erant
429 827 489 892 sub
512 827 581 908 ipso
604 827 793 905 coalescant,
824 839 921 910 atque
949 827 997 891 ita
1026 826 1167 892 reconoi·
1222 844 1404 905 nomenque
1427 824 1543 889 hocin
1567 828 1635 910 ipso
1659 836 1788 890 tantum
1811 824 1962 890 residere.
2010 825 2082 890 Non
2104 825 2192 905 dubo,

194 912 315 976 lientur
338 910 409 977 Deo
432 923 497 977 tam
519 912 689 996 longinqui
711 935 808 995 quam
836 913 1009 996 propinqui
1032 911 1167 997 (Dphcs.
1219 909 1336 992 idest,
1367 932 1430 974 non
1461 912 1566 993 patiar
1597 912 1734 996 gloriam
1769 932 1873 975 meam
1906 911 2072 975 imminui:
2108 911 2192 994 quod

195 998 224 1073 2,
249 998 312 1083 lt).
358 997 445 1062 Hine
468 1019 594 1081 quoque
614 1009 747 1081 apparet
766 999 934 1063 Christum
955 1020 1020 1063 non
1040 1010 1167 1061 tantum
1220 997 1312 1059 ficret
1332 997 1360 1061 si
1382 995 1525 1060 mendax
1555 1011 1612 1062 aut
1634 1018 1737 1062 vanus
1767 996 2027 1078 deprehenderer
2055 997 2091 1060 in
2121 1018 2193 1079 pro·

195 1083 334 1162 Iudaeis,
367 1084 423 1148 sed
458 1085 517 1149 toti
550 1084 672 1148 mundo
705 1086 902 1167 promissum
935 1106 1016 1149 esse.
1061 1086 1169 1164 Atque
1220 1082 1339 1146 missis.
1386 1081 1462 1148 Suis
1485 1103 1562 1166 ergo
1585 1082 1752 1166 promissis
1780 1103 1815 1147 se
1845 1092 2009 1146 staturum
2039 1081 2193 1159 declarat,

195 1170 313 1233 iterum
337 1168 390 1232 hic
413 1169 556 1251 locuples
586 1169 626 1233 de
654 1171 800 1254 gentium
823 1171 993 1235 vocatione
1024 1170 1167 1233 testimo·
1220 1169 1305 1250 quod
1329 1168 1464 1251 gloriam
1495 1188 1587 1232 suam
1612 1166 1776 1233 vindicare
1805 1178 1838 1232 et
1867 1188 2000 1232 servare
2029 1168 2193 1252 integram

196 1255 285 1317 nium
310 1254 477 1334 habemus,
499 1276 599 1338 quum
616 1257 805 1320 nominatim
821 1257 984 1337 exprimat
1000 1254 1167 1320 Christum
1221 1253 1315 1331 velit,
1351 1276 1392 1317 ne
1425 1253 1492 1317 ulla
1524 1256 1559 1319 in
1590 1267 1681 1337 parte
1714 1254 1776 1337 ipsi
1810 1254 1992 1336 derogetur.
2048 1252 2193 1336 Insignis

195 1341 229 1404 in
253 1361 365 1404 earum
389 1341 494 1406 lucem
517 1339 714 1405 destinatum
734 1363 814 1406 osse.
856 1341 970 1407 Lucem
993 1360 1087 1424 porro
1110 1360 1168 1404 vo·
1221 1339 1325 1404 locus:
1360 1360 1423 1422 quo
1453 1339 1605 1404 docemur
1638 1340 1776 1424 gloriam
1803 1339 1867 1405 Dei
1890 1340 1923 1403 in
1954 1360 1992 1403 eo
2022 1341 2193 1423 praecipue

196 1437 257 1509 cat,
285 1424 368 1508 quod
393 1436 506 1509 gentes
536 1428 570 1490 in
601 1426 868 1509 profundissimas
898 1439 930 1491 et
960 1427 1168 1492 densissimas
1220 1426 1427 1506 conspicuam
1456 1448 1535 1503 esse,
1567 1426 1651 1508 quod
1683 1435 1825 1507 praestat
1853 1446 1891 1489 ea
1919 1446 2001 1508 quae
2031 1424 2193 1507 pollicitus

196 1511 349 1575 tenebras
384 1511 551 1576 demersae
591 1524 715 1589 essent,
757 1534 820 1595 quo
860 1519 1006 1594 ternpore
1039 1512 1169 1576 Iudaeis
1221 1522 1279 1575 est.
1315 1515 1425 1594 Atque
1447 1511 1525 1576 hinc
1547 1513 1699 1576 eximiam
1723 1511 1797 1575 fidei
1822 1524 1951 1577 nostrae
1971 1511 2192 1577 confirmatio·

196 1607 323 1660 tentum
344 1597 505 1662 Dominus
527 1597 744 1681 praelucebat.
785 1599 881 1663 Nunc
899 1600 1001 1682 igitur
1019 1598 1052 1661 in
1077 1598 1169 1661 nobis
1222 1616 1295 1659 nem
1319 1596 1486 1676 habemus,
1515 1599 1601 1680 quod
1624 1597 1785 1662 Dominus
1814 1617 1983 1678 nunquam
2011 1596 2103 1675 fallit,
2133 1617 2193 1662 nec

195 1682 399 1747 solummodo
421 1683 517 1766 culpa
545 1695 604 1760 est,
635 1684 696 1748 nisi
726 1684 840 1748 salutis
870 1683 966 1748 huius
995 1683 1168 1765 participes
1222 1682 1388 1762 promissis
1422 1682 1521 1759 deest,
1555 1704 1615 1747 nec
1649 1683 1716 1747 ulla
1748 1682 1873 1747 ratione
1905 1682 2054 1763 impediri
2087 1692 2193 1765 potest

196 1768 306 1833 simus.
352 1767 476 1833 Omnes
499 1769 587 1834 enim
616 1769 775 1852 homines,
804 1770 933 1834 nemine
958 1768 1097 1850 dempto,
1128 1769 1167 1832 ad
1222 1768 1305 1849 quod
1333 1768 1433 1833 semel
1463 1769 1642 1833 coustituit.
1686 1767 1851 1848 Quoniam
1874 1787 1951 1831 vero
1974 1768 2077 1832 Satan
2101 1768 2193 1832 miris

196 1861 357 1931 sevocat,
381 1854 596 1936 omnibusque
619 1855 789 1920 Christum
810 1854 959 1930 destinat,
984 1865 1019 1918 ut
1036 1855 1077 1918 ab
1099 1854 1168 1935 ipso
1222 1853 1347 1918 artibus
1370 1854 1455 1918 hano
1478 1854 1539 1917 Dei
1565 1854 1701 1938 gloriam
1730 1854 1913 1931 obscurare,
1945 1863 2043 1935 atque
2070 1852 2110 1917 ad
2133 1854 2194 1918 ho·

195 1939 427 2004 illuminemur.
477 1940 674 2022 Aperiamus
704 1941 797 2006 modo
827 1940 952 2016 oculos,
983 1941 1051 2023 ipse
1081 1939 1169 2004 solus
1222 1941 1327 2002 minas
1349 1951 1381 2004 et
1404 1940 1501 2004 falsos
1520 1941 1596 2004 deos
1618 1939 1797 2005 transferre
1816 1940 1939 2014 nititur,
1962 1939 2035 2002 ideo
2057 1948 2194 2004 testatur

196 2024 346 2090 tenebras
367 2024 528 2101 discutiet,
564 2038 753 2109 mentesque
776 2038 905 2090 nostras
927 2025 1075 2091 veritatis
1098 2025 1168 2089 luce
1222 2045 1256 2089 se
1280 2046 1345 2088 non
1368 2046 1539 2107 passurum
1564 2038 1599 2089 ut
1622 2047 1727 2090 vanus
1758 2034 1813 2089 aut
1834 2024 1935 2088 fallax
1964 2025 1997 2087 in
2027 2026 2193 2107 promissis

196 2110 381 2176 illustrabit.
1222 2109 1380 2175 videatur.
1426 2112 1608 2176 Antithesis
1632 2121 1741 2175 autem
1766 2113 1852 2174 inter
1874 2110 1982 2174 Deum
2007 2112 2138 2175 unicum
2162 2123 2194 2175 θῖ

281 2196 310 2259 t.
351 2194 409 2280 (Ut
441 2199 567 2278 aperias
599 2197 701 2262 oculos
732 2196 913 2281 caecorum.)
968 2196 1033 2260 Hic
1066 2196 1169 2260 fusius
1221 2196 1307 2260 idola
1340 2196 1380 2261 ad
1413 2197 1691 2262 circumstantiam
1730 2195 1885 2278 temporis
1919 2196 2076 2260 refertur:
2118 2197 2193 2279 quia

196 2291 330 2345 enarrat
351 2283 384 2345 in
409 2303 504 2365 quem
535 2285 632 2347 finem
657 2281 809 2348 Christus
832 2303 850 2345 a
873 2295 965 2365 patre
989 2282 1168 2346 mittendus
1221 2283 1285 2345 nisi
1301 2281 1393 2346 Deus
1409 2303 1540 2347 suorum
1560 2282 1673 2347 fuisset
1690 2282 1886 2362 redemptor,
1907 2282 2037 2365 gloriati
2054 2282 2195 2346 fuissent

196 2368 255 2432 sit:
279 2377 315 2429 ut
337 2368 412 2448 quid
436 2369 562 2434 fructus
585 2368 678 2434 nobis
700 2369 825 2448 afferat,
847 2378 879 2432 ct
901 2389 996 2451 quam
1021 2389 1167 2433 necessa·
1221 2367 1381 2431 increduli
1404 2389 1441 2434 ac
1463 2368 1490 2433 si
1512 2369 1611 2432 fallax
1633 2381 1666 2433 et
1688 2367 1795 2432 inanis
1824 2367 1940 2432 fuisset
1961 2388 2041 2432 vere
2071 2368 2192 2448 religio.

197 2455 280 2517 rium
304 2453 373 2518 eius
400 2453 581 2519 subsidium
612 2456 654 2518 sit
683 2454 798 2518 melius
828 2453 960 2537 liqueat.
1005 2453 1169 2518 Admonet
1221 2453 1327 2537 Negat
1350 2455 1450 2537 igitur
1471 2476 1506 2519 se
1529 2475 1701 2537 passurum
1724 2453 1826 2536 Deus,
1855 2465 1892 2516 ut
1914 2474 2068 2536 oppressa
2096 2454 2194 2518 accle-

197 2546 303 2602 autem
338 2550 472 2604 cunctos
504 2540 659 2604 mortales
692 2541 857 2605 caecitatis
891 2560 986 2623 snas,
1026 2550 1063 2603 ut
1095 2560 1165 2602 cam
1220 2539 1268 2602 sia
1292 2539 1473 2621 triumphos
1501 2553 1600 2622 agunt
1626 2540 1734 2622 impii:
1768 2539 1862 2604 sicuti
1893 2540 2027 2602 minime
2057 2539 2192 2603 dubium

196 2635 384 2706 agnoscant,
415 2627 441 2688 si
463 2625 642 2689 illuminari
666 2645 684 2687 a
707 2625 838 2690 Christo
863 2626 973 2689 velint.
1020 2626 1168 2707 Denique
1221 2637 1279 2697 est,
1304 2625 1409 2688 Deum
1442 2625 1598 2690 hactenus
1629 2627 1720 2690 nobis
1748 2624 1939 2708 pepercisse,
1971 2630 2003 2687 θῖ
2034 2633 2099 2688 tam
2130 2625 2192 2689 cle·

197 2707 257 2772 sub
286 2710 356 2773 istis
387 2710 585 2791 metaphoris
620 2711 761 2774 declarat
795 2711 899 2792 qualis
927 2712 969 2774 sit
998 2709 1167 2774 hominum
1220 2718 1349 2774 menter
1366 2709 1473 2774 adhuc
1491 2731 1587 2794 agere
1606 2709 1782 2784 nobiscum,
1807 2731 1848 2773 ne
1865 2709 2031 2793 sacrilegis
2049 2709 2191 2790 papista·

197 2793 348 2871 conditio,
378 2794 481 2859 donec
509 2795 574 2860 illis
602 2797 757 2879 affulgeat
784 2796 936 2860 Christus
966 2795 1167 2876 redemptor:
1220 2815 1294 2858 rum
1317 2795 1444 2875 probris
1463 2795 1669 2877 evangelium
1692 2816 1786 2859 suum
1811 2806 1963 2877 exponat.
2008 2795 2097 2859 Hinc
2119 2794 2191 2858 uni-

197 2879 398 2945 miserrimoe
422 2881 552 2961 scilicet,
575 2880 732 2945 bonorum
756 2882 901 2945 omnium
921 2902 1040 2945 vacuos
1062 2892 1096 2943 θῖ
1117 2880 1167 2944 in·
1221 2881 1356 2945 versalis
1378 2881 1525 2945 doctrina
1553 2880 1736 2964 colliganda
1758 2885 1824 2944 cst:
1854 2902 1980 2962 nempe,
2011 2880 2191 2944 Dominum

198 2986 292 3048 opes,
333 2969 562 3048 aerumnisque
594 2968 732 3031 infinitis
765 2977 873 3049 septos
906 2977 1003 3049 atque
1036 2967 1168 3031 obrutos
1221 2966 1305 3030 velle
1338 2966 1474 3048 gloriam
1509 2987 1602 3031 suam
1632 2966 1789 3031 illibatam
1819 2966 1880 3030 sibi
1915 2986 2056 3031 manare.
2107 2967 2191 3031 Elam

197 3050 400 3131 essedonas
423 3073 442 3116 a
465 3052 597 3119 Christo
620 3050 807 3117 liberentur.
853 3053 925 3117 Etsi
948 3063 1056 3117 autem
1081 3071 1166 3117 com·
1220 3052 1306 3116 euim
1341 3053 1460 3134 ubique
1503 3071 1631 3119 summa
1669 3053 1876 3117 contentione
1909 3052 2054 3117 vindicat
2094 3063 2192 3134 atque

196 3138 296 3219 pellat
325 3137 432 3218 ipsum
462 3137 641 3217 Christum,
676 3138 787 3203 fideles
814 3151 924 3202 tamen
957 3139 1097 3219 respicit,
1131 3147 1168 3200 ut
1220 3139 1353 3201 asserit:
1384 3152 1420 3202 ut
1441 3138 1578 3202 zelotem
1600 3160 1636 3202 se
1658 3138 1727 3201 cius
1760 3139 1954 3202 acerrimum
1984 3158 2055 3202 esse
2083 3146 2192 3202 osten·

197 3223 300 3286 sciant
322 3222 406 3305 quod
430 3224 492 3288 sibi
514 3224 710 3307 sperandum
735 3225 786 3300 sit,
818 3245 877 3289 nec
900 3224 1050 3288 dubitent
1073 3223 1167 3287 malis
1221 3223 1286 3298 dat,
1309 3244 1370 3288 nec
1393 3223 1562 3288 minimam
1592 3223 1662 3290 eius
1692 3233 1818 3307 partem
1849 3224 1912 3287 alio
1942 3223 2113 3287 transferri
2135 3244 2191 3307 pa-

197 3308 264 3371 euis
287 3307 436 3372 omnibus
459 3323 605 3390 paratum
630 3311 697 3374 fore
715 3309 904 3386 remedium,
927 3310 955 3373 si
978 3310 1048 3374 eius
1069 3308 1167 3373 fidem
1220 3310 1328 3373 tiatur.

196 3392 378 3475 implorent.
422 3394 492 3459 Neo
513 3398 600 3459 enim
628 3396 680 3461 hic
702 3395 834 3460 Christo
863 3395 1054 3477 praescribit
1075 3405 1168 3477 pater
1304 3394 1334 3458 9.
1358 3393 1514 3480 (Priora.)
1547 3395 1643 3459 Nunc
1663 3396 1697 3458 in
1716 3394 1906 3459 memoriam
1929 3404 2061 3458 revocat
2083 3394 2192 3476 priora

196 3479 429 3560 quid'acturus
452 3482 503 3563 sit,
533 3482 624 3563 quasi
648 3480 757 3547 doceri
780 3480 832 3545 vel
861 3481 1024 3545 mandatis
1047 3481 1166 3544 instrui
1220 3480 1384 3556 vaticinia,
1414 3502 1456 3544 ex
1478 3501 1615 3562 quorum
1645 3481 1882 3562 complemento
1907 3479 2005 3544 fidem
2028 3479 2064 3542 in
2086 3492 2192 3561 poste·

197 3565 266 3646 ipsc
289 3586 419 3630 necesse
442 3565 576 3631 habeat:
602 3567 755 3632 sedeam
779 3580 891 3631 nostra
914 3586 1011 3630 causa
1032 3566 1166 3647 alloqui·
1219 3586 1291 3630 rum
1326 3586 1452 3648 quoque
1485 3566 1547 3631 sibi
1580 3565 1761 3631 habendam
1797 3586 1867 3629 esse
1898 3563 2049 3629 ostendit.
2105 3564 2190 3629 Nam

196 3657 268 3733 tur,
292 3660 328 3714 ut
355 3672 508 3732 quorsum
540 3673 559 3716 a
588 3663 680 3735 patre
710 3655 828 3718 missus
856 3654 900 3716 sit
929 3651 1165 3730 intelligamus:
1219 3672 1303 3734 quac
1325 3652 1450 3732 reipsa
1468 3651 1594 3733 experti
1612 3672 1734 3725 sumus,
1757 3651 1897 3714 multum
1916 3650 1955 3713 ad
1975 3650 2191 3716 confirmatio·

197 3735 471 3818 quemadmodum
502 3737 599 3803 etiam
631 3738 761 3803 Psalmo
788 3737 929 3803 secundo
958 3736 1003 3821 (v.
1034 3737 1082 3822 7):
1117 3757 1166 3800 re·
1220 3758 1294 3801 nem
1319 3736 1427 3800 valore
1450 3737 1577 3801 debent.
1613 3736 1755 3801 Perinde
1777 3757 1854 3818 ergo
1877 3750 1926 3801 est
1948 3755 1985 3801 ac
2006 3736 2034 3800 si
2054 3733 2189 3802 diceret:

197 3821 334 3885 censebo
357 3822 539 3887 decretum:
569 3824 697 3906 postula
719 3843 738 3888 a
760 3846 823 3900 me,
851 3824 934 3888 dabo
962 3822 1019 3886 tibi
1043 3830 1165 3904 gentes.
1219 3823 1292 3906 Ego
1326 3824 1421 3885 toties
1453 3822 1606 3903 loquutus
1635 3843 1710 3886 sum
1737 3822 1885 3904 patribus
1914 3822 2042 3896 vestris,
2073 3842 2190 3905 meque

196 3905 352 3989 Dignitas
374 3909 460 3972 enim
481 3918 512 3995 et
536 3910 691 3974 autoritas
714 3909 837 3974 Christi
859 3909 927 3974 illic
951 3906 1165 3991 praedicatur,
1218 3910 1253 3973 in
1277 3907 1428 3972 omnibus
1450 3927 1600 3972 veracem
1624 3910 1700 3973 estis
1730 3906 1874 3991 experti:
1904 3907 1986 3971 mihi
2016 3918 2127 3970 tamen
2151 3907 2191 3973 de

197 4005 234 4055 ut
256 3992 397 4057 sciamus
419 4014 580 4059 summum
604 3996 634 4059 ei
656 4015 675 4057 a
697 4006 789 4078 patre
807 4014 995 4059 concessum
1018 4014 1087 4058 esse
1107 3994 1167 4055 im·
1219 3995 1338 4058 futuris
1359 3993 1459 4057 fidem
1483 3992 1601 4057 habere
1624 4013 1688 4057 non
1712 3994 1857 4076 potestis.
1902 3993 2118 4075 Experientia
2141 4016 2192 4059 re·

196 4080 334 4161 perium,
357 4098 422 4160 quo
446 4079 547 4143 tutius
570 4101 698 4146 omnem
729 4085 763 4144 in
786 4102 824 4145 eo
846 4101 937 4163 spem
961 4088 993 4143 et
1015 4078 1166 4144 fiduciam
1220 4101 1294 4144 rum
1318 4087 1563 4144 anteactarum
1588 4079 1670 4143 nihil
1695 4101 1751 4144 vos
1773 4087 1891 4155 movet,
1919 4099 2024 4161 neque
2053 4078 2093 4143 ad
2124 4101 2192 4145 me·

196 4164 349 4228 locemus.
1220 4167 1301 4231 liora
1323 4165 1445 4229 incitat.
1492 4165 1547 4231 Sic
1569 4166 1669 4249 igitur
1690 4163 1972 4230 commemoranda
1994 4175 2073 4228 sunt
2087 4165 2192 4231 ,bene-

282 4250 312 4314 8.
335 4248 577 4334 (aporrhoea.)
610 4249 698 4315 Hinc
720 4251 834 4335 colliga
852 4251 956 4333 qualis
977 4260 1008 4314 et
1026 4257 1167 4331 quantus
1220 4253 1292 4317 ficia
1316 4250 1387 4330 Dei,
1411 4250 1505 4314 utin
1527 4252 1727 4327 verbosius,
1757 4250 1883 4333 quoties
1912 4250 1947 4313 in
1969 4271 2026 4331 spe
2055 4249 2191 4316 abscon·

197 4336 239 4399 sit
260 4337 393 4401 morbus
415 4335 663 4411 incredulitatis,
698 4357 796 4418 quum
819 4337 852 4401 in
876 4357 913 4401 co
943 4334 1087 4401 curando
1110 4337 1168 4399 vix
1221 4339 1290 4402 dits
1322 4337 1401 4399 latet
1434 4337 1522 4401 salus
1556 4345 1680 4412 nostra,
1714 4345 1781 4400 toto
1815 4338 1900 4399 vitae
1932 4347 2062 4401 nostrae
2095 4358 2192 4403 cursu

198 4422 272 4485 ullis
294 4422 403 4486 verbis
426 4422 589 4486 Dominus
610 4422 671 4486 sibi
690 4421 874 4488 satisfacere
894 4426 1003 4504 possit.
1045 4420 1167 4486 Sumus
1221 4423 1462 4506 acquiescamus
1501 4433 1535 4486 st
1567 4424 1805 4487 confirmemur.
1860 4425 1909 4486 Ae
1943 4421 2097 4487 adverbio
2129 4443 2192 4489 ecce

197 4508 282 4570 enim
302 4506 341 4570 ad
361 4506 573 4571 diffidentiam
590 4507 685 4587 proni
702 4515 833 4572 natura:
858 4530 917 4573 noc
934 4507 1005 4572 Deo
1023 4507 1168 4590 loquenti
1220 4517 1376 4592 tanquam
1396 4508 1498 4591 digito
1521 4518 1693 4580 monstrat,
1715 4508 1804 4589 ipsos
1822 4508 2024 4589 experientia
2042 4506 2191 4573 didicisse

196 4591 295 4655 fidem
318 4592 482 4670 habemus,
508 4593 569 4658 nisi
588 4591 740 4657 duritiem
761 4604 905 4657 nostram
925 4595 1055 4675 penitus
1078 4592 1167 4656 evin·
1219 4595 1327 4658 Deum
1352 4614 1416 4658 non
1440 4614 1509 4658 esse
1532 4614 1665 4673 vanum,
1695 4614 1755 4659 nec
1776 4593 1899 4658 frustra
1928 4614 1986 4674 per
2015 4594 2191 4675 prophetas

197 4688 258 4744 cat.
313 4676 441 4741 Deinde
474 4678 611 4744 subinde
644 4678 679 4742 in
712 4679 798 4742 idem
833 4679 951 4743 vitium
992 4678 1167 4742 relabimur
1219 4681 1390 4762 loquutum
1414 4700 1500 4744 esse:
1531 4680 1606 4760 quia
1628 4679 1735 4761 palam
1758 4679 1855 4744 certis
1877 4678 2080 4743 documentis
2112 4684 2191 4743 nota

197 4773 309 4827 nostra
337 4762 479 4840 levitate,
513 4765 575 4829 nisi
604 4784 664 4828 nos
693 4764 840 4846 pluribus
868 4765 988 4829 fraenis
1017 4764 1166 4827 retineat.
1219 4777 1253 4830 θῖ
1275 4765 1411 4830 celebris
1434 4775 1506 4829 erat
1526 4764 1592 4828 Dei
1615 4767 1743 4830 veritas.

197 4848 320 4914 Iterum
343 4869 419 4932 ergo
448 4850 626 4913 revertitur
657 4848 697 4913 sd
725 4871 798 4914 eam
826 4850 1103 4914 confirmationem
1127 4847 1167 4912 de
1304 4850 1516 4936 (Antequam.)
1560 4851 1632 4916 Hac
1655 4861 1732 4915 nota
1754 4850 1908 4916 discernit
1930 4850 2039 4913 Deum
2062 4850 2102 4914 ab
2124 4849 2189 4914 ido-

198 4957 262 5020 qua
291 4934 382 5017 prius
411 4932 532 4998 dictum
561 4948 618 5011 eet,
655 4935 771 5018 nequid
805 4936 900 5000 fidem
936 4936 1069 5017 deroget
1101 4936 1167 4999 suis
1219 4937 1269 5016 lis,
1292 4937 1377 5020 quod
1401 4938 1514 5000 futura
1536 4937 1624 5001 solus
1646 4937 1716 5018 ipse
1744 4938 1838 5002 novit
1867 4957 1904 5002 ao
1934 4934 2102 5017 praedicit:
2135 4936 2191 5002 illu

197 5021 375 5104 promissis.
424 5033 481 5087 Νῖῆ
511 5020 674 5085 interdum
704 5023 831 5104 capitur
861 5021 1058 5086 substantivi
1087 5020 1167 5096 loco,
1219 5044 1298 5087 vero
1331 5023 1489 5088 nesciunt.
1543 5021 1639 5103 Quod
1672 5030 1780 5087 autem
1814 5042 1969 5103 responsa
2002 5021 2192 5105 plerumque

198 5116 236 5171 ut
256 5108 299 5171 sit
321 5127 439 5171 nomen
469 5106 638 5189 proprium
662 5107 734 5171 Dei.
778 5108 849 5191 Ego
872 5128 948 5171 vcro
977 5105 1168 5187 simpliciter
1220 5107 1296 5173 data
1318 5117 1396 5173 sunt
1418 5129 1436 5171 a
1460 5107 1522 5172 diis
1544 5110 1700 5192 gentium,
1729 5130 1767 5173 aa
1790 5104 1952 5172 aut'falsa
1981 5118 2037 5171 aut
2064 5108 2192 5173 fallacia

198 5213 335 5273 expono,
357 5195 462 5276 ipsum
486 5205 535 5256 est
558 5213 675 5257 nomen
698 5213 818 5272 meum,
848 5193 880 5256 id
904 5199 962 5271 est,
990 5191 1070 5254 mihi
1093 5211 1167 5272 pro·
1219 5193 1320 5258 fuisse
1343 5202 1421 5257 ante
1444 5193 1595 5271 vidimus,
1618 5194 1696 5275 quia
1718 5195 1857 5276 turpiter
1879 5211 1974 5274 saepe
1997 5193 2098 5258 delusi
2121 5195 2191 5259 fue·

197 5280 304 5362 prium
328 5288 386 5360 est,
409 5288 445 5343 ut
468 5279 559 5343 nefas
581 5279 625 5342 sit
647 5278 710 5342 alio
739 5280 918 5345 transferri.
962 5277 1004 5342 In
1031 5298 1167 5358 summa,
1219 5289 1297 5343 runt
1329 5281 1386 5364 qui
1419 5280 1459 5344 ab
1491 5280 1557 5345 illis
1589 5280 1790 5362 pendebant,
1819 5279 1913 5344 sicuti
1940 5277 2031 5361 digni
2060 5281 2192 5345 fuerunt

302 5380 411 5435 cusat
425 5396 521 5451 opera.
550 5381 609 5436 vor.
626 5379 786 5436 xxxvii.
1973 5381 1989 5435 5
