4784 5970
124 359 166 424 25
1000 355 1151 424 CAPUT
1173 354 1250 420 XL.
2082 362 2124 428 26

124 550 230 614 virtus
252 549 283 612 iu
307 548 358 612 sui
375 547 621 613 admirationem
645 549 759 632 rapiat.
793 547 861 613 Neo
879 547 913 611 iu
933 566 970 610 re
986 564 1099 628 super-

125 655 267 700 vaeanea
288 653 418 716 operam
449 634 627 700 consumit:
658 636 737 700 adeo
766 634 856 699 euim
884 631 971 698 tardi
1000 642 1099 713 atque

125 719 259 787 hebetes
281 741 402 799 sumus,
430 729 467 785 ut
497 718 634 784 subinde
663 740 724 786 uos
752 718 886 785 exaltari
915 729 1012 799 atque
1041 715 1100 781 sti·

124 806 244 871 mutari
266 817 423 888 oporteat.
457 805 615 871 Homines
633 805 776 887 qnotidie
794 803 919 870 eoelum
938 815 972 867 et
993 800 1100 866 sidera

124 900 281 958 cernunt:
297 891 354 955 sed
370 892 626 974 quotusquisque
641 893 763 975 eogitat
779 891 818 955 de
834 910 947 955 eorum
963 885 1098 954 autore?

126 978 183 1044 Sio
205 978 354 1043 hemines
377 990 496 1042 natura
518 976 647 1041 formati
674 987 762 1052 suut,
792 987 830 1041 ut
851 997 907 1041 eos
929 974 970 1040 ad
992 973 1097 1041 ooelo·

125 1085 198 1129 rum
226 1062 545 1146 oontemplationem,
575 1085 616 1128 ex
643 1083 708 1144 qua
735 1072 880 1128 autorem
909 1069 1098 1144 agnosoant,

125 1161 218 1214 natos
241 1170 312 1215 esse
334 1154 501 1232 appareat.
538 1148 624 1213 Nam
646 1169 746 1231 quum
770 1148 896 1230 reliqua
918 1145 1097 1211 animantia

125 1236 216 1300 Deus
239 1234 393 1300 abieoerit
415 1235 454 1297 ad
477 1242 619 1318 pastum,
649 1235 753 1299 solum
785 1232 951 1298 hominem
981 1231 1096 1307 erexit,

125 1332 221 1404 atque
243 1321 284 1385 ad
306 1321 358 1386 sui
387 1320 480 1403 quasi
509 1318 664 1384 domiuilii
691 1329 900 1402 eonspeotum
931 1316 1097 1382 exeitavit.

124 1406 220 1488 Quod
242 1407 340 1471 etiam
364 1406 530 1488 praeelare
552 1416 688 1488 aposta
711 1404 910 1487 desoriptum
933 1413 997 1469 est:

220 1545 364 1614 Pronaque
383 1561 464 1614 quum
484 1549 609 1613 speoteut
626 1543 753 1596 animalia
770 1546 877 1596 eaetera
894 1545 1004 1606 terram,

219 1614 257 1668 Os
276 1614 379 1667 homini
397 1613 512 1666 sublime
531 1612 615 1678 dedit,
633 1613 790 1681 eoelnmqne
808 1610 903 1663 ridere

128 1716 134 1727 ·
218 1683 309 1751 Iussit,
329 1688 357 1735 et
375 1693 479 1735 erectos
497 1681 531 1733 ad
550 1681 641 1734 sidera
659 1681 755 1734 tollere
774 1680 870 1733 vultus.
879 1678 901 1747 ¹)

124 1802 278 1870 Ostendit
301 1823 379 1887 ergo
401 1803 560 1886 propheta
582 1801 753 1866 hominum
771 1799 1020 1883 malignitatem,
1044 1799 1098 1880 qui

123 1911 192 1953 non
214 1900 397 1971 agnoscunt
419 1888 459 1952 de
482 1887 553 1951 Deo
576 1889 662 1969 quod
691 1887 799 1970 palam
830 1887 974 1968 ipsorum
997 1884 1099 1949 oeulis

89 1974 95 1989 ’
123 1976 284 2051 obiioitur,
318 1975 375 2040 sed
405 1974 565 2056 pecudum
594 1976 699 2036 instar
731 1985 875 2037 rostrum
910 1973 943 2034 in
977 1978 1098 2034 terram

123 2061 286 2144 defigunt:
310 2062 385 2142 quia
406 2061 479 2125 fieri
502 2081 566 2123 non
590 2070 698 2141 potest
719 2057 848 2141 quoties
870 2076 1000 2122 sursum
1023 2076 1097 2122 oeu-

123 2147 173 2211 los
208 2144 354 2212 tollimus
386 2166 460 2209 eum
494 2145 604 2225 aliqua
637 2144 832 2221 attentione,
870 2142 950 2225 quin
984 2162 1098 2206 sensus

123 2241 252 2296 nostros
284 2232 378 2296 feriat
408 2229 471 2293 Dei
503 2233 664 2294 maiestas.
709 2230 755 2293 Et
782 2228 895 2294 stellas
924 2229 1098 2291 nominans

123 2319 243 2383 elarius
265 2317 422 2400 exprimit
442 2316 617 2381 mirifioum
640 2314 799 2392 ordinem,
823 2315 878 2396 qui
902 2312 1042 2394 rel'ulget
1063 2314 1097 2375 in

123 2404 288 2470 coelorum
319 2413 462 2484 aspeetu,
493 2401 580 2467 elare
610 2401 733 2464 dictare
764 2422 866 2465 unum
897 2420 967 2463 esse
989 2397 1097 2462 Deum

123 2502 155 2553 et
178 2501 357 2555 ereatorem
381 2487 513 2551 mundi:
542 2487 636 2569 idque
659 2487 756 2550 fateri
779 2498 936 2569 eogentur
965 2485 1098 2566 quisun-

122 2576 242 2657 quein
270 2586 362 2638 tanta
391 2574 482 2654 eopia
513 2583 546 2637 et
568 2576 726 2637 verietate
757 2572 901 2638 siderum
932 2581 999 2634 tam
1035 2570 1099 2634 dis·

124 2663 260 2725 tiuotum
285 2661 433 2724 ordinem
464 2672 498 2722 et
526 2679 655 2724 sursum
687 2672 752 2720 tam
785 2657 865 2722 bene
894 2656 1098 2720 moderatum

123 2748 292 2811 notabunt.
337 2746 406 2808 Nee
429 2745 517 2807 enim
541 2745 674 2807 fortuito
698 2742 810 2807 stellae
833 2742 982 2825 singulae
1005 2760 1099 2804 suam

124 2833 231 2896 sedem
254 2842 463 2912 ooouparunt,
498 2851 557 2893 neo
587 2842 708 2893 temere
741 2830 775 2891 iu
810 2839 900 2891 tanta
932 2827 1100 2892 eeleritate

122 2917 305 3000 aequabiles
328 2924 442 2980 tonent
471 2936 682 2998 progressus:
717 2923 814 2995 atque
846 2914 943 2977 etiam
980 2913 1014 2975 in
1050 2910 1098 2974 di·

122 3006 226 3068 versis
248 3004 410 3067 erroribus
433 3002 473 3065 ad
496 3012 617 3066 reetam
647 3001 769 3063 lineam
796 2997 961 3072 incedunt,
992 3006 1029 3061 ιιι
1056 3017 1099 3060 ue

122 3091 258 3154 minimo
293 3088 424 3171 quidem
458 3096 582 3171 punoto
613 3087 788 3150 defleotant
816 3106 834 3148 a
859 3086 912 3149 via
941 3083 1098 3147 divinitus

122 3177 183 3240 sibi
206 3176 415 3258 praesoripta.
460 3173 575 3255 Itaque
603 3171 761 3236 mirabilis
789 3190 901 3235 earum
930 3168 1096 3250 dispositio

123 3262 230 3325 Deum
261 3274 407 3325 autorem
439 3270 536 3340 atque
566 3258 712 3341 opifioem
744 3258 896 3331 ostendit,
925 3264 961 3318 nt
987 3255 1097 3320 oeulos

122 3347 249 3430 aperire
272 3354 437 3426 nequeant
460 3343 617 3422 homines,
648 3344 726 3426 quin
749 3342 812 3407 Dei
836 3346 1039 3405 maiestatem
1060 3346 1096 3402 in

123 3433 193 3497 eius
214 3431 367 3514 operibus
389 3431 509 3494 intueri
533 3440 702 3513 nugentur.

207 3535 398 3622 (Productus
421 3534 464 3599 ad
480 3552 646 3597 eameram
663 3531 829 3596 etardum
845 3527 974 3613 eorum)
1009 3528 1096 3592 Mili·

122 3623 186 3688 tiae
216 3621 349 3686 nomine
379 3619 442 3684 duo
475 3616 738 3699 comprehendit:
772 3635 889 3696 nempe
924 3634 1097 3678 numerum

123 3729 222 3791 prope
245 3707 430 3772 infinitum:
458 3705 573 3768 deinde
596 3701 819 3767 admirabilem
844 3699 1097 3781 dispositionem.

122 3795 191 3859 Neo
219 3793 306 3857 enim
336 3793 430 3872 pauoi
457 3789 604 3855 homines
634 3789 814 3853 exereitum
844 3785 1029 3863 ooufioiunt,
1061 3805 1098 3849 ao

122 3899 165 3943 ne
195 3876 365 3942 mediocris
394 3875 523 3958 quidem
553 3895 719 3948 numerus,
754 3873 818 3938 nisi
851 3871 961 3935 adsint
989 3869 1099 3934 multi·

122 3965 223 4049 plioes
250 3963 370 4043 eopiae.
420 3960 547 4026 Deinde
581 3981 646 4024 uon
677 3960 795 4024 dieitur
821 3958 992 4032 exereitus,
1022 3976 1097 4021 oum

124 4051 274 4115 homines
296 4060 418 4112 temere
439 4067 476 4112 ao
498 4048 568 4110 sine
591 4046 716 4110 deleotu
744 4047 831 4109 inter
853 4065 888 4109 se
910 4041 1097 4126 oonglome·

123 4138 186 4201 rati
209 4137 388 4200 miscentur
417 4144 475 4195 aut
503 4137 669 4214 vagantur
697 4130 844 4211 dispersi,
872 4128 928 4194 sed
959 4129 1014 4194 ubi
1041 4127 1097 4192 de·

124 4225 304 4297 curionum,
339 4217 577 4292 uenturionum,
610 4217 865 4282 millenariorum
897 4214 1098 4297 aliorumque

124 4309 242 4375 dueum
261 4306 391 4372 ordines
410 4303 588 4377 eonstituti,
613 4304 668 4368 ubi
687 4312 774 4368 oerto
792 4302 911 4367 iudioio
930 4301 1098 4365 ordinatae

124 4398 209 4458 soles
231 4413 268 4458 ao
291 4391 481 4473 dispositae:
505 4390 552 4453 ita
574 4389 702 4452 mirifiai
723 4388 891 4453 stellarum
911 4386 1043 4450 ordines
1066 4393 1099 4449 et

125 4479 205 4543 certi
221 4499 333 4542 oureus
348 4476 465 4540 merito
480 4475 644 4540 exereitus
658 4475 720 4538 diei
735 4485 880 4555 possunt.
906 4473 970 4537 Per
987 4492 1096 4538 votem

125 4564 254 4629 numeri
282 4561 445 4646 signifieat
467 4560 577 4625 Deum
600 4580 728 4642 semper
757 4559 798 4622 ad
821 4578 954 4622 manum
977 4556 1098 4622 habere

130 4837 136 4849 .
212 4767 234 4835 ¹)
256 4765 333 4819 Ovid.
354 4765 417 4819 Met.
436 4766 458 4819 1.
477 4763 512 4818 84
535 4763 632 4818 Editio
654 4761 757 4831 pallida
776 4762 916 4830 posterior
935 4762 985 4817 itae
1003 4776 1099 4816 utrm

123 4852 189 4906 epea
207 4841 389 4904 uatapoppot:

297 4938 334 4989 st
351 4937 521 4990 neantmoins
539 4953 591 5007 qne
609 4942 670 4990 tout
688 4942 764 4988 autre
782 4936 880 4988 animal

296 5007 368 5059 lette
386 5006 522 5059 tousionrs
539 5023 588 5060 aon
607 5005 704 5074 regard
723 5004 855 5072 prinoipal

296 5075 435 5127 Itlnoontre
454 5073 510 5138 bas,
528 5075 598 5128 Dien
616 5075 633 5128 a
650 5073 774 5126 l'homme
792 5089 808 5124 a
825 5072 913 5125 donne

296 5143 410 5210 Lassae
429 5142 519 5201 haute,
538 5151 566 5196 et
583 5144 629 5212 luy
648 5160 665 5195 a
682 5139 802 5195 ordonue

297 5213 336 5264 De
355 5212 482 5281 regarder
501 5211 669 5265 l’exoellenoe
687 5211 735 5265 des
752 5209 837 5271 oienx,

296 5282 333 5334 Et
351 5281 481 5334 d’eslever
499 5296 552 5334 aux
570 5281 689 5334 estoilles
707 5296 751 5332 aes
769 5294 848 5347 yeux.

1151 544 1241 610 huno
1258 546 1446 611 exereitum.
1487 544 1612 610 Milites
1630 546 1664 612 in
1679 549 1824 614 exereitu
1843 548 1957 634 vagari
1976 562 2123 632 possunt,

1152 651 1212 696 neo
1233 632 1345 696 statim
1367 632 1552 716 imperator,
1575 632 1702 697 etiamsi
1722 634 1803 700 tuba
1820 634 1960 719 olangat,
1983 656 2037 700 eos
2059 635 2124 701 ool·

1151 716 1241 800 liget,
1274 729 1372 800 atque
1395 719 1428 782 in
1451 717 1598 783 ordinem
1628 718 1698 784 redi
1722 728 1770 784 et:
1800 719 1856 784 sed
1885 722 1950 785 elia
1978 722 2060 785 ratio
2090 723 2124 786 iu

1150 801 1222 900 Deo
1238 811 1297 902 est.
1330 802 1469 887 Semper
1485 805 1517 868 in
1533 814 1686 887 promptu
1700 741 1801 871 {abet
1815 806 1995 872 exereitum
2011 825 2123 871 suum:

1150 887 1304 1038 rdqnehrp
1316 910 1513 1039 dnumerum,
1536 888 1597 957 hoo
1615 901 1674 968 est,
1697 892 1732 956 in
1754 902 1926 957 numerato
1947 892 2055 970 habet,
2079 893 2125 958 ita

1151 984 1188 1037 ut
1210 996 1242 1038 nr
1270 975 1281 1037 i
1338 975 1408 1040 esit.

1237 1059 1407 1142 (Omnibus
1429 1059 1636 1146 acclamabit.)
1678 1060 1801 1127 Psalm.
1826 1062 1886 1126 147
1909 1061 1953 1146 (v.
1977 1061 2011 1148 4)
2038 1063 2125 1130 idem

1151 1144 1299 1223 habetur,
1318 1146 1496 1229 eodemque
1518 1167 1626 1212 sensu.
1665 1146 1808 1228 Quidam
1828 1160 1997 1231 exponunt
2015 1149 2124 1215 Deum

1151 1230 1320 1296 stellarum
1342 1253 1512 1296 numerum
1532 1242 1653 1310 tenere,
1697 1233 1730 1297 ui
1750 1233 1842 1297 uobis
1859 1242 1909 1298 est
1927 1234 2125 1318 inoognitus.

1150 1317 1277 1382 Verum
1299 1317 1386 1382 aliud
1409 1318 1470 1383 sibi
1493 1318 1602 1383 David
1626 1329 1658 1383 et
1675 1253 1783 1384 desim
1805 1318 1991 1403 voluerunt,
2015 1319 2122 1386 Deum

1151 1403 1275 1469 seilioet
1305 1403 1465 1468 sideribus
1495 1403 1543 1467 uti
1573 1424 1632 1485 pro
1662 1403 1795 1468 arbitrio
1824 1424 1900 1469 suo:
1932 1425 1969 1469 ao
1998 1406 2025 1469 si
2054 1408 2125 1489 quis

1152 1508 1249 1554 servo
1267 1508 1325 1553 suo
1345 1491 1519 1572 imperaret
1537 1489 1731 1554 nominatim
1748 1489 1856 1572 ipsum
1875 1490 1916 1555 ad
1934 1513 1969 1556 se
1988 1511 2123 1557 vooans:

1151 1586 1189 1638 ιιι
1210 1584 1321 1657 postea
1343 1574 1429 1639 idem
1448 1595 1576 1657 quoque
1594 1573 1634 1639 de
1653 1572 1741 1658 Cyro
1760 1572 1894 1654 dioetur,
1916 1577 2009 1642 ouius
2027 1598 2125 1660 opera

1151 1670 1185 1724 et
1207 1661 1387 1724 ministerio
1410 1660 1443 1724 in
1463 1659 1630 1725 liberando
1647 1660 1767 1743 populo
1784 1682 1844 1725 eno
1862 1660 2025 1727 Dominus
2048 1684 2125 1728 usus

1151 1754 1211 1811 est.
1241 1744 1394 1827 Denique
1413 1756 1546 1811 notatur
1563 1766 1691 1810 summa
1709 1745 1856 1812 dooilitas
1874 1755 1907 1812 et
1925 1747 2124 1830 obsequium,

1151 1832 1206 1897 ubi
1229 1833 1284 1914 qui
1306 1837 1446 1896 vooatur
1467 1832 1579 1896 stetim
1602 1830 1643 1896 ad
1666 1853 1785 1896 nomen
1807 1831 1992 1914 respondet.

1236 1917 1282 2001 (A
1303 1915 1544 2001 moenitadine.)
1588 1915 1655 1997 Qui
1677 1919 1844 2000 superiore
1866 1918 1935 1983 looo
1953 1929 2122 2003 exponunt

1151 2004 1332 2068 Dominum
1356 2002 1523 2066 stellarum
1547 2023 1720 2067 numerum
1744 2012 1864 2081 tenere,
1887 2005 1921 2067 in
1945 2005 2006 2070 hoo
2023 2006 2122 2071 etiam

1151 2099 1271 2165 emant,
1306 2087 1392 2170 quod
1426 2099 1543 2168 putant
1576 2090 1622 2152 sio
1656 2090 1788 2153 nomina
1818 2090 1857 2153 iis
1886 2089 2056 2167 indidisse,
2090 2101 2127 2156 ut

1151 2175 1220 2239 vim
1250 2183 1346 2257 atque
1376 2172 1519 2238 offioium
1549 2173 1692 2257 ipsarum
1726 2175 1934 2257 exprimeret.
1979 2176 2045 2241 Alii
2068 2198 2125 2241 ex·

1153 2275 1276 2343 ponunt
1305 2259 1429 2323 nnllam
1458 2258 1587 2324 stellam
1617 2262 1650 2324 vi
1680 2269 1714 2323 et
1736 2260 1879 2326 effioaoia
1900 2282 1959 2327 sua
1981 2263 2125 2340 destitui,

1151 2345 1238 2427 quod
1261 2344 1424 2410 Dominus
1453 2365 1526 2408 eam
1555 2346 1634 2426 ipsis
1662 2344 1827 2425 indiderit,
1857 2367 1940 2428 quae
1968 2358 2126 2431 perpetua

1152 2434 1243 2498 soret.
1288 2431 1356 2495 Alii
1385 2451 1464 2495 veru
1492 2431 1695 2514 coniungunt
1719 2432 1797 2497 haee
1819 2453 1894 2496 oum
1918 2435 2016 2498 verbo
2038 2448 2125 2522 tttpt,

1152 2540 1189 2584 ao
1219 2519 1246 2581 ei
1269 2515 1400 2595 diceret,
1432 2516 1523 2580 Adeo
1545 2528 1659 2599 potens
1681 2525 1732 2582 est
1754 2518 1924 2597 Dominus,
1955 2528 1992 2583 ut
2013 2520 2126 2584 stellae

1152 2625 1265 2667 omnes
1298 2603 1401 2684 ipsius
1435 2603 1523 2667 iussa
1552 2601 1738 2666 exaudiant.
1789 2606 1896 2684 Atque
1925 2602 1978 2668 hio
2010 2626 2124 2670 sensns

1152 2689 1259 2772 aptior
1288 2689 1369 2752 mihi
1397 2688 1542 2752 videtur:
1578 2707 1708 2770 nempe,
1742 2686 1850 2752 Deum
1883 2690 1928 2752 ita
1958 2696 2124 2771 potentem

1152 2796 1232 2854 esse,
1255 2784 1291 2837 ut
1312 2773 1408 2838 simul
1432 2783 1529 2854 atque
1552 2772 1674 2854 aliquid
1697 2775 1874 2852 mandavit,
1905 2795 2017 2839 omnes
2039 2773 2124 2839 side·

1153 2881 1226 2923 rum
1255 2860 1418 2924 exereitus
1452 2869 1581 2941 praesto
1602 2859 1669 2922 sint
1692 2857 1730 2922 ad
1755 2859 1952 2940 obsequium.
1996 2859 2037 2924 In
2060 2880 2124 2942 quo

1152 2967 1217 3010 non
1243 2946 1377 3028 vulgare
1396 2945 1561 3028 potentiae
1579 2944 1681 3026 ipsius
1699 2943 1933 3009 doeumentum
1951 2944 2124 3012 habemus:

1151 3052 1252 3114 quum
1283 3031 1503 3095 nobilissimae
1525 3039 1693 3094 creaturae
1716 3029 1790 3093 illae
1811 3032 1881 3094 sine
1903 3033 2125 3097 controversia

1150 3140 1221 3183 sese
1237 3115 1284 3181 illi
1300 3116 1487 3193 subiioiunt,
1507 3124 1538 3179 et
1556 3115 1645 3181 iussa
1662 3115 1732 3179 eius
1750 3116 1947 3198 oapessendo
1963 3125 2125 3183 testantur

1151 3225 1185 3268 se
1208 3213 1355 3268 autorem
1379 3223 1474 3268 suum
1496 3221 1680 3284 agnosuere.
1713 3200 1841 3266 Nomen
1863 3215 1938 3282 qap,
1961 3224 2028 3267 non
2051 3212 2124 3268 tan·

1151 3301 1222 3354 tum
1247 3290 1325 3354 viris
1348 3299 1380 3352 et
1403 3287 1603 3364 mulieribus,
1626 3287 1683 3351 sed
1706 3284 1778 3352 aliis
1800 3307 1931 3370 quoque
1950 3290 2125 3354 animanti·

1151 3376 1221 3452 bus,
1245 3390 1342 3456 atque
1364 3375 1464 3438 etiam
1487 3373 1675 3437 inanimatis
1697 3374 1737 3438 ab
1761 3372 1921 3439 Hebraeis
1943 3395 2123 3440 aooommo·

1151 3462 1262 3525 datur:
1304 3457 1574 3542 quemadmodum
1616 3460 1707 3540 prius
1740 3477 1808 3541 oep.
1843 3459 1900 3533 34,
1941 3480 2043 3541 quum
2084 3461 2124 3524 de

1150 3547 1265 3612 avibus
1293 3544 1440 3629 loquens,
1471 3564 1554 3625 quae
1581 3544 1771 3627 magnificas
1800 3542 1873 3609 illas
1894 3544 2008 3609 domos
2029 3565 2123 3610 ooou-

1151 3643 1286 3715 paturae
1315 3640 1418 3709 erant,
1449 3629 1572 3694 nullam
1602 3629 1710 3694 delore
1739 3628 1869 3705 diaeret,
1900 3628 1962 3694 hae
1984 3629 2124 3697 diotioue

1149 3732 1214 3785 utet
1247 3738 1328 3782 usus
1359 3726 1417 3781 est.
1473 3714 1539 3779 Hie
1574 3715 1666 3780 nobis
1699 3714 1945 3780 sommendatur
1978 3717 2124 3797 potentia

1150 3802 1231 3877 Dei,
1262 3815 1298 3866 ut
1330 3803 1472 3867 sciamus
1507 3797 1589 3864 nihil
1620 3809 1678 3865 aut
1705 3802 1739 3865 in
1768 3801 1856 3866 ooelo
1885 3815 1944 3866 aut
1972 3802 2006 3865 in
2036 3811 2125 3867 terra

1150 3911 1220 3955 esse
1254 3888 1340 3970 quod
1374 3887 1413 3952 ab
1444 3888 1514 3950 eius
1543 3894 1625 3950 uutu
1653 3895 1687 3950 et
1716 3887 1851 3952 arbitrio
1882 3906 1948 3951 non
1972 3887 2123 3969 pendeat.

1150 3975 1242 4039 Nihil
1284 3994 1363 4058 ergo
1403 3974 1507 4056 magis
1547 3991 1738 4053 perversum
1776 3980 1834 4036 aut
1867 3983 2123 4055 praeposterum,

1150 4082 1247 4144 quam
1270 4061 1297 4124 si
1320 4079 1394 4124 oum
1416 4057 1521 4136 idolis,
1544 4056 1660 4140 quibus
1678 4057 1763 4122 nihil
1783 4058 1899 4123 vanius
1917 4077 1987 4123 esse
2005 4068 2124 4142 potest,

1150 4154 1364 4228 comparetur.

1235 4232 1287 4295 27.
1310 4229 1431 4316 (Quare
1459 4227 1565 4314 dices.)
1608 4230 1704 4296 Nune
1734 4229 1784 4293 vel
1817 4249 1890 4294 oum
1912 4228 2043 4294 Iudaeis
2066 4250 2123 4293 ex·

1150 4318 1292 4401 postulat
1324 4315 1499 4399 propheta,
1534 4316 1618 4397 quod
1652 4334 1755 4398 paene
1787 4314 2011 4397 desperatione
2043 4315 2124 4382 vieti

1150 4414 1269 4480 essent,
1294 4425 1353 4468 neo
1375 4401 1583 4466 intenderent
1606 4401 1639 4466 in
1663 4400 1895 4482 promissiones
1913 4400 1985 4482 Dei,
2008 4400 2124 4482 quibus

1150 4491 1275 4554 animos
1298 4508 1375 4554 suos
1398 4496 1582 4552 sustentare
1601 4486 1804 4552 debuissent:
1827 4486 1882 4551 vel
1900 4488 1935 4550 iu
1953 4496 2121 4568 posterum

1150 4576 1309 4651 consulit,
1344 4595 1386 4638 ne
1419 4572 1494 4639 ullis
1523 4572 1702 4654 quamlibet
1731 4572 1897 4637 dinturnis
1926 4571 2020 4637 malis
2051 4594 2122 4638 suo·

1150 4662 1314 4726 oumbant.
1360 4658 1471 4722 Verba
1500 4669 1576 4723 suut
1596 4658 1701 4722 futuri
1725 4658 1890 4741 temporis,
1919 4678 2001 4741 quae
2024 4658 2122 4722 etiam

1151 4747 1268 4812 resolvi
1302 4755 1441 4829 possunt
1473 4745 1508 4807 in
1541 4743 1674 4809 modum
1707 4743 1970 4809 subiunutivum:
2012 4740 2122 4822 Quare

1151 4831 1296 4898 diaetas?
1327 4831 1444 4895 merito
1471 4829 1561 4894 euim
1586 4851 1629 4896 ex
1655 4830 1806 4914 proxime
1833 4828 1999 4894 sententia
2020 4826 2124 4893 inlert

1150 4918 1269 4991 Isaiae,
1303 4915 1460 4999 quidquid
1494 4915 1648 4982 aooiderit
1678 4918 1838 4999 patienter
1866 4912 2123 4996 exspectandum

1150 5024 1221 5069 esse
1254 5003 1363 5066 Deum
1397 5000 1437 5065 ab
1470 5001 1572 5066 eleeto
1603 5002 1736 5085 populo,
1776 5001 1877 5066 donee
1910 4999 1944 5064 in
1977 5009 2123 5084 tempore

1151 5099 1330 5155 suoourrat.
1374 5087 1602 5152 Ratiooiuatur
1631 5088 1719 5152 enim
1747 5108 1767 5152 a
1794 5086 1913 5151 minori
1943 5085 1984 5151 ad
2007 5087 2122 5163 maius,

1151 5195 1249 5257 quum
1283 5173 1431 5255 singulas
1462 5173 1577 5237 mundi
1611 5182 1719 5256 partes
1747 5173 1913 5238 contineat
1942 5172 2034 5236 Deus
2064 5193 2123 5236 suo

1101 5314 1104 5320 .
1150 5260 1295 5342 imperio,
1325 5260 1397 5324 fieri
1420 5279 1485 5324 non
1509 5279 1603 5342 posse
1626 5268 1662 5324 ut
1679 5259 1846 5326 eeclesiam
1869 5278 1964 5324 suam
1986 5258 2122 5323 deserat.
