4784 5970
189 378 251 443 143
1059 370 1110 438 IN
1131 368 1298 439 Iselsrt
2128 367 2190 433 144

188 563 345 647 Quisquis
366 563 453 627 enirn
475 561 637 646 intelliget
658 558 776 634 Deum,
803 577 906 641 quum
927 564 1077 625 servetur
1099 565 1158 637 set,
1210 557 1296 642 quod
1318 558 1458 624 informe
1490 567 1524 624 et
1550 578 1692 625 vanuum
1721 557 1749 624 si
1797 558 1899 624 ilieat:
1933 556 2056 625 solutio
2086 555 2190 624 faoil'n

188 671 259 717 osse
292 647 533 728 absoonditnm,
566 667 629 713 non
659 643 831 710 mirabitur
857 644 975 727 impios
1003 663 1159 727 prospero
1210 654 1269 709 est.
1309 643 1378 710 Neo
1399 642 1542 793 lossuitur
1564 642 1724 728 propheta
1767 644 1901 710 einitio
1919 641 2109 721 oreationis,
2133 643 2189 709 sed

188 756 297 801 rerum
319 742 407 800 statu
430 734 503 811 frui,
526 732 598 815 pios
620 750 699 795 vero
720 728 861 795 abientes
879 749 949 794 esse
964 737 998 795 st
1014 730 1158 807 miseros,
1210 727 1251 794 de
1272 728 1406 795 oonsilio
1463 730 1492 795 ei
1513 751 1576 814 quo
1597 740 1688 796 terra
1708 730 1744 795 in
1765 750 1862 796 usum
1887 740 1921 796 et
1949 728 2188 795 habitationem

188 820 353 903 variisque
385 819 552 885 aerumnis
581 816 733 883 exereeri.
779 813 835 881 Sin
858 815 1018 880 Dominus
1046 813 1161 898 probat
1211 813 1379 879 hominum
1401 814 1563 880 destinata
1585 826 1644 881 est.
1677 815 1770 882 Nihil
1791 815 1894 900 igitur
1911 815 1964 882 ute
1982 815 2187 881 eontrarium

186 906 285 972 fidem
308 914 341 970 ιι
363 906 550 988 patientiam
569 912 730 969 nostram:
752 920 813 966 neo
830 899 1009 982 quidquam
1026 900 1158 964 interim
1211 911 1262 964 ιιι
1282 900 1323 965 iis
1344 920 1429 982 quae
1446 920 1466 965 a
1484 902 1576 968 Mose
1595 902 1765 968 dieantur:
1788 902 1941 985 qnoniam
1959 899 2068 967 isaias
2085 900 2186 965 finem

187 991 281 1057 nobis
303 989 427 1073 deperit
449 990 489 1056 de
510 996 643 1054 aeterna
665 985 785 1052 salute:
815 985 949 1051 tandem
973 1007 1050 1051 vero
1073 985 1158 1069 peri·
1211 995 1244 1049 et
1266 1006 1362 1051 usum
1385 995 1519 1069 speotat.
1564 985 1660 1069 Quod
1693 1006 1772 1053 vero
1798 988 1960 1070 seqnitur,
1991 987 2038 1053 ud
2064 984 2186 1052 &thobi-

188 1078 272 1142 bunt
303 1077 359 1160 qni
391 1097 479 1141 nune
512 1074 665 1140 videntur
704 1070 788 1139 salvi
826 1073 947 1137 senties
985 1093 1023 1138 ιι
1063 1071 1157 1137 beati.
1210 1071 1348 1150 madum,
1371 1071 1451 1138 haee
1473 1071 1605 1155 quidem
1627 1073 1794 1138 sententia
1815 1071 2003 1138 extenditur
2025 1071 2070 1136 ad
2091 1092 2185 1137 omne

190 1162 357 1245 Quidquid
381 1183 469 1228 nuno
492 1161 566 1227 boni
588 1159 746 1236 obtinent,
775 1158 810 1222 in
832 1157 965 1241 gravius
988 1157 1067 1241 ipsis
1089 1155 1159 1221 exi·
1210 1177 1315 1241 genus
1338 1157 1527 1223 humanum.
1571 1157 1655 1224 Nam
1676 1158 1827 1224 omnibns
1849 1167 1937 1224 terra
1964 1157 2007 1222 ad
2037 1155 2184 1223 habitan·

189 1252 271 1312 tium
292 1245 400 1314 oedet:
423 1246 498 1330 qnia
520 1245 687 1311 benefieiis
704 1243 768 1307 Dei
789 1240 978 1320 abutuntur,
1001 1252 1100 1325 atque
1121 1252 1159 1307 ut
1211 1242 1289 1307 dum
1313 1241 1476 1308 destinata
1496 1253 1555 1308 est.
1593 1242 1691 1310 Unde
1711 1244 1799 1310 enirn
1820 1245 1858 1308 fit
1879 1254 1918 1309 ut
1938 1242 2108 1310 Dominus
2129 1263 2184 1308 noe

188 1332 369 1417 praedones
386 1332 422 1397 in
445 1331 551 1397 aliena
573 1330 752 1395 invadunt:
776 1328 874 1393 etiam
896 1329 926 1394 si
943 1329 1065 1411 optimo
1087 1328 1159 1393 iure
1212 1328 1287 1404 alat,
1310 1330 1482 1412 omniaque
1503 1331 1684 1395 neeessaria
1712 1328 1916 1413 suppeditet,
1944 1329 2065 1411 impios
2085 1331 2184 1394 etiarn

188 1419 250 1484 sibi
283 1416 458 1484 videantur
492 1417 602 1483 omnia
635 1413 809 1499 possidere.
857 1413 1001 1479 Proinde
1033 1413 1160 1497 quoties
1212 1414 1386 1491 sustineat,
1417 1414 1482 1479 nisi
1515 1412 1603 1498 quod
1631 1424 1719 1480 stare
1747 1414 1851 1480 voluit
1877 1415 2048 1481 deoretnm
2081 1435 2184 1495 suum,

188 1506 335 1571 oboritur
367 1503 485 1569 animis
517 1503 599 1568 haeo
630 1500 802 1584 rogitatis:
838 1500 955 1584 Impiis
988 1499 1070 1565 bene
1102 1506 1160 1578 est,
1212 1520 1276 1582 quo
1308 1509 1430 1564 terram
1462 1499 1650 1566 hominibus
1687 1499 1936 1566 inhabitandam
1968 1497 2081 1567 dediti
2126 1500 2184 1565 Est

189 1611 268 1674 ergo
290 1590 382 1655 Deus
403 1589 483 1672 ipsis
506 1588 605 1668 lavet,
633 1586 745 1651 inanis
766 1596 844 1651 sunt
864 1585 1024 1668 promissa
1043 1583 1161 1667 quibus
1212 1585 1299 1650 enim
1333 1585 1453 1668 alioqui
1486 1586 1685 1670 stupendum
1716 1585 1877 1668 quomodo
1915 1594 1964 1652 tot
1994 1587 2123 1653 seelera
2153 1597 2184 1652 et

190 1677 343 1740 nitimur:
376 1673 417 1740 ad
440 1674 525 1739 hano
554 1673 731 1756 prophetae
757 1671 970 1750 sententiam,
998 1670 1090 1736 velut
1119 1667 1160 1735 ad
1212 1670 1337 1754 flagitia
1358 1672 1536 1748 sustineat,
1567 1692 1627 1738 neo
1648 1674 1684 1739 in
1713 1672 1903 1737 universnm
1933 1670 2042 1737 deleat
2068 1671 2183 1737 hnma-

190 1760 403 1826 eertissimam
426 1758 601 1825 enehorum
632 1757 873 1841 oonlugiamus‚
902 1776 1005 1839 eaque
1033 1757 1160 1821 munia·
1213 1777 1292 1820 num
1315 1775 1437 1840 genus:
1469 1756 1524 1821 sed
1548 1757 1675 1822 oonsilii
1703 1757 1754 1822 sui
1783 1757 1943 1823 rationem
1972 1757 2090 1837 habet,
2120 1776 2183 1822 non

188 1866 277 1922 mur,
311 1845 473 1910 Dominus
494 1865 561 1909 non
591 1843 801 1909 frustrabitur
830 1860 891 1907 nos
919 1842 1161 1926 exspeetatione
1213 1850 1346 1907 nostrae
1365 1841 1544 1927 dignitatis.
1588 1843 1678 1908 Hine
1698 1863 1776 1927 ergo
1797 1852 1887 1908 stant
1907 1863 2012 1928 regna
2035 1851 2070 1908 et
2099 1844 2184 1926 prin·

189 1944 319 1997 nostre:
340 1929 554 1996 liberabimur
576 1929 726 1994 tandem:
760 1929 890 1994 tametsi
911 1948 1001 1994 nune
1022 1927 1161 2011 probris,
1213 1929 1359 2011 oipatus:
1382 1926 1459 1994 hino
1481 1929 1610 1995 ordines
1631 1938 1665 1993 et
1684 1928 1815 2012 politiae
1835 1929 1934 1994 etiam
1955 1930 2046 1995 inter
2070 1926 2184 1994 barba·

188 2017 335 2097 iniuriis,
374 2014 525 2082 ludibriis
558 2021 592 2081 et
624 2016 778 2081 saevitiae
812 2014 988 2098 impiorum
1021 2014 1162 2096 expositi
1213 2033 1268 2079 ros
1305 2021 1339 2079 ιι
1378 2013 1526 2078 infideles
1564 2022 1809 2080 conservantur.
1865 2013 2065 2098 Quanquam
2098 2016 2184 2080 enim

191 2103 303 2168 simne.
1213 2107 1346 2183 propter
1367 2098 1536 2164 hominum
1560 2110 1691 2182 peoeata
1710 2101 1746 2165 in
1764 2100 1949 2166 natitatem
1966 2112 2074 2167 terras
2091 2120 2184 2184 qnas-

276 2188 326 2253 18.
347 2185 449 2272 (Quio
469 2187 515 2252 sic
535 2186 611 2251 dicit
633 2184 773 2271 Isbovo.)
814 2184 882 2250 Hie
904 2204 1020 2250 versus
1042 2182 1084 2248 ad
1106 2205 1162 2249 su·
1214 2185 1286 2250 dam
1320 2204 1416 2266 saepe
1451 2184 1569 2267 redigit
1601 2184 1781 2263 Dominus,
1821 2195 1853 2250 et
1886 2185 1979 2269 quasi
2017 2187 2184 2270 salsugine

190 2275 355 2357 periurum
377 2272 656 2337 oonfirmatiouem
679 2272 829 2354 pertinet
873 2269 955 2334 Vult
977 2269 1064 2335 enim
1087 2290 1161 2352 pro-
1214 2271 1359 2355 aspergit
1380 2282 1416 2335 ut
1438 2271 1657 2350 sterilesoant,
1688 2291 1748 2336 neo
1776 2269 1864 2336 alere
1890 2271 2019 2356 possint
2046 2273 2184 2356 amplius

190 2359 291 2443 pheta
312 2357 445 2423 ludaeis
463 2359 594 2421 omuino
611 2378 801 2441 persuasum
820 2375 900 2432 esse,
922 2356 1011 2438 ipsos
1029 2354 1162 2420 tandem
1213 2376 1291 2422 suos
1319 2356 1457 2421 ineolas:
1497 2356 1558 2423 hoo
1585 2370 1694 2422 tamen
1728 2375 1857 2439 semper
1891 2368 2185 2441 temperamentum

190 2446 362 2510 liberatum
390 2443 432 2507 iri
461 2464 481 2507 a
509 2441 666 2507 Domino:
701 2441 832 2508 tametsi
860 2441 978 2506 misera
1006 2442 1163 2507 servitute
1215 2441 1356 2520 adhibet,
1379 2452 1415 2505 ut
1437 2440 1603 2509 habitetur
1624 2452 1727 2508 terra:
1750 2442 1827 2524 quia
1849 2442 1911 2509 hoo
1931 2444 2004 2509 eius
2022 2443 2186 2511 deoretnm

189 2526 752 2698 ttetlnttlnllttttll
775 2531 1006 2697 mille
1023 2526 1163 2677 llil
1215 2527 1483 2678 ltllllttl
1500 2526 1985 2696 pltttttltllttttt
2003 2528 2185 2695 {liniri

189 2703 315 2767 minore
337 2700 379 2766 ad
401 2699 523 2778 mains,
553 2708 591 2763 ut
617 2700 710 2782 prius
741 2717 841 2764 versu
865 2696 1053 2763 duodeoimo
1075 2697 1161 2762 dixi·
1214 2699 1293 2782 quin
1315 2719 1392 2764 suos
1414 2699 1554 2765 uultures
1575 2665 1685 2765 foveat
1703 2697 1804 2777 Deus,
1826 2718 1847 2763 a
1867 2699 1986 2783 quibus
2006 2702 2184 2769 invooetnr.

188 2805 279 2852 mus:
317 2784 401 2870 quod
435 2805 538 2867 quum
571 2784 634 2850 Dei
667 2782 873 2867 providentia
905 2782 946 2852 ad
980 2804 1093 2849 omnes
1126 2785 1162 2848 in
1214 2784 1391 2852 Caeterum
1412 2784 1491 2852 hino
1512 2786 1689 2849 maximam
1719 2783 1972 2852 consolationem
1997 2787 2047 2870 pii
2074 2808 2185 2853 omnes

189 2874 378 2937 universum
411 2879 578 2936 creaturas
607 2870 818 2947 extendatur,
851 2869 956 2933 multo
989 2869 1093 2954 magis
1121 2869 1161 2933 ad
1214 2871 1381 2954 peroipere
1425 2870 1558 2936 debent:
1613 2867 1700 2953 quod
1743 2871 1875 2936 temetsi
1925 2873 2184 2957 oontemptibiles

190 2978 246 3022 eos
275 2955 437 3038 pertineat
462 2975 542 3037 quos
571 2954 741 3038 adoptavit
769 2975 829 3038 pro
863 2954 956 3020 filiis:
990 2976 1044 3019 eos
1074 2955 1161 3019 enim
1214 2956 1348 3038 mundo,
1370 2957 1465 3038 pauni
1487 2965 1584 3038 atque
1607 2956 1718 3039 exigui
1740 2955 1824 3035 sint,
1850 2960 1885 3021 et
1905 2956 1985 3022 dum
2006 2958 2103 3043 impii
2126 2980 2184 3024 nn·

190 3041 397 3125 potissimum
426 3061 524 3104 ourae
553 3039 660 3107 hebet.
711 3040 790 3104 Tale
819 3039 959 3121 denique
988 3050 1037 3105 est
1065 3060 1162 3123 argu·
1215 3063 1322 3118 mero,
1350 3041 1495 3125 potentia
1518 3052 1615 3124 atque
1636 3042 1813 3107 autoritate
1834 3052 2005 3125 superant,
2035 3045 2099 3127 ipsi
2120 3051 2184 3110 tarn

190 3135 339 3191 mentum
361 3125 550 3208 prophetae:
585 3124 696 3205 Quum
719 3125 809 3189 Deus
838 3133 960 3189 terram
987 3126 1105 3190 orearit
1128 3136 1164 3188 ut
1215 3126 1333 3192 abieeti
1355 3127 1423 3191 sint
1444 3136 1481 3190 ut
1502 3127 1585 3191 infra
1607 3126 1723 3192 mundi
1744 3136 1954 3193 exorementa
1975 3149 2049 3196 esse
2068 3139 2185 3213 puten-

190 3213 225 3277 in
248 3232 288 3278 ea
309 3211 457 3275 homines
475 3209 583 3273 sedem
603 3220 637 3274 et
653 3208 853 3276 domicilium
871 3209 1040 3288 haberent,
1062 3208 1163 3275 multo
1216 3219 1280 3289 tur,
1304 3221 1413 3277 tanwn
1428 3212 1500 3277 Deo
1522 3213 1656 3295 pretiosi
1677 3213 1762 3278 sint:
1784 3214 1938 3295 quoniam
1958 3214 2049 3297 ipsos
2069 3217 2108 3280 in
2128 3237 2185 3281 nn·

190 3295 298 3380 magis
323 3304 362 3360 nt
389 3296 432 3359 sit
458 3294 576 3376 aliquis
604 3293 758 3362 eoelesiae
790 3294 897 3360 loeus:
931 3295 1047 3360 maiori
1076 3295 1163 3360 enim
1215 3316 1305 3361 mero
1320 3296 1464 3363 filiorum
1480 3296 1588 3377 habet,
1607 3319 1666 3365 neo
1680 3319 1737 3364 eos
1752 3300 1859 3381 perire
1874 3319 2019 3382 unquam
2034 3302 2184 3385 patietur.

192 3403 292 3449 ouras
324 3379 493 3447 eooleeiam
527 3379 639 3461 habet,
673 3402 771 3464 quam
805 3380 931 3462 reliqua
962 3385 1081 3445 omnia.
1125 3378 1164 3446 si
1216 3381 1312 3462 Quod
1333 3384 1451 3466 repetit
1472 3399 1507 3448 ιι
1530 3383 1638 3449 Deum
1660 3404 1749 3464 esse,
1778 3404 1844 3450 non
1873 3392 1998 3449 tontum
2029 3386 2070 3453 ad
2101 3407 2185 3453 asse·

190 3468 294 3554 igitur
314 3467 461 3532 firmavit
484 3473 621 3544 terram,
654 3467 682 3531 si
704 3467 841 3531 formam
863 3467 893 3530 ei
916 3485 1075 3550 usumque
1096 3487 1163 3532 oer-
1214 3468 1352 3533 rendam
1374 3471 1549 3534 essentiam
1572 3477 1714 3552 speetat‚
1746 3469 1804 3535 ssd
1833 3478 1871 3535 ut
1895 3492 1932 3536 sa
1959 3469 2128 3538 disserunt
2147 3472 2185 3539 ab

191 3566 262 3619 tum
285 3552 401 3618 tribuit
422 3561 461 3616 ut
482 3573 523 3617 ex
544 3551 692 3635 frugibus
710 3573 790 3634 quas
808 3549 999 3633 produoeret
1015 3551 1164 3618 homines
1213 3554 1365 3621 omnibus
1392 3553 1505 3633 idolis,
1537 3554 1743 3639 Iudaeosque
1769 3556 1803 3620 in
1832 3577 1916 3639 pura
1945 3555 2010 3621 lide
2036 3558 2185 3624 retinam

193 3640 377 3704 nlerentur:
408 3636 497 3702 haud
520 3637 615 3702 dubie
637 3639 778 3720 primum
800 3637 922 3717 loeum,
943 3647 977 3702 ιι
998 3659 1163 3703 summum
1214 3639 1301 3706 Nam
1320 3650 1354 3705 et
1375 3641 1591 3724 superstitiosi
1613 3641 1755 3706 fatentur
1777 3662 1881 3706 unum
1895 3661 1968 3706 esse
1982 3642 2112 3709 Deum:
2132 3644 2186 3711 ιιι

193 3724 329 3789 honoris
351 3722 489 3806 gradum
521 3722 600 3786 filiis
629 3723 785 3789 attribuit.
836 3723 909 3789 Ηοι
939 3744 1005 3787 non
1035 3744 1164 3808 semper
1214 3747 1289 3791 eum
1318 3748 1376 3810 pro
1404 3725 1538 3792 libidine
1566 3747 1627 3791 sua
1654 3728 1795 3811 fingunt.
1843 3727 2084 3810 Agnoeoendus
2102 3750 2186 3814 ergo

193 3809 295 3876 oeulis
327 3809 448 3874 nostris
481 3818 588 3890 patet:
621 3808 831 3891 quamobrem
863 3829 921 3892 spe
953 3809 1100 3893 erigendi
1131 3818 1165 3875 et
1214 3810 1307 3878 Deus
1327 3813 1383 3894 qui
1411 3832 1447 3877 ιι
1479 3812 1631 3895 patefooit
1659 3810 1825 3895 patribus,
1855 3823 1950 3895 atque
1979 3832 2040 3897 per
2060 3814 2186 3882 lesem

194 3892 375 3961 sustinendi
404 3901 483 3958 sunt
511 3894 613 3957 animi
641 3895 761 3972 nostri,
794 3903 831 3958 ut
864 3894 1019 3960 adversus
1051 3914 1164 3961 omnes
1214 3895 1368 3980 loquutus
1389 3905 1451 3963 est.
1494 3897 1564 3963 Neo
1586 3898 1674 3964 enim
1697 3906 1824 3963 tautum
1845 3898 1899 3964 hio
1924 3898 2037 3982 agitur
2065 3900 2108 3966 de
2135 3922 2185 3968 ιι·

195 3979 391 4046 tentationes
412 3978 529 4044 invioti
551 3988 683 4044 stemus.
723 3979 872 4062 Denique
893 3979 1048 4062 quamdiu
1066 3978 1166 4047 stabit
1216 3991 1311 4047 terna
1332 3985 1475 4048 essentia
1494 3982 1568 4059 Dei,
1592 3992 1628 4048 ut
1649 3983 1802 4048 nonnulli
1824 3992 1951 4066 putant,
1972 3983 2034 4051 sed
2055 3985 2098 4051 de
2118 3986 2186 4053 offi-

194 4075 291 4144 terra,
313 4065 436 4130 tamdiu
459 4063 594 4130 eoolesia
615 4063 680 4128 Dei
701 4065 813 4129 lutura
834 4073 900 4131 est:
932 4064 1086 4149 quamdiu
1116 4065 1164 4131 sol
1215 4069 1273 4134 oiis
1294 4069 1446 4134 omnibus
1475 4089 1559 4151 quae
1586 4068 1762 4152 adipsum
1792 4069 1898 4133 solum
1925 4071 2114 4152 pertinent,
2148 4092 2186 4137 ne

195 4164 229 4217 et
249 4152 330 4216 luna
357 4159 467 4227 erunt,
500 4170 568 4214 non
597 4148 735 4216 definiet.
779 4150 898 4216 Postea
927 4158 1038 4217 utetur
1067 4151 1162 4217 etiam
1216 4154 1284 4218 ulla
1304 4175 1346 4219 ex
1367 4162 1460 4238 parte
1482 4153 1523 4218 ad
1545 4164 1712 4221 creaturas
1733 4156 1983 4221 transferantur.

194 4238 317 4303 maiore
339 4244 547 4318 argumento:
580 4233 621 4301 Si
643 4247 774 4318 paetum
796 4235 881 4317 quod
905 4236 1069 4302 Dominus
1090 4255 1164 4302 oum
1303 4239 1353 4303 19.
1383 4238 1472 4389 §Noe
1492 4242 1529 4305 io
1549 4239 1747 4325 simoniae)
1813 4240 1909 4306 Nune
1931 4253 2065 4309 revooat
2086 4264 2186 4328 popu·

195 4322 267 4388 Noe
288 4321 362 4387 iniit
385 4320 424 4384 de
446 4329 531 4386 stato
553 4319 650 4386 huius
672 4320 785 4385 mnndi
807 4321 919 4386 ordine
946 4324 1076 4387 firmum
1099 4333 1164 4387 est:
1216 4324 1285 4389 lum
1315 4324 1358 4389 ed
1407 4326 1566 4390 ootrinam
1594 4325 1685 4406 legis,
1715 4325 1869 4409 quoniam
1897 4326 1988 4393 Deus
2016 4327 2185 4394 hominum

196 4408 299 4474 multo
320 4406 424 4489 magis
445 4406 531 4489 quod
553 4405 592 4471 de
615 4405 750 4472 eoelesia
770 4406 843 4470 iniit
864 4408 995 4472 firmum
1019 4426 1090 4472 esse
1112 4406 1165 4472 de·
1216 4431 1314 4476 sensu
1336 4410 1567 4494 eomprehendi
1588 4432 1655 4475 non
1676 4422 1792 4493 potest
1837 4410 1963 4477 Verum
1990 4420 2032 4478 ιιι
2051 4414 2186 4482 abscon·

196 4493 262 4559 bet.
314 4490 460 4557 Mundus
493 4491 580 4557 enim
610 4489 750 4556 eadnons
782 4500 815 4557 et
848 4490 1067 4574 eorruptibilis
1100 4501 1165 4558 est:
1217 4493 1304 4559 ditus
1335 4502 1386 4560 est
1418 4496 1652 4582 intelligentiae
1685 4496 1806 4575 earnis,
1843 4497 1891 4562 ita
1923 4496 2055 4565 abunde
2085 4519 2124 4567 ιι
2153 4502 2186 4566 in

195 4578 330 4646 eeclesia
351 4598 437 4656 vero,
459 4574 494 4640 id
515 4584 564 4641 est
586 4597 723 4661 regnum
745 4575 879 4654 chriso,
902 4588 1034 4641 aeterna
1056 4579 1166 4644 futura
1216 4580 1317 4645 verbo
1349 4581 1519 4662 potuissit,
1551 4592 1650 4665 atque
1682 4580 1862 4648 remedium
1895 4583 2038 4665 praebet.
2092 4585 2186 4668 Quod

195 4674 256 4730 est.
307 4662 400 4743 Quae
429 4662 530 4745 igitur
559 4661 600 4726 ad
629 4663 734 4745 ipsam
763 4666 912 4745 spectant
938 4663 1165 4746 promissiones
1215 4666 1319 4749 igitur
1340 4666 1433 4731 nobis
1456 4667 1574 4744 deerat,
1601 4666 1827 4751 suppeditatur
1848 4689 1890 4734 ex
1913 4669 2023 4753 verbo,
2044 4690 2088 4738 ne
2110 4671 2185 4756 qnid

196 4747 285 4815 haud
307 4747 404 4813 dubie
426 4749 588 4812 firmiores
609 4758 641 4811 st
668 4748 903 4813 oonstantiores
932 4748 1067 4831 reliquis
1095 4768 1165 4812 om·
1216 4750 1356 4833 amplius
1382 4750 1612 4818 desideremus.
1656 4753 1729 4819 Hoo
1757 4755 1785 4817 si
1813 4752 1948 4833 deesset,
1976 4755 2062 4822 nihil
2089 4756 2186 4824 lrabe-

196 4835 294 4901 nibus
315 4834 384 4898 fore
401 4844 656 4898 consentaneum
675 4841 735 4898 est.
770 4832 858 4914 Quia
876 4852 954 4898 vero
973 4833 1165 4917 praecipuus
1216 4857 1326 4902 remus
1348 4839 1432 4919 spei:
1456 4857 1493 4902 ao
1516 4840 1645 4922 penitus
1663 4840 1772 4905 animo
1789 4838 2045 4908 oonoideremne.
2078 4842 2187 4910 Testr-

197 4931 304 4986 terrae
325 4927 459 4984 ornatus
489 4922 538 4982 est
570 4917 713 4983 habitari
741 4918 782 4983 ab
811 4919 944 4994 ineolis,
976 4917 1068 4983 addit
1100 4941 1163 4984 nou
1216 4927 1271 4985 tur
1303 4933 1413 4987 autem
1447 4946 1481 4989 ιι
1515 4946 1580 4989 non
1614 4925 1738 4990 frustra
1769 4944 1829 4989 nos
1861 4927 2019 5003 invitare,
2059 4929 2187 4995 etiamn

197 5006 270 5071 ideo
293 5006 390 5070 luisse
419 5012 561 5069 ereetum
591 5011 629 5067 ut
661 5023 721 5067 sua
753 5004 911 5070 inanitate
943 5003 1096 5070 deformis
1128 5025 1166 5070 ιι
1216 5007 1346 5072 differat
1386 5009 1543 5074 auxilium
1583 5030 1696 5074 snum:
1737 5010 1954 5076 uertissimum
1994 5015 2084 5080 onim
2118 5036 2186 5081 esse

197 5099 292 5156 vasta
314 5099 407 5154 esset.
440 5088 479 5154 si
502 5089 574 5171 quis
594 5088 724 5155 obiioiat
745 5100 868 5172 contra,
890 5099 1011 5155 terram
1034 5091 1163 5156 inanem
1215 5091 1300 5174 quod
1329 5095 1487 5242 promisit.
1531 5095 1578 5161 Ut
1609 5104 1720 5177 aperte
1754 5093 1862 5161 doouit
1894 5118 1957 5180 qno
1988 5100 2085 5167 nobis
2114 5122 2186 5169 oon·

197 5182 232 5243 et
253 5194 389 5242 vacuam
411 5174 510 5241 luisse
532 5193 633 5257 quum
655 5184 765 5240 ereata
786 5184 851 5250 est,
882 5176 936 5241 ubi
964 5174 1077 5242 eodem
1108 5196 1165 5242 uo·
1217 5178 1329 5261 lugien
1351 5201 1417 5263 um,
1446 5181 1480 5244 in
1514 5201 1579 5262 quo
1612 5180 1905 5263 eonquieseendum
1936 5190 2040 5251 esset:
2074 5188 2123 5254 ita
2153 5208 2187 5253 re

197 5263 286 5328 mine
313 5262 417 5325 utitur
444 5261 553 5327 Moses
580 5280 644 5344 quo
673 5259 727 5324 hio
749 5259 924 5344 propheta,
952 5274 1010 5330 tnn
1032 5261 1163 5344 soilioet‚
1216 5264 1287 5347 ipsa
1319 5266 1619 5349 comprobaturum,
1662 5287 1729 5331 non
1770 5269 1902 5335 inanem
1940 5269 2044 5339 fuisse
2075 5293 2188 5341 eorum
