4784 5970
121 370 186 436 553
847 370 896 437 IN
918 368 1158 436 mRuMIAM
1203 367 1305 438 OAP.
1327 367 1391 436 III.
2053 368 2120 434 554

122 581 205 625 sona
227 560 403 625 mulierum
427 569 491 623 tem
516 579 654 643 regnum
677 559 799 639 Israel,
830 580 925 641 qnam
957 579 1096 641 regnum
1149 558 1262 623 tendet
1294 559 1501 639 comparatio.
1558 557 1641 621 Nam
1681 557 1855 639 amplificat
1887 559 1992 626 seclus
2026 561 2121 646 regni

123 646 285 711 lebudab.
331 645 415 710 Nam
438 645 547 723 Deus,
580 645 852 728 quemadmodum
883 656 958 710 ente
988 646 1096 709 visum
1149 644 1319 723 Iehndah,
1353 645 1438 727 quod
1462 645 1603 727 potuerit
1627 665 1684 724 per
1713 644 1815 707 otium
1846 647 2006 727 inspicere
2035 647 2121 730 quod

123 744 183 808 est,
207 735 348 796 sustinet
370 732 479 795 mariti
502 752 673 813 persenam
698 730 810 814 populi
834 742 991 814 respectu.
1036 730 1096 792 Di·
1123 784 1126 789 .
1149 731 1213 794 iem
1237 729 1358 809 retulit,
1382 741 1414 792 et
1436 732 1525 812 quasi
1550 729 1646 792 etiem
1671 750 1688 792 e
1711 729 1842 811 specula
1866 733 1976 813 procul
2000 734 2123 814 videre,

124 819 168 882 cit
190 819 293 901 igitur
316 819 396 882 dues
419 816 480 882 sibi
504 818 602 882 fuisse
632 837 768 895 uxores,
798 837 917 899 nempe
939 816 1097 882 Israelem
1150 827 1182 879 et
1204 818 1250 878 ita
1272 814 1387 880 adduci
1412 815 1452 880 ad
1477 815 1748 897 resipiscentiam:
1778 827 1883 880 tamen
1909 819 2027 883 viderit
2051 821 2122 887 sine

124 919 157 966 et
180 903 346 968 Iehndah:
380 903 473 968 Deus
495 903 625 986 quidem
654 901 869 987 desponderat
899 903 960 968 sibi
993 910 1097 965 totum
1123 836 1126 973 i
1151 902 1306 983 proiectu.
1352 901 1434 964 Vult
1456 902 1556 985 igitur
1579 902 1669 966 Deus
1699 900 1872 966 ostendere
1899 924 1995 985 quam
2024 906 2121 972 obsti·

125 1010 238 1053 semen
262 989 416 1054 Abrahae
438 1010 504 1053 uno
534 991 694 1071 coniugio.
739 987 806 1054 Sed
833 1011 891 1072 per
920 989 1097 1053 concessio·
1123 978 1126 1023 ¹
1151 998 1228 1050 nate
1259 986 1355 1050 fixerit
1386 987 1521 1051 durities
1550 988 1584 1050 in
1613 987 1760 1065 Iudaeis,
1793 988 1850 1069 qui
1884 988 2033 1055 viderent
2067 993 2122 1058 de·

125 1097 199 1139 nem
225 1075 277 1140 hic
300 1075 442 1158 loquitur
464 1075 629 1140 Ieremias.
675 1076 819 1138 Tametsi
844 1075 929 1139 enim
955 1074 1098 1139 descive-
1152 1074 1323 1137 tectionem
1355 1073 1465 1138 decem
1494 1072 1657 1153 tribuum,
1690 1073 1842 1137 viderant
1875 1096 1971 1157 quem
2006 1042 2124 1144 ecbter

125 1173 201 1225 runt
235 1161 405 1226 Israeliten
439 1183 457 1223 a
492 1163 578 1240 Dec,
620 1174 728 1225 temen
769 1182 833 1225 non
875 1179 1011 1242 prorsus
1044 1178 1100 1222 ens
1152 1158 1291 1223 fuissent
1322 1157 1485 1241 obiurgati
1514 1180 1534 1223 a
1563 1159 1741 1241 prophetis.
1793 1159 1912 1225 Postea
1941 1161 2046 1239 addit,
2081 1164 2125 1230 Et

126 1248 294 1311 reiecerat.
344 1247 427 1311 Fuit
459 1245 561 1329 igitur
593 1245 814 1311 adulterinum
848 1245 927 1310 illud
960 1264 1099 1328 regnum
1151 1244 1228 1324 uidi,
1250 1244 1361 1327 iuquit.
1407 1243 1689 1325 Quemadmodum
1714 1244 1842 1310 dixerat
1866 1268 2001 1330 regnum
2024 1250 2124 1316 lebu-

125 1333 246 1396 Isrnal:
278 1332 334 1396 sed
359 1333 450 1397 Deus
472 1332 511 1395 ad
535 1344 664 1414 tempus
691 1333 843 1397 toleravit
872 1331 988 1395 vitium
1018 1327 1098 1394 illud
1153 1329 1217 1394 deb
1240 1329 1360 1394 vidisse
1384 1330 1460 1411 quid
1484 1330 1579 1395 fieret
1601 1330 1634 1393 in
1657 1330 1789 1408 Israele‚
1814 1333 1858 1396 ite
1880 1354 1967 1398 nrrne
1990 1336 2068 1401 dicit
2091 1359 2125 1402 se

126 1421 173 1483 sic
203 1431 240 1481 ut
268 1430 416 1483 maneret
445 1416 560 1482 foedus
590 1420 697 1501 aliqua
726 1440 766 1482 ex
796 1427 899 1500 parte.
944 1416 1017 1481 Hac
1048 1437 1100 1480 re·
1152 1418 1329 1499 utrumque
1362 1416 1491 1480 vidisse.
1556 1415 1631 1482 Vidi
1661 1417 1768 1501 ipitur.
1824 1416 1914 1498 Quid
1947 1429 2055 1486 autem
2090 1444 2125 1487 ee

126 1505 217 1568 tione
237 1506 386 1587 agnoscit
400 1525 460 1586 pro
476 1503 633 1569 uxoribus
649 1506 716 1569 suis
732 1522 799 1568 tam
816 1503 980 1580 Israelem,
1003 1521 1100 1585 quam
1154 1500 1272 1565 vidisse
1295 1503 1509 1584 pronuntiet?
1534 1522 1651 1583 nempe
1675 1501 1822 1567 Iohudah
1846 1517 2019 1571 scortatam
2043 1531 2124 1574 esse.

127 1589 287 1655 Iohudah.
332 1590 422 1655 Dicit
451 1589 567 1672 igitur,
604 1590 715 1655 Nouae
735 1590 860 1663 vidisti,
890 1590 968 1670 quid
995 1588 1101 1669 fecerit
1154 1586 1249 1651 Nunc
1272 1588 1359 1651 enim
1383 1591 1474 1669 quasi
1499 1588 1538 1653 de
1568 1589 1705 1652 muliere
1736 1589 1860 1671 loquor.
1905 1590 1996 1658 Dicit
2022 1595 2125 1677 igitur

128 1689 235 1750 unere,
259 1677 412 1758 quoniam
435 1677 497 1740 boc
527 1689 624 1744 :tauro
651 1675 823 1740 deducitur
852 1695 872 1738 a
900 1676 1000 1739 verbo
1029 1685 1100 1749 ntur,
1154 1672 1246 1736 Dens
1269 1673 1330 1738 hoc
1359 1674 1418 1737 sibi
1450 1696 1512 1738 non
1547 1675 1647 1739 fuisse
1677 1674 1854 1753 occultum,
1888 1679 1972 1759 quod
2003 1679 2126 1745 scilieet

127 1763 214 1843 quod
237 1762 399 1844 significat
422 1783 509 1826 nnnc
532 1764 647 1840 redire,
671 1782 759 1826 nunc
775 1760 874 1841 abire,
897 1760 969 1824 ideo
985 1760 1102 1841 ubique
1154 1757 1303 1823 Iehndah
1327 1778 1391 1822 uon
1417 1781 1473 1841 per
1496 1760 1657 1825 inscitiam
1683 1760 1734 1823 vel
1756 1782 1910 1841 errorem,
1933 1763 1989 1828 sed
2009 1764 2125 1831 delibe-

129 1849 352 1932 Hieronymus
373 1849 476 1911 vertit
498 1848 745 1912 aversatricem:
778 1848 833 1910 alii
863 1860 971 1910 autem
1000 1844 1102 1910 rebel·
1155 1852 1226 1907 rata
1247 1845 1374 1908 malitie
1395 1847 1599 1926 superaverit
1621 1845 1743 1910 scelera
1763 1850 1883 1912 sororis
1905 1870 1994 1914 suae.
2043 1850 2127 1933 Vidr',

129 1935 204 1999 lem.
250 1935 387 1997 Rectius
409 1934 525 2016 gallice
548 1933 728 1998 diceremus
742 1931 935 1998 deabuucbee.
974 1931 1102 2011 Nempe,
1154 1931 1296 2011 inquam,
1320 1933 1466 2012 quonium
1488 1953 1583 2013 super
1599 1930 1659 2010 lu's,
1678 1953 1773 2013 quum
1794 1939 1927 2000 emrtnto
1948 1940 2001 2001 eet.
2045 1938 2126 2002 Plu·

130 2021 247 2100 inquit,
272 2019 415 2101 prosectu
444 2025 602 2100 estsuper
624 2039 741 2083 munem
763 2019 867 2084 ceilam
887 2018 1046 2095 eucebuur,
1076 2021 1103 2080 et
1156 2016 1246 2080 ribus
1268 2016 1376 2080 verbis
1399 2017 1540 2098 explicat
1561 2016 1644 2100 quod
1669 2018 1812 2082 breviter
1834 2020 1930 2101 paulo
1953 2032 2029 2086 ante
2051 2025 2126 2088 atti·

127 2105 237 2170 subtus
257 2125 376 2169 omnem
398 2106 537 2169 arborem
557 2105 749 2187 frondosum,
770 2109 798 2169 et
818 2104 885 2169 illie
902 2108 1035 2168 swrtetn
1049 2107 1102 2167 est.
1155 2103 1217 2184 git:
1240 2101 1367 2166 dicebat
1389 2103 1509 2167 tribum
1526 2102 1676 2168 Iohudah
1700 2102 1828 2180 vidisse,
1851 2106 1906 2170 sed
1924 2107 1985 2171 boc
2001 2117 2128 2190 poteret

130 2192 168 2254 In
193 2210 329 2263 summa,
353 2192 564 2272 conqueritur
587 2191 679 2256 Deus
701 2190 810 2254 decem
835 2190 937 2254 tribus
965 2189 1103 2252 violasse
1155 2188 1195 2250 ob
1228 2186 1422 2252 brevitatem
1457 2209 1527 2253 esso
1560 2190 1759 2272 ambiguum.
1814 2190 1935 2256 Fusius
1975 2193 2127 2276 explicat,

128 2276 226 2340 fidem
250 2277 392 2358 coniugii
416 2277 509 2352 sacri,
533 2278 682 2358 quoniam
700 2297 771 2340 sese
786 2276 1014 2359 prostituerint
1036 2275 1102 2338 ido·
1163 2272 1252 2338 Vidit
1283 2272 1426 2339 Iohudah
1457 2295 1506 2339 rue
1536 2277 1659 2341 dedisce
1690 2274 1826 2340 libellum
1858 2279 1986 2358 repudii
2024 2282 2129 2346 sorori

130 2362 187 2441 lis,
217 2371 250 2426 et
273 2363 403 2444 quidem
426 2383 519 2443 super
540 2382 644 2427 unuea
665 2363 753 2427 eolles
775 2362 923 2438 excelsos,
949 2361 1104 2425 usudtua
1155 2379 1247 2437 suae,
1276 2360 1425 2440 quoua'nm
1446 2366 1579 2426 arcuata
1605 2362 1727 2442 suerat:
1754 2367 1906 2427 ettamen
1928 2385 1989 2429 una
2015 2366 2128 2447 timuit,

128 2468 233 2512 omues
266 2449 393 2513 arborea
423 2447 601 2529 fructuosae.
646 2448 749 2521 Nam,
783 2459 821 2511 ut
852 2448 916 2512 iam
951 2447 1102 2523 diximus,
1157 2446 1217 2508 hcc
1239 2455 1297 2524 est,
1319 2466 1386 2510 non
1409 2447 1540 2512 induxit
1562 2448 1597 2510 in
1619 2449 1763 2511 animum
1788 2469 1887 2530 quum
1912 2450 1985 2526 tale,
2009 2462 2042 2515 et
2060 2463 2128 2517 tam

130 2534 280 2599 solebant
302 2533 422 2615 eligere
445 2535 514 2597 loca
536 2533 604 2610 illa,
627 2535 714 2599 acsi
738 2536 813 2615 quid
839 2547 925 2598 esset
948 2536 1103 2598 sanctita·
1156 2531 1285 2614 insigne
1308 2531 1471 2598 vindictae
1492 2554 1585 2598 meae
1607 2533 1790 2614 exemplum
1814 2539 2013 2617 propositum
2043 2549 2129 2604 esset

129 2622 172 2685 tis
205 2619 256 2684 vel
290 2621 325 2683 in
360 2618 541 2698 montibus,
584 2619 634 2682 rel
674 2620 734 2684 sub
774 2619 898 2684 umbris
940 2620 1103 2682 arborum.
1156 2618 1225 2680 eius
1248 2617 1361 2700 oculis,
1383 2620 1588 2702 resipiscere:
1612 2619 1668 2683 scd
1692 2617 1745 2681 bic
1768 2623 1942 2700 quaeritur,
1966 2623 2127 2704 quomodo

128 2706 248 2769 Postea
271 2704 436 2788 adiungit,
471 2705 556 2771 Diui
584 2709 694 2769 tamea.
740 2704 805 2770 Hic
834 2704 981 2787 adiungit
1014 2705 1103 2768 Dens
1157 2701 1240 2767 dicat
1264 2702 1376 2767 datum
1399 2703 1499 2769 fuisse
1522 2704 1669 2769 libellum
1693 2706 1820 2786 repudii
1836 2705 2005 2787 Israelitis,
2028 2730 2127 2790 quum

130 2812 165 2856 se
188 2790 243 2855 diu
265 2790 475 2873 suspendisse
497 2791 653 2856 iudicium
678 2800 853 2874 antequam
876 2811 1013 2873 poenam
1037 2790 1105 2853 exi·
1156 2798 1253 2870 neget
1285 2808 1344 2871 per
1376 2789 1496 2854 Isaiam
1530 2789 1722 2872 prophetam
1756 2813 1791 2856 se
1825 2790 1975 2857 dedisse?
2014 2816 2129 2859 verum

130 2886 223 2960 geret
245 2876 285 2941 de
308 2878 426 2960 populo
448 2876 635 2940 israelitico.
679 2876 745 2941 Hic
771 2877 872 2959 igitur
898 2874 1104 2940 commendet
1156 2874 1210 2936 hic
1232 2874 1298 2938 alio
1321 2897 1418 2939 sensu
1443 2876 1587 2959 loquitur
1616 2875 1789 2958 prophete:
1825 2880 2045 2959 nequeenim
2075 2880 2129 2947 bic

130 2964 319 3046 patientiam
343 2983 447 3041 suam,
472 2962 555 3044 quod
580 2983 644 3027 nnn
669 2962 777 3026 statim
802 2982 860 3043 pro
883 2983 1009 3025 summo
1031 2963 1103 3025 iure
1156 2962 1225 3043 egit
1247 2958 1287 3023 dc
1314 2961 1433 3025 tabulis
1461 2961 1603 3045 repudii,
1638 2961 1749 3045 quales
1776 2962 1924 3028 solebant
1954 2965 2041 3042 deri,
2074 2968 2129 3032 ubi

131 3050 237 3132 egerit
258 3069 330 3113 cum
355 3048 525 3127 Israelitis,
548 3049 604 3113 sed
629 3048 818 3113 toleraverit
840 3049 936 3129 ipsos,
960 3057 991 3112 et
1014 3048 1104 3130 quie·
1157 3047 1230 3128 quis
1253 3050 1388 3112 maritus
1412 3067 1548 3114 uxorem
1572 3045 1772 3131 repudiabat,
1799 3069 1883 3130 quac
1906 3063 2016 3114 tamen
2039 3066 2131 3118 casta

131 3135 216 3198 verit
238 3134 335 3217 longo
358 3146 513 3216 tempore,
538 3135 565 3198 si
582 3136 664 3198 forte
680 3148 787 3198 essent
806 3134 977 3198 sanabiles.
1012 3133 1104 3214 Dici,
1157 3143 1243 3196 eret:
1279 3133 1334 3197 sed
1359 3133 1504 3216 loquitur
1527 3134 1566 3200 de
1590 3133 1736 3218 legitimo
1766 3134 1914 3215 divortio,
1946 3157 2045 3220 quum
2068 3140 2129 3204 sci-

130 3222 249 3304 igitur,
272 3224 437 3301 postquem
457 3220 573 3302 secaret
593 3219 809 3299 ercumbam,
840 3220 961 3302 inquit,
988 3220 1104 3285 adme
1156 3217 1234 3282 licet
1256 3219 1374 3283 mulier
1395 3221 1545 3286 convicta
1567 3220 1719 3285 adulterii
1743 3220 1975 3286 subiiciebatur
1997 3224 2131 3307 capitali

130 3317 306 3370 revertere.
361 3305 397 3370 Si
428 3306 566 3388 legimus
599 3307 634 3369 in
668 3306 764 3369 tertie
798 3326 954 3388 persona,
988 3328 1104 3371 seusus
1157 3325 1291 3387 poenae.
1328 3306 1425 3387 Apud
1449 3306 1570 3372 Isaiem
1593 3307 1692 3391 igitur
1715 3320 1812 3390 negat
1832 3306 1923 3372 Deus
1946 3329 1980 3373 se
2004 3309 2131 3376 dedisse

130 3393 213 3457 erit:
248 3389 386 3472 Speravi
410 3391 542 3455 tandem
566 3393 600 3454 in
632 3393 718 3456 viam
750 3393 925 3471 redituros,
955 3394 1105 3473 quamvls
1159 3391 1302 3455 libellum
1328 3391 1468 3473 repudii:
1493 3393 1545 3457 hic
1568 3405 1675 3457 aretem
1699 3391 1777 3457 dicit
1799 3414 1834 3456 se
1853 3392 1990 3472 dedisse,
2014 3416 2131 3479 nempe

129 3479 178 3541 ita
199 3477 341 3560 prolapsi
364 3488 488 3542 essent:
518 3479 581 3541 imo
605 3477 704 3559 impia
728 3477 907 3542 defectione
929 3500 981 3543 me
1003 3480 1104 3543 abne·
1158 3478 1236 3558 quie
1270 3478 1425 3542 reiecerat
1460 3478 1628 3542 mulierem
1664 3477 1854 3542 adulteram.
1898 3478 1970 3544 Hoc
2001 3480 2130 3560 quidem

130 3573 265 3646 gessent
294 3572 327 3626 et
356 3562 489 3628 alienati
519 3576 628 3627 essent
657 3584 677 3626 a
704 3563 769 3627 fide
799 3575 832 3627 ct
862 3565 992 3646 pietate.
1039 3565 1104 3630 Sed
1159 3584 1223 3626 non
1257 3574 1327 3626 crat
1356 3573 1435 3628 tunc
1464 3565 1496 3627 in
1529 3584 1588 3627 usn
1619 3563 1704 3644 apud
1729 3561 1883 3628 ludaeos:
1918 3565 2022 3630 secere
2056 3588 2129 3632 cum

131 3668 191 3731 ego
214 3650 248 3712 in
272 3649 436 3713 diversam
464 3649 657 3712 sententiam
688 3650 794 3732 magis
822 3648 958 3732 inclino,
990 3670 1105 3732 nempe
1159 3647 1307 3712 adultera
1330 3649 1516 3726 divertium,
1550 3650 1629 3730 quin
1651 3649 1748 3713 simul
1772 3648 1811 3711 ad
1835 3648 1991 3714 iudicium
2020 3652 2130 3718 trahe·

131 3735 214 3816 quod
249 3733 341 3798 Deus
375 3735 428 3798 hio
458 3744 690 3800 commemoret
723 3755 758 3798 se
790 3754 848 3817 per
880 3755 994 3799 servos
1028 3756 1105 3800 euos
1158 3746 1258 3798 retur.
1304 3732 1370 3798 Sed
1398 3732 1540 3798 vidimus
1570 3733 1663 3799 initio
1694 3734 1809 3817 capitis
1840 3735 2013 3801 discrimen
2044 3739 2130 3805 inter

132 3819 307 3901 prophetas
330 3839 497 3884 revocasse
520 3818 630 3884 decem
655 3819 768 3898 tribus,
791 3821 941 3901 quemvis
964 3830 1012 3884 tot
1035 3842 1104 3886 see·
1158 3819 1265 3882 Deum
1299 3831 1330 3882 et
1351 3821 1496 3884 meritos.
1542 3818 1706 3900 Quoniam
1739 3840 1816 3904 ergo
1838 3819 1931 3885 Deus
1964 3845 2028 3888 nnn
2063 3827 2129 3910 egit

133 3906 254 3968 loribus
276 3917 508 3988 provocassent
530 3907 612 3969 iram
637 3926 739 3970 seram.
774 3905 839 3970 Hic
863 3927 940 3991 ergo
963 3907 1105 3972 ostendit
1158 3925 1285 3969 summo
1308 3905 1378 3969 iure
1396 3926 1470 3970 eum
1484 3905 1653 3981 Israelitis,
1678 3926 1783 3988 neque
1801 3910 1938 3988 sumpsit
1957 3911 2128 3992 capitalem

134 3990 239 4066 Deus,
273 4011 370 4072 quam
402 4001 580 4056 contumax
614 3991 713 4056 fuerit
745 3992 913 4075 ingenium
936 3992 1105 4072 Israelitis,
1158 4013 1314 4073 poenam,
1350 3990 1626 4073 quemadmodum
1662 3994 1776 4056 merito
1811 4002 1951 4074 poterat,
1992 4009 2024 4060 et
2057 3998 2129 4063 fieri

131 4077 216 4159 qnod
241 4088 397 4158 expertus
420 4078 518 4142 fuerit
544 4097 584 4140 an
615 4088 724 4159 posset
752 4078 827 4143 illos
856 4079 975 4143 iterum
1000 4079 1039 4142 ad
1070 4100 1104 4143 sc
1158 4078 1257 4141 etiam
1280 4076 1416 4142 solebat:
1441 4076 1513 4142 ideo
1536 4079 1615 4144 dicit
1636 4100 1671 4142 sc
1693 4079 1815 4143 dedisse
1836 4077 1972 4144 libellum
1992 4085 2128 4167 reperdii,

132 4165 303 4245 reducere,
333 4176 367 4226 et
389 4175 499 4226 temen
524 4162 702 4245 perdiderit
724 4186 817 4229 suam
843 4185 985 4247 operam.
1030 4165 1105 4230 Hoc
1158 4164 1219 4228 hcc
1253 4172 1317 4241 est,
1357 4185 1392 4227 se
1426 4164 1602 4230 divortium
1641 4165 1757 4228 fecisse
1794 4184 1866 4227 cum
1907 4166 2024 4250 populo
2061 4169 2126 4233 illo.

131 4249 234 4330 igitur
267 4248 381 4314 Dicere
413 4251 609 4330 interpretor
642 4249 682 4313 de
719 4250 865 4314 doctrina
905 4251 1103 4333 prophetica.
1157 4249 1330 4313 Caeterum
1365 4269 1424 4331 per
1456 4249 1583 4316 tabulas
1617 4249 1741 4331 repudii
1776 4248 1931 4334 intelligit
1964 4254 2127 4321 exsilium.

131 4332 294 4413 Quamvis
317 4355 394 4418 crgo
416 4334 536 4399 diversi
559 4346 669 4399 essent
690 4335 860 4400 Israelitae
888 4335 923 4399 in
953 4338 1021 4402 suis
1042 4339 1104 4401 im·
1157 4336 1243 4400 Nem
1272 4355 1372 4416 quum
1407 4336 1516 4400 decem
1551 4334 1655 4401 tribue
1689 4335 1847 4399 abductae
1881 4337 2031 4414 luerunt,
2066 4340 2127 4405 hoc

131 4421 326 4504 pietatibus,
359 4432 468 4484 temen
492 4442 557 4484 non
582 4430 752 4503 propterea
774 4419 884 4487 destiti
910 4433 1038 4488 tentare
1061 4444 1104 4487 en
1157 4421 1292 4504 perinde
1314 4431 1384 4484 erat
1407 4441 1443 4485 ac
1461 4420 1596 4486 siDeus
1619 4421 1726 4503 palam
1750 4421 1937 4488 ostenderet
1958 4424 2020 4488 sibi
2045 4425 2127 4490 nihil

132 4527 227 4572 ame
249 4505 361 4569 reduci
389 4516 529 4588 possent.
575 4505 724 4588 Denique
750 4509 912 4590 significat
939 4529 973 4571 se
1003 4509 1104 4573 fuisse
1156 4528 1226 4572 esse
1248 4506 1482 4572 coniunctionis
1505 4529 1576 4572 cum
1598 4506 1718 4589 populo
1736 4507 1801 4572 illo.
1834 4508 1919 4572 Nam
1938 4513 2128 4593 quantisper

132 4592 324 4657 dissimilem
347 4593 443 4667 viris,
472 4593 526 4674 qul
550 4612 615 4656 nen
640 4604 776 4674 possunt
797 4593 999 4659 reconciliari
1024 4617 1103 4659 uxo·
1156 4594 1346 4658 habitarunt
1368 4593 1509 4658 interra
1533 4603 1655 4676 sancta,
1680 4602 1712 4658 et
1735 4595 1893 4678 promisse
1917 4594 2126 4672 haereditate,

132 4680 239 4753 ribus,
272 4678 426 4761 quoniam
450 4680 514 4742 urit
537 4699 592 4743 eos
615 4678 792 4760 zelotypia,
826 4679 903 4744 dum
933 4681 1048 4744 vident
1069 4701 1104 4744 se
1156 4679 1307 4742 manebat
1349 4677 1454 4743 adhuc
1496 4679 1683 4762 coniugium
1725 4680 1875 4763 aliquod:
1921 4679 1976 4743 ubi
2016 4692 2125 4746 autem

131 4782 199 4829 tam
233 4765 323 4846 gravi
360 4763 541 4846 ignominia
574 4765 673 4829 fuisso
708 4763 850 4830 effectos.
901 4765 992 4830 Deus
1027 4787 1104 4849 ergo
1156 4766 1293 4846 dispersi
1317 4776 1395 4829 sunt
1417 4765 1481 4831 buc
1504 4775 1601 4848 atque
1623 4765 1714 4845 illuc,
1744 4776 1777 4832 et
1799 4766 1939 4832 cessavit
1963 4767 2048 4849 apud
2071 4789 2126 4833 eos

130 4850 275 4916 ostendit
304 4850 403 4914 etiam
434 4849 487 4913 ubi
517 4851 724 4915 desciverant
754 4852 793 4914 ab
824 4853 894 4933 ipso
924 4852 1104 4934 Israelitae,
1157 4851 1264 4914 omnis
1298 4851 1423 4929 cultus,
1463 4852 1516 4916 ubi
1553 4851 1692 4934 denique
1726 4851 1846 4917 excidit
1880 4873 1999 4916 nomen
2033 4855 2126 4937 regni

132 4954 240 5002 tamen
265 4935 392 5000 misisse
421 4955 497 5000 sues
526 4938 717 5018 prophetas,
750 4947 782 5000 et
811 4937 899 5001 ultro
927 4939 1103 5019 quaesiisse
1128 4904 1131 4995 i
1155 4937 1330 5014 israelitici,
1361 4948 1440 5001 tunc
1463 4938 1553 5003 Dens
1576 4938 1653 5003 fecit
1676 4939 1864 5002 divortium.
1916 4937 2011 5017 Vidit,
2040 4960 2126 5022 ergo,

130 5026 216 5088 viam
241 5021 526 5088 reconciliationis:
561 5022 633 5086 illos
655 5036 763 5086 autem
787 5041 853 5086 non
877 5024 975 5088 luisse
996 5044 1104 5088 rever·
1128 5002 1130 5039 ¹
1153 5045 1241 5088 soror
1258 5024 1327 5088 eius
1342 5023 1492 5104 Iebudub,
1516 5025 1629 5107 inquit,
1653 5028 1680 5088 el
1695 5024 1881 5089 ucrrtimuil.
1917 5023 1997 5087 Fuit
2015 5034 2125 5088 autem

131 5132 193 5174 sos.
232 5110 353 5176 Postea
376 5108 475 5183 addit,
498 5106 543 5172 ut
563 5109 640 5190 cicli,
662 5109 742 5189 quod
764 5128 859 5190 super
879 5108 931 5174 bie
951 5110 1102 5192 munitur,
1127 5102 1130 5183 l
1155 5111 1208 5174 hic
1247 5129 1386 5193 magnus
1428 5121 1558 5193 stupor,
1609 5131 1674 5174 non
1714 5129 1827 5192 sapere
1861 5109 1975 5174 saltem
2019 5111 2125 5175 alieno

131 5198 207 5277 quie
229 5200 362 5261 scutato
385 5199 430 5259 est
449 5193 571 5259 rebellia
593 5193 712 5272 lsrael,
748 5193 869 5268 idest,
904 5194 964 5260 hec
997 5205 1102 5261 totum
1127 5202 1131 5336 ¹
1155 5194 1340 5278 dispendio:
1364 5204 1395 5258 et
1414 5195 1495 5261 haec
1513 5197 1715 5279 querimonia
1736 5197 1855 5278 passim
1879 5195 2018 5260 occurrit
2039 5196 2125 5279 apud

133 5283 215 5348 vidit
237 5302 374 5366 regnum
398 5278 559 5344 Iehndah.
593 5277 787 5346 Videbimus
810 5293 922 5364 postea
947 5302 1102 5365 quorsum
1156 5281 1345 5365 propbetas,
1379 5280 1465 5362 quod
1499 5283 1621 5348 scilicet
1650 5303 1711 5345 non
1735 5281 1873 5346 luissent
1902 5281 2059 5346 stimulati
2084 5283 2124 5348 ad
