4784 5970
191 367 232 434 15
1066 361 1117 429 IN
1138 360 1305 430 Isauri
2141 360 2184 424 16

189 555 288 622 etiam
320 552 488 639 descripsit
521 552 657 619 terribili
695 552 840 636 potentia
880 552 1076 617 instructum
1117 548 1158 615 ad
1210 549 1400 631 interposita
1422 549 1508 615 nube
1529 549 1672 632 potentia
1692 550 1757 614 Dei
1779 548 1986 616 obscuratur:
2009 549 2185 615 haeremus

189 639 302 724 populi
324 640 376 704 sui
398 637 637 720 defensionem,
664 638 751 720 quod
778 638 898 702 iterum
926 656 1001 702 mox
1029 635 1156 718 repetit.
1211 634 1351 711 attoniti,
1383 655 1421 701 ac
1443 634 1471 701 si
1493 653 1513 699 a
1535 635 1676 700 Domino
1699 633 1847 700 destituti
1869 656 1908 702 au
1934 634 2074 719 neglecti
2095 655 2184 700 esse-

189 726 254 792 Hic
276 744 447 807 perennem
469 724 574 810 magis
595 723 767 789 amabilem
790 724 919 797 tribuit,
948 730 997 786 nt·
1013 721 1159 787 suaviter
1211 740 1295 785 mus.
1341 719 1393 786 Nc
1413 718 1523 804 quidi
1550 721 1614 785 'tur
1635 719 1689 785 hic
1711 721 1847 806 vulgare
1870 720 1932 786 dici
1962 721 2183 787 arbitremur:

191 812 357 894 quiescant
379 809 495 876 fideles
524 809 584 876 sub
606 811 676 875 eius
708 808 863 876 custodie.
914 806 984 871 Iam
1007 805 1158 889 quamvis
1211 805 1335 888 quiesi
1358 805 1440 872 bene
1461 806 1525 872 insi
1550 812 1620 870 eret
1641 806 1760 871 animis
1774 808 1895 872 nostris
1914 805 1995 872 hacc
2014 805 2185 890 persuasio

190 894 251 962 snb
271 895 382 981 gregis
405 896 537 961 nomine
555 894 703 979 designet
723 893 861 960 eiectum
880 892 1044 977 populum,
1066 891 1159 959 cuius
1212 890 1375 972 potentiae
1397 891 1475 968 Dei,
1498 911 1668 974 nunquam
1690 891 1738 957 ita
1758 894 1972 976 agitaremur,
1995 912 2099 974 nsque
2121 911 2185 955 nos

189 980 326 1082 regendi
359 1001 472 1047 curam
505 990 709 1063 susceperat,
738 1000 910 1045 monemur
944 987 1055 1044 temen
1090 998 1156 1041 non
1212 976 1370 1042 adversae
1391 976 1591 1043 calamitates
1621 976 1706 1042 ullae
1735 977 1972 1060 perturbarent.
2017 977 2102 1043 Huic
2124 997 2185 1059 po·

189 1068 262 1133 alius
277 1067 385 1131 Deum
403 1068 471 1132 iore
489 1077 661 1151 pastorem,
684 1065 746 1130 uisi
766 1067 820 1149 qui
840 1064 998 1131 modestia
1015 1075 1049 1128 et
1065 1083 1159 1127 mau-
1212 1061 1343 1139 tentiae,
1366 1067 1404 1126 ut
1426 1062 1547 1128 dictum
1571 1072 1636 1146 est,
1663 1062 1799 1128 innixus
1821 1063 1885 1127 luit
1907 1061 2093 1141 Abrabam,
2116 1081 2185 1144 quo

190 1150 363 1218 suetudine
399 1171 477 1216 ores
512 1162 545 1217 et
620 1173 679 1217 nos
714 1150 936 1216 imitabuntur.
980 1150 1160 1231 Propterea
1211 1166 1325 1212 secure
1347 1159 1456 1230 possea
1477 1147 1629 1230 amplecti
1646 1146 1733 1230 quod
1752 1148 1870 1232 alioqui
1888 1147 2079 1215 incredibile
2101 1157 2184 1211 erat.

190 1236 331 1302 conditio
354 1237 463 1320 gregis
484 1247 586 1302 notan
610 1258 630 1302 a
651 1246 709 1302 est.
743 1235 812 1302 Nec
828 1235 915 1300 enim
936 1235 1007 1301 vuit
1028 1254 1160 1317 pascere
1210 1231 1290 1297 Ideo
1312 1233 1454 1299 elfirmat
1475 1233 1597 1299 Penius
1618 1233 1725 1316 ipsum
1748 1254 1896 1317 sperasse
1917 1244 2047 1316 praeter
2075 1253 2184 1316 spem:

190 1322 277 1388 ieras
298 1321 489 1404 indomitas,
519 1322 575 1389 sed
598 1341 708 1407 agnos.
752 1320 915 1387 Eruenda
943 1319 1080 1404 proinde
1110 1328 1159 1384 cst
1212 1338 1306 1402 posse
1328 1319 1415 1383 cuim
1433 1317 1539 1385 lacere
1556 1318 1666 1384 Deum
1683 1317 1746 1386 sibi
1764 1320 1924 1402 persuasit
1941 1339 2025 1402 quae
2046 1319 2186 1395 dixerat,

189 1408 308 1474 lerocia
330 1418 450 1485 nostre,
473 1415 510 1472 ut
531 1428 590 1472 nos
612 1409 749 1474 ciourari
771 1408 948 1490 patiamur,
971 1407 1000 1471 si
1021 1404 1159 1470 velimus
1213 1422 1273 1468 uec
1294 1404 1480 1484 fluctuatus,
1501 1414 1558 1470 aut
1579 1405 1689 1469 animo
1712 1403 1899 1472 debilitatus
1921 1420 1980 1469 est.
2017 1404 2187 1470 Dooemur

189 1492 224 1558 iu
252 1492 354 1571 oviis,
390 1493 482 1560 cuius
513 1514 548 1559 se
571 1493 740 1559 custodem
771 1494 839 1558 lore
866 1491 1030 1576 promittit
1057 1491 1158 1567 Deus,
1213 1509 1290 1573 ergo
1311 1488 1419 1556 oculos
1448 1488 1597 1555 attollere
1623 1509 1723 1573 supra
1749 1490 1839 1556 buno
1868 1489 2041 1567 mundum,
2072 1511 2112 1554 ne
2141 1509 2187 1553 ex

190 1578 373 1663 aggregari.
1184 1515 1320 1658 lepecie
1352 1597 1462 1640 rerum
1494 1575 1692 1659 iudicemus,
1732 1574 1789 1641 sed
1821 1576 1970 1641 futurum
2002 1584 2187 1640 statuemus

275 1661 456 1749 (Portobit.)
484 1664 548 1730 His
561 1664 668 1730 verbis
687 1664 880 1747 exprimitur
901 1660 1079 1746 singularis
1097 1661 1161 1726 Dei
1212 1659 1298 1743 quod
1321 1680 1340 1723 a
1363 1661 1433 1725 Deo
1456 1661 1669 1728 dictumest:
1699 1660 1786 1745 qnod
1817 1661 1927 1727 omnia
1949 1661 1984 1727 in
2007 1661 2076 1726 eius
2097 1659 2186 1724 arbi·

190 1748 413 1834 indulgentia,
442 1749 603 1833 quianon
622 1749 716 1815 modo
737 1749 773 1814 in
796 1758 899 1815 totum
922 1768 1056 1833 gregem
1077 1767 1161 1812 com·
1213 1745 1277 1810 trio
1299 1747 1405 1829 posite
1434 1746 1509 1813 sint.
1553 1747 1647 1812 Hecc
1676 1749 1843 1830 persuasio
1872 1767 1973 1830 quum
2002 1746 2187 1811 necessaria

192 1837 285 1900 muni
315 1835 434 1899 amoris
467 1835 585 1900 effectu
614 1835 760 1912 ducitur,
793 1833 850 1900 sed
884 1844 981 1916 prout
1013 1853 1161 1915 quaeque
1213 1832 1256 1896 sit
1286 1830 1454 1909 omnibus,
1488 1841 1556 1896 tum
1592 1852 1669 1897 vero
1697 1832 1828 1898 Iudaeis
1860 1853 1899 1897 ea
1927 1833 2070 1898 maxime
2102 1852 2187 1914 opus

192 1921 263 1985 ovis
289 1917 451 1984 imbecilla
473 1921 586 1999 fuerit,
616 1920 867 1986 sollicitudinem
890 1919 925 1984 iu
947 1939 986 1984 ea
1007 1917 1160 1993 curanda,
1213 1917 1313 1982 inisse
1334 1917 1451 1981 merito
1474 1915 1551 1982 dixi.
1592 1918 1803 2003 Urgebantur
1832 1920 1919 1982 enim
1950 1939 1969 1983 e
1998 1917 2187 1999 potentissi-

193 2013 227 2071 et
236 2003 473 2070 humanitatem
489 2005 524 2069 in
540 2005 687 2085 fovenda,
707 2016 740 2072 et
754 2004 960 2071 tolerantiam
978 2006 1012 2068 ιιι
1027 2003 1162 2069 ferenda
1215 2003 1276 2067 mis
1307 2001 1475 2081 hostibus,
1508 2003 1669 2085 praeclusi
1702 2017 1797 2069 erant
1831 2003 1955 2080 editus,
1987 2002 2079 2067 nulia
2109 2021 2187 2083 spes

193 2090 345 2156 declarat.
397 2089 436 2154 In
468 2111 531 2173 quo
566 2091 648 2157 nibil
678 2091 802 2157 omittit
831 2089 918 2174 quod
949 2089 990 2154 ed
1017 2088 1162 2156 oliicium
1214 2086 1374 2153 libertatis
1407 2101 1496 2152 erat:
1537 2088 1620 2153 nihii
1660 2089 1801 2172 undique
1840 2089 2016 2172 apparebat
2055 2097 2188 2170 praeter

194 2177 268 2241 boni
291 2177 428 2258 pastoris
451 2177 621 2259 pertineat.
658 2176 817 2260 Singulae
837 2177 924 2240 euim
942 2195 1019 2241 οιιι
1040 2173 1162 2257 pastori
1215 2183 1341 2239 vestam
1357 2181 1390 2238 et
1404 2174 1570 2239 horridam
1585 2173 1804 2240 solitudinem.
1830 2173 2052 2255 Quamobrem
2064 2175 2189 2238 frustra

192 2260 429 2344 inspiciendae,
459 2265 496 2325 ut
524 2263 590 2326 iliis
618 2284 676 2345 pro
698 2263 856 2344 cuiusque
878 2268 976 2341 captu
998 2259 1161 2325 consulat:
1216 2258 1296 2341 ipsis
1317 2257 1417 2324 allata
1438 2259 1553 2325 fuisset
1571 2258 1755 2339 consolatio,
1778 2260 1842 2325 nisi
1860 2260 1973 2324 moniti
1990 2281 2011 2324 e
2028 2258 2189 2342 propheta

113 2426 116 2433 .
193 2346 385 2430 praesertim
418 2346 640 2412 sublevandae
677 2358 755 2412 sunt
795 2349 823 2412 si
864 2345 987 2411 debiles
1028 2346 1162 2410 nimium
1217 2353 1343 2409 mentes
1370 2345 1405 2408 in
1432 2345 1557 2409 coelum
1586 2345 1801 2426 extulissent,
1836 2353 2004 2427 totumque
2038 2345 2189 2408 animum

194 2432 325 2496 fuerint.
375 2430 514 2496 Summa
543 2440 608 2511 cst,
639 2432 747 2496 Deum
781 2434 813 2496 in
846 2432 914 2497 suis
942 2429 1164 2514 gubernandis
1217 2449 1323 2508 suum,
1346 2430 1574 2512 praetermissa
1596 2452 1705 2495 rerum
1727 2432 1842 2514 specie,
1865 2432 1901 2494 in
1923 2431 2099 2513 potentiam
2122 2429 2188 2493 Dei

193 2518 317 2593 mitem,
339 2516 532 2594 humanum,
555 2516 734 2601 placidum,
766 2527 801 2582 et
822 2515 1061 2582 misericordem
1083 2515 1163 2598 fore,
1218 2517 1312 2580 unice
1334 2514 1559 2581 intendissent.
1593 2516 1684 2580 Dum
1702 2537 1873 2581 mensuras
1891 2517 2048 2594 nominet,
2069 2512 2189 2596 quibus

194 2612 231 2668 ut
251 2601 428 2669 imbecilles
450 2623 576 2686 quoque
599 2603 730 2668 minime
752 2611 866 2686 urgeat
888 2602 975 2667 nitra
997 2601 1164 2666 modulum
1218 2599 1368 2666 homines
1385 2602 1418 2665 in
1435 2603 1578 2666 minimis
1593 2604 1690 2667 rebus
1706 2613 1853 2681 utuntur,
1871 2599 2093 2666 accommodet
2114 2617 2189 2665 sese

194 2708 272 2754 suec
295 2687 477 2753 tenuitatis.
1217 2685 1353 2752 ruditati
1376 2698 1515 2753 nostrae.
1555 2685 1611 2754 Sic
1633 2691 1720 2752 enim
1743 2688 1909 2754 nobiscum
1932 2687 2094 2751 Dominus
2115 2682 2188 2749 bal·

281 2774 330 2838 12.
364 2771 459 2858 (Quis
490 2793 616 2839 ιιιιιιιιι
648 2777 716 2859 ιιι.)
767 2773 947 2857 Postquam
980 2773 1020 2840 de
1061 2773 1165 2837 amica
1218 2768 1325 2837 botire
1350 2774 1450 2850 sciet,
1477 2783 1575 2856 atque
1601 2773 1832 2838 similitudines
1861 2773 2008 2836 mutuari
2043 2770 2188 2836 erebus

195 2856 260 2922 Dei
292 2858 510 2923 sollicitudine
538 2859 692 2925 disseruit
721 2859 756 2924 in
789 2859 906 2943 pupulo
939 2879 999 2925 suo
1033 2856 1164 2941 tuendo,
1218 2878 1299 2940 quae
1322 2858 1415 2923 nobis
1445 2859 1581 2923 usitatae
1610 2870 1700 2937 suut,
1731 2880 1831 2941 quum
1861 2858 1901 2922 de
1930 2859 2098 2922 maiestate
2127 2875 2189 2919 sua

195 2964 283 3008 nunc
305 2942 450 3008 eiusdem
472 2945 651 3026 potentiam
672 2944 854 3026 praedicet,
888 2965 1024 3027 eamque
1046 2942 1165 3025 quibus
1217 2943 1378 3026 loquitur:
1401 2955 1439 3009 ut
1460 2944 1576 3009 melius
1597 2943 1858 3027 magnitudinem
1875 2944 1944 3008 eine
1967 2953 1999 3007 et
2018 2950 2189 3025 praestan·

195 3035 301 3110 potest
318 3028 472 3094 encomiis
485 3029 620 3106 extollit,
642 3049 723 3110 quae
742 3039 850 3094 temen
863 3031 1038 3094 nosmiuus
1056 3028 1164 3093 effice·
1218 3029 1296 3092 tiam
1315 3027 1413 3093 rudes
1429 3040 1461 3093 et
1475 3038 1635 3112 angustae
1651 3040 1778 3095 mentes
1794 3030 1984 3112 percipient.
2008 3028 2190 3094 Facessaut

196 3122 282 3191 rent,
304 3114 369 3177 nisi
391 3115 507 3177 attenti
530 3134 675 3179 essemus
704 3113 744 3177 ed
774 3114 944 3180 consilium
975 3113 1163 3198 prophetae.
1216 3113 1318 3196 igitur
1333 3134 1445 3179 omues
1462 3134 1590 3180 crassae
1605 3114 1645 3179 de
1661 3116 1732 3180 Deo
1746 3114 2010 3199 imaginationes:
2033 3113 2189 3196 quoniam

195 3198 306 3263 Primo
340 3199 459 3263 iutuitu
493 3210 646 3283 putarent
677 3198 822 3282 imperiti
861 3200 993 3283 congeri
1033 3199 1165 3264 mutiles
1217 3198 1441 3281 magnitudine
1463 3221 1522 3265 sua
1544 3198 1693 3265 absorbet
1715 3220 1826 3266 omnes
1844 3210 2020 3281 creaturas,
2043 3208 2080 3263 ut
2101 3196 2188 3261 nihil
2217 3195 2220 3202 ’

195 3284 376 3348 sententias
399 3304 418 3349 a
439 3285 611 3368 propbeta,
633 3284 718 3367 quod
740 3284 897 3367 frigidum
924 3295 1020 3350 esset.
1063 3284 1165 3367 Atqui
1216 3305 1294 3366 pree
1317 3286 1387 3367 ipso
1408 3286 1475 3349 sint
1496 3284 1640 3361 coelum,
1664 3295 1768 3360 terre,
1792 3305 1897 3363 mere,
1919 3298 1952 3350 et
1972 3283 2129 3367 quidquid
2151 3282 2188 3346 in

195 3369 224 3433 si
246 3370 344 3434 finem
356 3379 548 3451 spectemus,
571 3370 765 3454 tempestive
776 3370 842 3435 Dei
851 3372 1032 3453 potentiam
1054 3369 1163 3453 splen·
1217 3371 1264 3433 eis
1300 3371 1501 3449 continetur,
1541 3371 1674 3436 temetsi
1709 3372 1868 3437 immense
1906 3391 2019 3436 eorum
2057 3367 2188 3453 magni-

196 3453 272 3520 dide
294 3455 442 3520 oratione
464 3465 617 3535 exornat,
649 3476 731 3537 quae
752 3475 832 3522 vera
854 3464 903 3520 est
930 3455 1006 3520 fidei
1034 3464 1164 3521 nostrae
1217 3454 1296 3521 tudo
1318 3455 1370 3520 sit.

194 3540 329 3617 luitura,
351 3561 393 3605 ne
415 3539 599 3606 dubitemus
621 3542 782 3606 lecturum
805 3561 875 3605 esse
897 3540 982 3624 quod
1005 3540 1165 3623 pollicitus
1303 3541 1343 3606 13
1373 3551 1405 3606 et
1434 3541 1484 3607 14.
1518 3540 1614 3627 (Quis
1635 3542 1792 3626 aedicit.)
1835 3542 1931 3607 Nunc
1960 3540 1999 3605 de
2027 3539 2190 3622 sepientis

196 3634 255 3691 est.
299 3626 372 3690 Nou
402 3626 459 3691 abs
487 3648 524 3691 re
552 3624 631 3693 dicit
652 3626 776 3691 Paulus
799 3626 906 3710 (Rom.
929 3627 959 3707 4,
981 3626 1036 3711 20)
1058 3626 1165 3693 Abra·
1217 3626 1352 3693 Domini
1374 3626 1461 3692 idem
1482 3629 1614 3694 subiicit
1635 3629 1811 3712 propbeta,
1834 3627 1918 3710 qnod
1941 3627 1981 3691 de
2003 3626 2072 3690 eius
2094 3625 2189 3688 boni·

195 3708 273 3774 bem
295 3711 430 3774 minime
452 3711 638 3790 haesitasse,
661 3712 737 3793 quie
748 3712 866 3790 Deum,
885 3713 940 3794 qui
962 3713 1165 3797 promiserat,
1218 3721 1284 3778 tate
1306 3723 1339 3777 et
1360 3714 1506 3796 potentia
1523 3714 1686 3778 docuerat.
1723 3718 1772 3778 Ac
1790 3713 1933 3778 notanda
1950 3722 1999 3777 est
2017 3712 2207 3791 connexio,¹

195 3794 311 3860 statuit
333 3802 498 3875 potentem
520 3817 590 3862 esse
612 3797 653 3862 ad
670 3797 769 3863 iidem
786 3797 895 3864 verbis
912 3798 979 3864 suis
999 3809 1165 3880 praestan·
1217 3798 1294 3880 quia
1325 3798 1421 3864 sicuti
1450 3799 1592 3882 maligne
1615 3800 1675 3864 Dei
1699 3799 1855 3864 virtutem
1885 3799 2052 3878 restringit
2080 3797 2190 3861 cernis

197 3879 282 3946 dem.
327 3879 401 3961 Quo
423 3885 519 3947 etiam
543 3903 641 3946 sensu
664 3883 741 3947 alibi
762 3880 806 3968 (2.
829 3884 912 3948 Tim.
938 3886 966 3962 l,
990 3883 1043 3968 12)
1070 3883 1110 3948 de
1131 3904 1166 3950 se
1217 3904 1333 3949 seusus
1361 3883 1402 3948 ad
1446 3893 1576 3949 terrene
1619 3885 1740 3961 media,
1784 3886 1830 3949 sic
1862 3903 2032 3967 perperam
2064 3882 2190 3946 iucom-

197 3972 353 4030 testatur:
392 3964 468 4033 Scio
508 3967 561 4031 cui
593 3966 802 4033 crediderim:
840 3977 953 4050 potens
992 3979 1043 4034 est
1074 3970 1166 4034 Dens
1217 3967 1437 4052 prehensibile
1459 3971 1528 4035 eius
1549 3970 1720 4035 consilium
1741 3970 1893 4034 humanis
1915 3966 2092 4033 rationibus
2110 3966 2189 4031 sub·

197 4071 329 4116 servare
370 4051 554 4134 depositum
595 4073 714 4118 meum.
776 4052 900 4119 Eodem
941 4052 1047 4118 tendit
1083 4054 1165 4119 iliud
1216 4056 1293 4122 iicit.
1337 4055 1452 4121 Donec
1474 4056 1617 4120 emineat
1642 4056 1733 4121 Deus
1754 4076 1853 4140 supra
1875 4074 1988 4119 omncs
2010 4060 2187 4130 creaturas,

197 4135 337 4216 christi,
366 4136 467 4202 Pater
488 4139 544 4220 qui
568 4158 624 4204 vos
647 4136 727 4202 mibi
750 4138 854 4218 dedit,
884 4140 987 4204 maior
1015 4139 1166 4206 omnibus
1217 4141 1321 4205 muita
1342 4161 1412 4206 sese
1434 4141 1591 4225 ingerunt
1611 4161 1693 4223 quae
1715 4161 1849 4207 cursum
1870 4159 2005 4224 operum
2033 4139 2103 4202 eius
2124 4137 2186 4200 im·

197 4230 248 4288 cst
275 4220 359 4306 (Iob.
390 4223 447 4299 10,
478 4222 543 4306 29).
586 4223 676 4307 Ergo
705 4223 781 4306 qnia
810 4224 904 4290 nobis
933 4224 1061 4290 assidue
1090 4245 1165 4291 cnm
1218 4225 1360 4308 pediant.
1404 4226 1494 4310 Ergo
1515 4227 1544 4292 si
1566 4248 1608 4291 ex
1629 4236 1740 4291 nostre
1761 4227 1913 4308 opinione
1934 4223 2089 4289 iudicium
2111 4222 2187 4286 ieci-

198 4305 379 4371 dilfidentia
400 4307 592 4373 luctandum
620 4312 685 4385 est,
715 4308 892 4391 multisque
922 4309 1080 4375 machinis
1107 4332 1165 4375 nos
1216 4332 1307 4390 mus,
1339 4311 1495 4393 obrepant
1528 4313 1673 4394 protinus
1705 4313 1816 4376 variae
1848 4309 2074 4375 dubitationes.
2130 4306 2188 4372 Sic

197 4391 327 4476 impetit
349 4390 468 4470 Satan,
499 4402 535 4457 nt
566 4393 663 4458 fidem
697 4393 784 4477 apud
818 4415 876 4460 uos
907 4395 1076 4460 obtineant
1102 4395 1165 4461 Dei
1218 4399 1346 4479 quoties
1367 4418 1433 4463 non
1456 4399 1769 4480 apparetquomodo
1788 4395 1920 4461 bouvel
1941 4395 2023 4459 iilud
2042 4397 2187 4458 fecturus

196 4477 442 4562 promissiones,
471 4480 634 4561 potentiae
662 4480 733 4545 eins
754 4477 882 4544 laudem
901 4499 1000 4562 quam
1023 4491 1167 4546 meretur
1217 4481 1261 4547 sit
1282 4482 1384 4560 Deus,
1407 4503 1449 4546 an
1471 4483 1620 4548 futurum
1643 4483 1686 4549 sit
1706 4483 1910 4566 ambigimus,
1939 4483 2016 4563 quia
2037 4477 2186 4561 impossi-

197 4563 343 4628 tribuere
365 4564 643 4647 operaepretium
666 4574 724 4630 est.
768 4564 838 4630 Iam
865 4566 941 4647 quia
968 4564 1166 4632 incredibilis
1217 4566 1282 4632 biic
1320 4567 1450 4632 videtur
1489 4567 1574 4652 quod
1613 4569 1773 4633 rationem
1815 4577 1959 4632 nostram
1998 4574 2186 4647 exsuperet.

198 4658 269 4714 erat
301 4649 411 4732 popuii
444 4649 624 4727 restitutio,
664 4651 734 4733 pias
774 4659 899 4715 mentes
931 4649 1035 4714 attolli
1068 4672 1167 4734 supra
1217 4653 1308 4735 Ergo
1329 4661 1367 4717 ut
1390 4661 1520 4719 nostrae
1540 4654 1723 4718 infirmitati
1741 4654 1922 4737 potentiam
1941 4652 2004 4716 Dei
2022 4668 2187 4734 opponere

198 4733 359 4798 mundum
389 4755 519 4800 necesse
546 4734 626 4813 init,
659 4756 700 4800 ne
725 4735 790 4800 Dei
821 4735 960 4817 gretiam
993 4734 1166 4819 alligarent
1217 4738 1385 4802 convenit:
1414 4739 1459 4804 sic
1489 4739 1655 4804 audaciam
1685 4749 1829 4804 uostrmn
1860 4756 2060 4817 compescere
2090 4733 2187 4798 debet

198 4819 352 4885 humanis
374 4820 496 4885 mediis.
531 4818 691 4885 Videmus
711 4831 829 4886 utnon
848 4819 1036 4904 simpliciter
1054 4821 1167 4888 doceat
1217 4822 1479 4906 incomparabilis
1511 4825 1580 4889 eins
1612 4825 1781 4906 sapientia.
1831 4822 2001 4904 Quaerens
2034 4842 2076 4885 en
2110 4819 2187 4901 quis

198 4905 360 4988 propbeta
382 4904 489 4970 Deum
512 4926 583 4970 esse
610 4905 690 4971 coeii
719 4916 752 4970 et
781 4917 887 4971 terrae
917 4906 1077 4988 opificem:
1108 4908 1165 4972 sed
1218 4909 1380 4990 aptaverit
1402 4911 1454 4974 vel
1477 4909 1635 4976 direxerit
1655 4911 1806 4992 spiritum
1828 4908 1901 4985 Dei,
1934 4908 2095 4989 significat
2118 4924 2187 4967 uon

199 4990 355 5072 quidquid
377 4993 492 5055 recitat
514 4990 553 5054 de
575 4991 734 5056 immensa
762 4991 832 5055 eius
855 4992 975 5056 virtute
1003 4991 1043 5056 ed
1073 5012 1165 5074 pree·
1217 5013 1299 5074 opus
1331 4993 1429 5060 fuisse
1462 4995 1618 5077 magistro
1652 4996 1707 5077 qui
1740 4996 1895 5077 praeiret,
1930 4992 1980 5056 vei
2015 4992 2054 5056 de
2087 4990 2187 5055 rebus

199 5084 324 5141 sentem
347 5096 478 5142 oausam
501 5075 727 5151 accommodet,
750 5076 846 5140 sicuti
867 5074 908 5139 ed
926 5097 1022 5141 usum
1039 5097 1165 5160 quoque
1217 5078 1390 5162 incognitis
1405 5099 1479 5144 eum
1494 5090 1650 5144 moneret.
1678 5077 1835 5160 Spiritum
1849 5090 1957 5143 eutem
1973 5098 2033 5160 pro
2048 5077 2187 5154 ratione,

199 5171 346 5226 nostrum
375 5159 471 5227 hodie
499 5161 647 5244 pertinet.
698 5161 808 5242 Quum
840 5161 930 5225 nobis
958 5161 1079 5245 eiiquid
1109 5163 1165 5227 ad·
1217 5162 1343 5242 iudicio,
1373 5165 1425 5230 vei
1456 5173 1564 5229 mente
1593 5164 1719 5247 accipit.
1762 5165 1936 5228 Mutuetur
1957 5165 2047 5228 enim
2069 5159 2184 5226 simili·

199 5247 286 5313 versi
305 5247 471 5330 contingit,
493 5247 581 5314 salus
596 5256 708 5314 ιιοιιιι
722 5245 910 5312 abscondita
925 5255 985 5324 cst,
1008 5266 1044 5312 ao
1062 5247 1163 5313 veluti
1216 5248 1363 5314 tudinem
1395 5272 1435 5315 ex
1468 5248 1636 5314 homiuum
1666 5258 1798 5332 natura,
1831 5269 1894 5332 quo
1921 5250 2027 5332 magis
2055 5267 2089 5313 se
2118 5245 2187 5313 illis
