4784 5970
128 364 190 429 617
859 363 909 430 ΙΝ
931 362 1180 431 mnemon.
1225 361 1321 430 cAP.
1345 362 1384 427 V.
2057 368 2120 433 618

129 552 275 618 studeret
296 552 439 618 retinere
461 552 496 617 in
518 552 634 619 efficio.
681 551 780 630 Dicit,
808 551 854 618 Et
874 553 985 618 ἅιιιιι
1005 572 1101 618 mere»
1151 550 1308 635 quidquid
1336 561 1386 616 est
1407 550 1482 616 tale.
1525 550 1639 634 Neque
1669 551 1757 616 enim
1792 551 1925 619 dubium
1959 561 2010 619 est
2042 555 2121 638 quin

128 638 216 705 tricis
244 658 278 703 se
298 639 385 721 ipsos
413 643 670 722 ιιιινιιιιεηιιι
697 639 805 705 emal.
848 637 964 704 Potest
984 637 1019 702 in
1042 658 1101 702 ne·
1151 657 1225 702 rees
1256 644 1393 720 peregat
1414 637 1553 702 Iudaeos
1585 637 1863 721 transgressionis,
1896 638 1983 721 quod
2008 640 2049 705 ed
2073 663 2122 707 se·

129 725 288 789 minativo
320 745 396 790 casu
430 726 548 807 accipi,
579 732 620 788 ut
646 724 761 790 Iudeei
795 734 951 791 venentur
984 723 1101 789 domus
1151 720 1291 789 cendam
1315 721 1396 806 legis
1418 721 1563 788 tabulam
1586 723 1714 788 attinet.
1759 723 1879 790 Postea
1900 723 2060 810 adiungit,

129 810 325 877 meretricis:
358 811 451 893 quasi
480 809 603 875 diceret
631 809 791 892 prophete
813 818 915 875 tetam
938 809 1100 892 Ierosoly·

129 915 217 960 mam
240 907 273 960 et
295 895 450 961 iudaeam
474 915 545 961 esse
566 896 659 978 quasi
681 895 859 979 lupanaria.
900 895 968 960 Alii
990 901 1100 959 temen
1236 895 1266 960 9.
1289 893 1343 957 Aa
1364 912 1424 958 ιιι
1446 912 1539 974 super
1559 891 1610 958 bie
1632 893 1697 979 (vel
1720 914 1763 958 an
1779 914 1877 977 snper
1895 895 1969 983 bec)
1991 897 2122 964 visitabo

129 980 329 1046 subaudiunt
354 993 383 1060 2,
413 980 498 1064 qued
521 981 794 1065 congregaverint
814 1002 849 1047 se
872 983 965 1063 quasi
986 981 1021 1046 in
1045 980 1101 1046 do·
1133 977 1218 1065 .(vel
1247 1001 1314 1044 nen
1341 978 1539 1064 visitarem),
1571 979 1648 1044 dicit
1669 978 1835 1046 Iebeoeb?
1868 985 1960 1047 ιιιι
1980 983 2016 1048 ιι
2034 989 2123 1067 geste

128 1086 220 1131 mum
242 1067 439 1133 meretricis:
466 1066 582 1133 etheo
604 1067 700 1132 mode
723 1065 884 1132 alluderet
905 1066 946 1131 ad
969 1066 1100 1149 temple.
1151 1085 1230 1147 quoe
1250 1066 1326 1132 telis
1346 1068 1391 1129 est
1417 1062 1514 1149 (quae
1536 1065 1716 1130 seeundum
1738 1066 1836 1153 hanc)
1861 1086 1923 1133 ιιι
1944 1087 1976 1133 se
1997 1069 2122 1136 coece

128 1151 192 1216 Est
213 1163 323 1216 antem
345 1152 408 1219 hec
429 1152 559 1236 signum
588 1152 818 1235 impudentiae,
849 1150 903 1216 nbi
926 1163 1044 1217 coeunt
1065 1153 1101 1216 in
1152 1155 1205 1216 tar
1226 1154 1334 1218 ιιιιιι
1355 1150 1450 1216 mec?

129 1256 226 1302 unam
251 1236 382 1302 domum
413 1237 525 1320 plures
546 1237 688 1303 adulteri
710 1238 763 1303 vel
784 1247 994 1304 scortatores:
1024 1257 1100 1302 nem

128 1322 232 1404 pudet
260 1325 358 1387 etiam
392 1323 511 1390 multos
544 1343 677 1389 suarum
711 1324 956 1400 scortationum,
990 1324 1035 1388 ita
1063 1331 1101 1388 ut
1236 1323 1363 1387 Iterum
1381 1323 1473 1388 Deus
1495 1342 1568 1388 cum
1589 1321 1669 1405 ipsis
1691 1324 1918 1404 communicet,
1940 1324 2067 1390 etfacit
2084 1325 2119 1408 ip

128 1407 363 1491 turpitudinem
387 1430 479 1475 suem
502 1409 676 1476 occultent.
709 1409 774 1476 Ubi
797 1424 905 1473 autem
929 1408 1100 1473 turmatim
1151 1428 1226 1473 enm
1247 1409 1355 1486 finem,
1378 1419 1415 1472 ut
1432 1422 1616 1491 compescat
1634 1428 1746 1473 omnes
1763 1430 1874 1474 eornm
1892 1410 2120 1492 querimonias,

128 1495 332 1560 conveniunt
362 1497 453 1577 quasi
475 1509 583 1560 erecto
605 1494 738 1572 vexillo,
771 1495 901 1578 signum
924 1504 983 1571 est,
1017 1493 1098 1559 nihil
1151 1504 1184 1559 et
1205 1516 1242 1559 os
1263 1494 1329 1559 illis
1361 1493 1521 1571 occludat,
1553 1514 1596 1558 ne
1617 1494 1784 1577 excipiant
1812 1518 1846 1560 se
1869 1496 1969 1560 nimis
1996 1495 2122 1560 duriter

129 1579 268 1662 amplius
298 1601 368 1645 esse
390 1579 533 1664 pudoris,
563 1580 620 1646 sed
642 1581 774 1663 eosqui
796 1582 842 1644 ita
870 1589 1098 1663 prorumpunt,
1151 1580 1294 1644 tractari.
1333 1579 1422 1664 Ergo
1444 1601 1486 1644 ne
1508 1600 1572 1661 que
1593 1578 1658 1644 illis
1681 1580 1816 1645 obiectio
1838 1592 1980 1659 maneat,
2002 1582 2121 1647 iterum

128 1663 251 1730 similes
274 1687 344 1732 esse
366 1665 471 1731 brutis
494 1667 681 1748 pecudibus.
726 1666 888 1731 Convenit
916 1667 1019 1750 igiter
1041 1686 1098 1748 ep·
1150 1667 1268 1748 repetit
1288 1664 1381 1730 Deus
1411 1686 1446 1730 se
1474 1685 1540 1730 non
1574 1685 1668 1747 pesse
1699 1667 1866 1731 remittere
1899 1679 1965 1732 tam
1998 1668 2121 1734 atrocia

127 1751 206 1815 time
228 1751 282 1817 hic
304 1771 427 1830 sensus,
459 1751 545 1835 quod
573 1753 763 1835 congregati
791 1751 915 1815 fuerint
943 1751 1041 1816 simul
1064 1752 1098 1815 in
1149 1751 1281 1816 seelera.
1325 1750 1436 1816 Sumit
1464 1766 1573 1816 sutem
1602 1752 1663 1815 hec
1692 1752 1899 1836 principium,
1933 1752 2023 1817 Fieri
2053 1774 2119 1816 non

127 1835 308 1918 lupanaria,
337 1839 393 1919 qui
417 1836 641 1921 gloriabantur
663 1837 696 1902 in
719 1837 787 1902 suis
812 1835 1098 1919 superstitionibus
1149 1856 1243 1918 pesse
1265 1836 1342 1920 quin
1366 1856 1487 1918 pesnas
1509 1847 1618 1900 sumet
1639 1835 1679 1901 de
1701 1836 1869 1902 sceleratis
1899 1837 1955 1920 qui
1982 1858 2046 1903 non
2070 1858 2119 1903 re·

127 1930 160 1986 et
182 1923 371 2005 sacrilegiis.
414 1923 581 2005 Sequitur,
1148 1923 1314 2005 sipisount.
1365 1921 1451 1987 Nam
1483 1923 1512 1988 ιι
1543 1921 1635 1987 Ι)ιιι
1668 1930 1719 1987 ιιι
1750 1922 1850 1989 iudex
1883 1923 2015 2000 mundi,
2054 1945 2119 1988 nen

1148 2018 1255 2092 petest
1277 2008 1382 2091 magis
1402 2007 1564 2091 abnegare
1592 2028 1690 2072 suum
1718 2006 1884 2084 iudicium,
1918 2028 2014 2090 quam
2044 2029 2119 2091 pro·

213 2093 242 2158 8.
272 2091 361 2174 Equi
385 2095 523 2177 saginati
552 2092 622 2180 (alii
643 2101 788 2170 vertunt,
818 2093 946 2175 armati,
976 2094 1096 2159 intelli·
1147 2094 1254 2176 priam
1275 2092 1460 2159 essentiam.
1506 2092 1615 2173 Quum
1639 2095 1740 2176 igitur
1762 2094 1841 2160 hoec
1863 2094 1931 2158 sint
1951 2094 2118 2176 insepara-

126 2183 210 2259 gunt
237 2177 437 2264 phaleratos)
469 2199 560 2245 meac
586 2185 746 2263 segetes
778 2178 846 2265 (ulii
869 2185 1003 2244 vertunt
1030 2190 1096 2244 tra·
1149 2179 1234 2258 bilia,
1257 2179 1411 2245 maiestas
1429 2178 1492 2244 Dei
1514 2190 1548 2244 et
1567 2179 1710 2244 officinm
1732 2178 1858 2257 iudicis,
1881 2179 1934 2245 hie
1956 2179 2120 2245 concludit

127 2262 264 2329 hentes:
293 2262 459 2330 deducunt
480 2284 500 2328 a
521 2277 603 2356 ιιι,
632 2264 689 2331 sed
711 2267 832 2331 rectius
853 2263 908 2328 alii
932 2264 1097 2332 deducunt
1148 2265 1310 2348 propheta
1343 2264 1543 2347 impossibile
1580 2284 1651 2329 esse
1684 2265 1768 2345 qued
1803 2263 1917 2329 Iudeei
1948 2264 2118 2348 putabant,

127 2360 246 2426 annm,
268 2354 301 2413 et
318 2369 437 2415 nemen
455 2372 526 2417 esse
544 2350 747 2435 existimant)
764 2350 893 2434 quisque
909 2351 952 2416 cd
968 2370 1098 2417 uxorem
1149 2371 1265 2433 nempe
1293 2357 1331 2415 ut
1357 2350 1490 2432 impunc
1523 2349 1738 2425 elaberentur,
1772 2371 1873 2432 quum
1905 2359 2017 2415 tamen
2050 2359 2118 2415 tam

121 2435 264 2515 proximi
284 2436 337 2500 eui
359 2435 463 2502 hinnit
483 2435 546 2522 (est
564 2436 696 2520 quidem
714 2438 861 2502 iuturum
883 2443 1021 2520 tempus,
1039 2435 1096 2501 sed
1149 2435 1322 2501 horrendis
1343 2434 1520 2502 sceleribus
1541 2456 1607 2500 non
1630 2435 1817 2501 desinerent
1827 2434 1937 2500 Deum
1959 2436 2118 2502 lacessere

127 2520 292 2602 signifieat
312 2523 501 2589 continuum
525 2523 657 2610 ectum).
1149 2523 1241 2604 quusi
1264 2532 1375 2603 aperto
1395 2519 1489 2586 bello.
1520 2520 1577 2586 Aa
1594 2541 1663 2604 ergo
1684 2541 1779 2603 cuper
1794 2520 1849 2588 boc
1864 2541 1925 2587 ιιι
1946 2522 2117 2605 cessarea

1148 2607 1252 2688 inquit
1280 2605 1444 2670 Ieboceb?
1478 2618 1509 2671 et
1543 2607 1597 2671 hie
1630 2608 1784 2690 proponit
1816 2627 1934 2672 nemen
1965 2606 2117 2671 Iehcvee.

213 2688 309 2755 Nunc
340 2712 413 2756 mee
443 2693 561 2758 iudicio
591 2693 632 2759 ad
654 2693 829 2759 secundem
863 2690 1008 2758 tabulam
1042 2692 1096 2756 de·
1149 2691 1256 2757 ludex
1277 2703 1429 2757 terrenus
1454 2691 1664 2774 possetdere
1686 2694 1815 2759 veniam
1844 2693 1961 2774 impiis,
1988 2701 2023 2755 et
2043 2712 2117 2775 pes·

127 2774 255 2840 seendit
275 2775 442 2855 Ieremias,
472 2787 506 2842 et
527 2779 667 2861 speciem
690 2798 789 2843 enam
811 2778 961 2862 attingit:
992 2787 1097 2842 eaete-
1149 2778 1241 2843 simis
1273 2775 1466 2860 quibusque:
1502 2779 1594 2861 atqui
1623 2798 1689 2842 non
1722 2786 1827 2860 potest
1856 2777 1916 2842 hoc
1945 2776 2061 2842 cadere
2081 2777 2116 2841 in

126 2881 200 2925 rum
223 2860 416 2944 simpliciter
436 2865 607 2929 estendere
625 2864 706 2940 vult,
724 2863 807 2929 nihil
827 2884 897 2930 esse
912 2862 1096 2946 pudicitiee,
1149 2862 1267 2928 Deum.
1311 2863 1397 2929 Nam
1430 2863 1556 2945 quoties
1588 2864 1727 2947 ignoscit
1753 2862 1855 2939 Deus,
1888 2862 1985 2927 simul
2019 2862 2117 2927 etiam

127 2946 209 3012 nihil
238 2946 324 3026 fidei,
356 2949 441 3013 nihil
473 2949 655 3016 honestetis
686 2950 720 3015 in
749 2951 868 3033 popule
890 2949 954 3014 illo.
999 2948 1096 3015 Cem-
1149 2960 1333 3032 peccatores
1361 2948 1401 3013 sd
1425 2950 1658 3031 poenitentiam
1692 2948 1840 3014 adducit:
1873 2948 1919 3012 ιιι
1947 2967 2117 3030 nunquam

126 3040 221 3114 parat
248 3033 349 3117 igitur
375 3054 429 3101 ιιι
458 3036 549 3118 equis
579 3036 710 3103 lascivis
738 3042 772 3100 et
802 3033 1032 3118 petulantibus,
1065 3043 1097 3099 et
1149 3035 1275 3117 patitur
1303 3033 1426 3100 scelera
1448 3036 1616 3116 impunite.
1660 3034 1746 3100 Nam
1769 3033 1824 3115 qni
1845 3034 2015 3115 resipiscit,
2047 3033 2117 3116 ipse

127 3119 175 3181 ite
198 3117 341 3185 traducit
369 3140 481 3186 eorum
513 3121 697 3198 infamiam,
730 3123 807 3204 quie
829 3121 858 3186 si
880 3120 1017 3186 dixisset
1043 3141 1098 3186 eos
1148 3131 1198 3185 est
1218 3117 1317 3185 iudex
1336 3141 1424 3196 suus,
1445 3130 1479 3183 ιι
1496 3120 1557 3185 hoc
1576 3119 1670 3184 modo
1690 3119 1860 3204 praevenit
1869 3117 1934 3183 Dei
1951 3118 2116 3186 iudicium.

127 3202 273 3268 insidiari
302 3226 569 3289 unumquemque
596 3207 692 3271 thoro
714 3207 823 3273 iretris
843 3207 910 3286 sui,
943 3205 1004 3271 hoc
1025 3207 1096 3289 qni·
1147 3205 1213 3272 Ubi
1241 3207 1343 3290 igitur
1368 3218 1417 3270 est
1442 3226 1521 3270 vere
1548 3207 1728 3287 cenversio,
1757 3204 1825 3272 illie
1851 3203 1943 3270 Deus
1971 3224 2036 3269 nen
2065 3205 2117 3269 in·

127 3289 201 3354 dem
223 3300 294 3354 erat
314 3310 372 3372 per
393 3312 428 3356 ιι
451 3314 561 3376 grave,
589 3292 646 3359 sed
668 3313 768 3375 quum
791 3312 903 3358 eornm
929 3289 1097 3357 libidinem
1148 3291 1262 3374 dulget
1293 3290 1486 3356 sceleribus:
1524 3290 1581 3357 sed
1614 3290 1668 3357 ubi
1702 3301 1794 3356 tanto
1825 3302 1877 3355 est
1907 3290 1944 3354 in
1975 3291 2117 3372 peccetis

127 3382 223 3440 vocet
250 3374 415 3461 hinnitum,
444 3400 542 3461 quum
565 3379 654 3462 ipses
676 3381 824 3444 nominat
850 3398 951 3461 equos,
979 3372 1096 3458 etqui
1147 3377 1335 3457 obstinatio,
1371 3385 1409 3441 ut
1441 3378 1496 3460 qui
1528 3388 1703 3442 monentur
1738 3384 1950 3443 contemnant
1986 3396 2115 3439 omnem

126 3459 196 3526 dem
216 3459 288 3526 berse
307 3463 478 3546 saginatos,
507 3467 610 3547 etqui
630 3485 721 3530 mene
749 3469 889 3548 ιινιιιι,
924 3472 1095 3548 postquam
1147 3462 1337 3538 doctrinam,
1361 3470 1448 3528 certe
1468 3463 1541 3526 fieri
1563 3483 1628 3526 non
1649 3473 1766 3545 potest,
1790 3471 1828 3525 ut
1845 3461 1936 3525 Deus
1955 3460 2008 3525 hic
2026 3461 2117 3543 igno·

126 3551 205 3611 suet
226 3549 345 3629 saturi,
374 3569 438 3614 eon
462 3550 597 3616 dubium
619 3562 671 3616 est
692 3551 770 3633 qnin
793 3549 943 3614 ostendat
969 3558 1095 3614 tantam
1147 3553 1227 3625 seat,
1260 3548 1381 3630 elicqui
1414 3547 1618 3612 renuntiaret
1646 3568 1725 3612 sues
1753 3546 1893 3631 gloriae:
1926 3543 2012 3627 quod
2046 3547 2116 3610 fieri

126 3653 199 3697 esse
220 3632 257 3696 in
278 3633 342 3700 illis
364 3636 601 3719 intemperiem,
635 3648 671 3702 ut
693 3657 760 3701 non
782 3636 850 3701 sint
871 3644 998 3700 tentum
1021 3655 1095 3699 cen·
1148 3655 1214 3698 nen
1236 3645 1351 3718 potest.
1390 3633 1445 3696 Aa
1466 3652 1527 3697 ιιι
1549 3629 2116 3716 epeoieron,esqttt1etoeot?

127 3716 219 3781 seedi
241 3729 435 3787 scortatores
452 3722 502 3788 ιιΙ
519 3723 670 3799 adulteri,
692 3721 749 3787 sed
768 3721 910 3786 deterius
925 3722 969 3786 sit
983 3721 1015 3784 in
1031 3718 1096 3785 illis
1146 3720 1385 3801 accingente
1406 3738 1486 3800 quae
1505 3716 1581 3783 telis
1601 3722 1645 3783 est
1661 3718 1986 3784 mercabimur
2007 3718 2117 3783 calme

126 3803 286 3887 flagitium
320 3815 354 3869 et
381 3807 524 3889 turpius,
557 3809 713 3890 queniam
743 3807 784 3876 ab
813 3807 905 3889 equis
937 3806 1097 3872 salecibes
1146 3802 1600 3869 meerflrcneushununo
1623 3803 1881 3886 moreloquitur,
1904 3803 2116 3885 nequeenim

127 3888 210 3952 nihil
234 3888 395 3957 differant.
439 3891 526 3974 Equi
551 3894 705 3977 saginati,
735 3894 855 3975 inquit:
887 3894 940 3974 qui
964 3899 1097 3957 vertunt
1147 3891 1271 3973 appetit
1294 3889 1487 3956 vindictam:
1511 3894 1544 3954 ιι
1564 3910 1666 3972 quum
1688 3890 1727 3955 de
1749 3891 1860 3954 anima
1881 3909 1941 3955 sua
1962 3889 2115 3971 loquitur,

127 3983 279 4054 armates,
309 3974 474 4043 deducunt
502 4000 522 4043 ι
542 3979 651 4045 radice
673 3992 717 4077 ιιι,
745 3978 830 4061 quod
859 3978 1023 4063 significet
1044 3997 1095 4041 ar·
1147 3977 1245 4041 etiam
1269 3975 1332 4041 hec
1353 3984 1402 4040 ιιι
1424 3976 1599 4057 proprium,
1626 3975 1682 4041 sed
1705 3977 1738 4040 in
1760 3997 1796 4039 re
1817 3973 1909 4039 nulla
1930 3979 1981 4038 est
2001 3974 2115 4040 obscu-

127 4061 228 4125 mari:
261 4061 315 4126 elii
345 4073 454 4128 eutem
483 4065 591 4146 potius
620 4065 779 4148 originem
809 4063 925 4129 volunt
956 4084 1027 4129 esse
1056 4077 1097 4161 pt,
1148 4064 1237 4127 ritas.
1282 4060 1455 4143 Significat
1476 4060 1564 4125 enim
1586 4082 1621 4126 se
1643 4062 1810 4126 inimicum
1838 4080 1908 4124 esse
1929 4059 2116 4142 sceleribus,

127 4147 213 4228 quod
229 4147 392 4232 significat
406 4149 587 4214 comedere:
603 4150 691 4216 unde
706 4163 762 4248 pm
774 4150 871 4215 etiem
887 4169 946 4233 pre
961 4149 1032 4215 cibo
1047 4168 1097 4214 ac-
1147 4146 1419 4231 quemadmedum
1443 4145 1561 4212 dicitur
1578 4147 1613 4210 ιι
1633 4147 1764 4212 Psalmo
1781 4146 1824 4232 (5,
1838 4145 1872 4231 5)
1896 4146 2002 4228 ipsum
2020 4146 2116 4222 nolle,

127 4233 257 4315 cipitur.
302 4234 372 4300 Nec
393 4235 528 4300 dubium
550 4244 609 4313 est,
633 4238 712 4319 quin
735 4238 787 4302 hic
808 4236 969 4318 significet
996 4254 1097 4317 equos
1148 4254 1208 4299 nec
1230 4254 1324 4316 posse
1346 4233 1431 4298 ferre
1451 4232 1666 4314 iniquitatem.
1698 4231 1810 4313 Quum
1833 4235 1878 4297 itu
1895 4232 1947 4309 sit,
1971 4232 2116 4314 sequitur

128 4317 313 4401 saginatos:
335 4342 488 4404 quorsum
510 4321 597 4386 enim
621 4322 742 4387 diceret
762 4320 970 4406 phaleratos?
999 4319 1096 4401 Quod
1147 4340 1225 4403 ergo
1247 4319 1299 4384 vel
1321 4339 1339 4383 e
1361 4319 1440 4385 solio
1461 4319 1592 4384 coelesti
1614 4317 1851 4384 detrahendum
1880 4338 1959 4393 esse,
1989 4318 2042 4382 vel
2061 4317 2115 4380 in·

127 4405 225 4468 etiam
247 4404 303 4469 elii
326 4408 441 4474 dicunt
462 4428 598 4490 surgere
627 4428 726 4472 mene
758 4415 929 4490 postquem
962 4409 1096 4472 scertati
1146 4416 1233 4471 stare
1266 4425 1401 4488 poenam
1435 4405 1597 4488 reprobis,
1634 4405 1690 4487 qui
1723 4405 1768 4468 ita
1800 4405 2012 4487 pervicaciter
2044 4423 2115 4467 sese

127 4497 214 4566 sunt,
245 4497 282 4554 ut
303 4495 470 4574 proferant
499 4514 597 4558 suum
620 4493 768 4570 dedecus,
798 4502 831 4557 et
852 4493 1033 4577 glorientur
1054 4492 1095 4557 de
1147 4492 1329 4573 proiieiunt,
1360 4511 1418 4557 nec
1446 4492 1569 4556 faciunt
1596 4491 1695 4555 linem
1721 4489 1772 4554 vel
1794 4489 1926 4555 modum
1949 4487 2114 4570 peccandi.

127 4577 195 4640 suis
218 4575 315 4655 vitiis,
348 4578 410 4644 hec
432 4581 529 4644 nimis
559 4587 608 4644 est
636 4586 795 4645 coactum.
841 4576 907 4646 Sed
940 4577 1096 4662 intelligit
1146 4578 1236 4662 Ergo
1266 4579 1389 4659 quoties
1418 4577 1579 4659 obrepunt
1612 4574 1704 4640 nobis
1734 4574 1920 4651 blanditiae,
1950 4583 1983 4636 et
2010 4571 2115 4639 Setan

127 4680 225 4742 eques
257 4663 417 4743 robustos,
450 4666 506 4747 qui
535 4665 637 4749 agiles
665 4675 756 4744 sunt,
790 4672 823 4729 ιι
851 4664 923 4730 ideo
955 4673 1096 4748 surgunt
1146 4665 1214 4728 suis
1248 4663 1407 4728 illecebris
1440 4662 1549 4729 studet
1579 4684 1639 4727 nes
1669 4661 1829 4729 adducere
1856 4662 1889 4724 in
1920 4658 2114 4723 oblivionem

126 4767 223 4811 mene
255 4756 426 4831 postquem
459 4753 592 4816 luerent
625 4751 706 4817 bene
739 4751 833 4834 pasti.
890 4750 986 4815 Nunc
1019 4770 1096 4833 ergo
1146 4748 1258 4813 iudicii
1277 4748 1352 4827 Dei,
1375 4749 1485 4814 veniat
1508 4748 1568 4814 hoc
1591 4746 1683 4814 nobis
1704 4748 1739 4813 in
1760 4757 1912 4822 mentem,
1935 4744 2026 4809 Deus
2049 4765 2114 4809 non

127 4844 276 4898 tenemus
303 4836 473 4901 eonsilium
496 4837 681 4919 prophetae.
725 4835 863 4903 Summa
883 4845 943 4919 est,
972 4835 1095 4900 nullom
1147 4843 1233 4900 esset
1254 4834 1356 4912 Dens,
1379 4835 1441 4899 nisi
1464 4834 1592 4916 puniret
1613 4833 1743 4899 seelera.
1784 4834 1873 4915 Ergo
1896 4832 1961 4895 iam
1984 4849 2115 4895 necesse

127 4939 197 4984 esse
219 4921 399 4987 castitatem
422 4923 455 4987 in
479 4922 625 5001 Indaeis,
656 4924 809 5006 qnoniam
832 4920 873 4986 ad
896 4942 972 4987 sues
994 4942 1096 5006 vagas
1147 4929 1207 4999 est,
1229 4929 1286 4986 aet
1307 4942 1381 4986 eum
1404 4921 1520 5002 punire
1542 4928 1682 5002 peccate,
1711 4933 1769 4983 aut
1798 4920 1905 5002 ipsum
1928 4916 2022 4981 nobis
2044 4936 2114 4981 esse

126 5003 279 5070 libidines
308 5008 489 5088 prosiliant,
519 5029 585 5073 non
609 5017 738 5073 tantum
766 5018 802 5073 ut
824 5007 929 5073 solent
956 5005 1097 5072 adulteri
1147 5007 1319 5072 infensum.
1349 5005 1510 5087 Denique,
1529 5004 1800 5088 quemadmodum
1820 5004 1940 5069 dictum
1960 5003 2029 5079 luit,
2047 5022 2114 5066 nen

128 5090 178 5154 vel
202 5101 407 5172 scortatores,
430 5092 547 5158 sedet
569 5095 677 5160 solent
698 5095 773 5178 equi
795 5093 988 5176 petulantes.
1033 5094 1096 5157 'la-
1147 5101 1311 5158 consteret
1331 5092 1399 5174 ipse
1416 5092 1486 5169 sibi,
1509 5100 1543 5155 et
1559 5101 1645 5157 esset
1663 5091 1760 5155 etiam
1780 5089 1945 5155 dissimilis
1967 5097 2114 5164 naturae,

126 5198 210 5255 men,
234 5178 508 5260 quemadmodum
531 5178 683 5260 diximus,
705 5180 767 5248 sub
788 5179 1021 5245 incontinentia
1043 5178 1097 5244 hie
1148 5199 1249 5261 quum
1271 5178 1362 5243 nulla
1383 5179 1520 5243 mutatio
1541 5178 1576 5242 in
1599 5178 1706 5261 ipsum
1729 5176 1832 5241 cadat.
1878 5175 1966 5258 Ergo
1989 5175 2042 5241 vel
2063 5174 2114 5239 in-

127 5263 277 5348 designat
298 5275 332 5331 et
355 5266 450 5345 furta,
484 5275 516 5329 et
544 5266 625 5331 alias
653 5266 795 5343 frendes,
829 5276 862 5332 ιι
890 5267 1030 5349 rapinas,
1064 5273 1098 5329 et
1147 5273 1240 5329 tente
1262 5273 1313 5330 est
1330 5265 1400 5329 eius
1422 5285 1537 5330 manus
1555 5263 1596 5330 ad
1614 5283 1734 5346 peenas
1752 5262 1792 5327 de
1814 5261 1907 5327 nobis
1929 5260 2114 5340 sumendas,
