4784 5970
193 402 256 468 695
1006 401 1391 471 Pmouculoaas
2152 393 2208 460 (iii

279 592 329 656 26.
363 590 407 655 Et
429 610 491 656 noa
517 590 685 656 amarunt
705 610 763 674 me,
794 595 823 656 et
850 611 912 656 aea
940 590 1169 656 inclinaverant
1219 591 1291 655 eius
1313 591 1556 673 perseverantia
1584 589 1708 655 crimen
1735 587 1845 672 populi
1871 587 1978 671 longe
2008 583 2130 668 magis
2157 604 2209 669 ag·

193 699 301 744 narem
322 696 434 742 wem:
456 681 483 740 et
505 676 577 760 (pro
599 675 669 761 sed)
692 676 886 742 cbdarcmm
902 678 1047 744 cavean
1064 696 1167 757 saum,
1218 685 1345 759 gravat.
1403 675 1489 742 Nam
1526 677 1554 741 si
1590 675 1690 742 semel
1727 684 1854 739 tantum
1885 672 2061 755 loquutus
2098 670 2210 735 fuisset

188 784 334 845 perverse
356 768 480 846 egeam
497 782 579 845 prce
597 762 744 845 patribus
764 763 843 828 auia.
1219 762 1320 839 Deus,
1342 761 1404 828 hoc
1425 763 1573 828 sufficere
1594 761 1635 825 ad
1658 759 1897 825 damnationem
1920 765 2080 841 poterat.
2116 753 2209 837 Quod

1218 863 1326 912 autem
1349 848 1500 913 toleravit
1525 867 1695 931 perversos
1723 865 1834 911 eorum
1861 864 1984 921 mores,
2018 863 2139 925 neque
2165 842 2211 906 in·

278 934 499 1016 Conqueritur
521 934 612 998 Deus
635 933 674 998 de
700 933 864 1001 obstinata
894 933 1018 999 malitia
1045 932 1167 1017 populi,
1220 942 1309 998 terea
1330 932 1456 999 destitit
1478 933 1517 998 de
1547 933 1600 998 die
1628 933 1663 996 in
1693 929 1777 997 diem
1810 931 1896 1014 ipsos
1931 926 2069 995 blande
2102 929 2145 993 ad
2176 948 2211 993 aa

192 1019 278 1102 quod
313 1040 379 1083 ncn
414 1040 480 1083 nuo
511 1028 637 1083 tantam
671 1019 799 1085 saeculo
832 1019 1010 1104 perdiderit
1036 1040 1167 1102 operam
1219 1038 1382 1098 revocare,
1413 1030 1446 1084 ει
1473 1020 1665 1103 promittere
1691 1017 1757 1083 illis
1784 1018 1923 1093 veniam,
1953 1026 1989 1080 et
2021 1033 2211 1097 proponere

192 1127 246 1170 eos
287 1105 327 1169 ad
367 1106 625 1187 resipiscentiam
660 1106 821 1172 vocando:
862 1107 918 1172 sed
953 1104 1100 1188 patribus
1131 1105 1167 1169 iu
1219 1104 1373 1170 salutem:
1414 1106 1500 1187 qnod
1533 1123 1612 1188 ergo
1645 1104 1736 1169 Deus
1767 1104 1812 1167 ita
1844 1099 2097 1185 perseveravit,
2136 1099 2212 1165 binc

193 1191 305 1256 eadem
329 1192 492 1273 pravitate
509 1191 568 1254 filii
584 1192 816 1256 successerint:
839 1202 936 1274 atque
952 1195 998 1256 ita
1013 1192 1168 1258 continua
1219 1190 1324 1274 magis
1357 1191 1519 1274 detegitur
1551 1190 1678 1273 perdita
1707 1189 1857 1272 impietas
1885 1185 2018 1270 populi.
2078 1186 2212 1252 &imus

191 1277 290 1342 fuerit
312 1277 461 1341 imitatio.
495 1277 609 1341 Posset
623 1277 754 1359 quidem
770 1278 832 1343 beo
851 1277 961 1342 valere
976 1277 1009 1340 in
1025 1277 1166 1358 speciem
1217 1277 1304 1340 enim
1338 1297 1436 1357 quam
1468 1275 1634 1341 horribilis
1666 1295 1770 1358 poena
1801 1283 1934 1338 maneat
1968 1292 2033 1337 eos
2069 1271 2133 1353 qui
2164 1270 2210 1337 sic

192 1363 232 1427 ad
255 1362 498 1427 extenuandam
527 1361 667 1444 culpam,
698 1362 969 1444 quemadmodum
992 1361 1088 1427 hodie
1110 1382 1166 1444 pa·
1218 1360 1309 1426 abuti
1330 1361 1452 1427 audent
1473 1362 1537 1426 Dei
1560 1361 1741 1443 tolerantia,
1772 1370 1805 1425 et
1825 1358 1934 1441 palam
1957 1354 2121 1422 illudunt
2142 1357 2211 1421 eins

191 1450 297 1531 pistae
321 1448 450 1512 nullum
475 1447 597 1512 habent
615 1448 720 1530 magis
743 1449 925 1531 speciosum
949 1454 1167 1530 praetextum,
1219 1447 1328 1522 verbo,
1352 1447 1431 1512 dum
1453 1448 1576 1512 centies
1599 1457 1631 1511 et
1653 1446 1773 1511 millies
1800 1465 1855 1510 eos
1884 1444 1925 1508 ad
1959 1442 2210 1526 poenitentiam

190 1532 389 1614 quamdam
422 1533 580 1598 obiiciunt
607 1534 702 1599 nobis
732 1546 839 1617 patres
868 1548 901 1599 ει
928 1534 1165 1618 antiquitatem.
1217 1531 1346 1598 invitat.
1391 1533 1511 1598 Postea
1540 1531 1632 1597 addit
1659 1552 1692 1598 se
1712 1531 1836 1597 misisse
1856 1549 1966 1595 omnes
1983 1547 2105 1594 mos
2125 1546 2207 1592 saer.

191 1619 258 1685 Sed
281 1618 374 1684 Deus
403 1619 466 1684 boc
494 1618 564 1684 loco
595 1629 629 1683 et
657 1619 817 1686 similibus
846 1618 988 1686 ostendit
1017 1639 1082 1683 non
1111 1639 1166 1682 ex·
1218 1617 1343 1683 Eodem
1366 1619 1465 1683 etiam
1488 1617 1604 1683 referri
1626 1616 1722 1685 debet
1740 1615 1938 1682 universalis
1960 1613 2140 1698 particula
2161 1596 2206 1681 it.

191 1706 299 1770 ausari
321 1704 408 1768 filios
431 1708 563 1787 patrum
582 1705 749 1787 exemplis,
772 1708 850 1788 quin
869 1707 974 1789 potius
992 1705 1185 1789 aggravari·
1219 1701 1257 1770 Si
1280 1703 1371 1769 Deus
1394 1725 1497 1769 unum
1520 1725 1580 1787 pro
1603 1703 1714 1768 betam
1736 1701 1896 1767 donant
1916 1700 2087 1778 misisset,
2117 1699 2205 1764 nulla

191 1791 325 1869 crimen,
360 1789 437 1853 dnm
465 1790 512 1855 ita
544 1790 764 1856 obdurescunt
793 1791 951 1869 homines,
979 1801 1016 1855 ut
1044 1789 1166 1856 scilicet
1218 1788 1362 1854 restabat
1393 1791 1560 1856 excusatio
1624 1788 1763 1855 raelitis:
1790 1786 1848 1853 eod
1876 1807 1980 1869 quum
2013 1785 2106 1851 alios
2135 1785 2204 1851 aliis

191 1882 311 1960 putent
338 1876 446 1940 valere
477 1876 517 1939 ad
546 1876 780 1957 praeiudicium
808 1875 894 1960 quod
921 1876 1077 1942 diuturna
1106 1876 1168 1940 fuit
1219 1875 1349 1940 assidue
1369 1873 1568 1953 submiserit,
1601 1875 1646 1940 ita
1675 1886 1712 1939 ut
1743 1874 1939 1939 instruxerit
1972 1872 2078 1953 quasi
2111 1890 2202 1935 exer·

191 1963 349 2026 vitiorum
372 1962 543 2043 possessio.
588 1962 679 2026 Deus
701 1976 808 2027 autem
831 1982 895 2027 uon
918 1963 965 2027 ita
987 1962 1166 2044 patiturne
1217 1964 1337 2025 citum:
1359 1962 1473 2043 quanti
1495 1961 1612 2026 furoris
1634 1961 1698 2025 fuit
1714 1980 1773 2043 per
1790 1958 1923 2024 densam
1946 1957 2047 2023 illam
2072 1956 2199 2022 turbam

191 2048 262 2111 iure
284 2067 344 2112 suo
372 2046 476 2110 deiici.
521 2047 611 2130 Ergo
641 2049 804 2113 notandus
832 2058 883 2113 εει
911 2048 965 2113 hio
994 2047 1082 2113 locus
1114 2046 1167 2111 ubi
1217 2067 1429 2129 perrumpere
1461 2047 1502 2111 ad
1532 2047 1775 2128 contemptum?
1829 2042 1960 2109 Scimus
1989 2042 2089 2107 enim
2118 2061 2198 2107 nun·

191 2133 285 2197 Deus
307 2154 373 2197 non
404 2144 529 2196 tantum
560 2154 614 2197 eos
643 2146 783 2213 εεεεεει,
813 2136 870 2216 qui
899 2144 978 2199 tunc
1000 2132 1165 2207 vivebant,
1218 2153 1315 2214 quam
1344 2132 1462 2215 populo
1492 2130 1632 2197 defuisse
1659 2131 1844 2214 prophetas,
1872 2129 1971 2195 sicuti
1994 2127 2115 2192 Moses
2136 2125 2197 2191 illis

191 2231 224 2282 et
248 2237 328 2301 qnos
351 2217 507 2282 Ieremias
535 2218 768 2300 alloquebatur,
797 2219 854 2283 sed
877 2220 972 2284 etiam
999 2217 1167 2300 coniungit
1219 2220 1415 2300 promiserat
1458 2218 1705 2283 Deuteronomii
1748 2216 1872 2281 decimo
1914 2223 2037 2279 octavo
2083 2213 2195 2295 capitu

191 2303 259 2367 illis
282 2312 438 2381 mortuos,
460 2316 496 2367 ut
515 2305 688 2369 convineat
705 2306 837 2370 maioris
855 2306 1064 2387 pervicaciae,
1087 2323 1165 2384 quo·
1219 2302 1383 2383 Quoniam
1406 2324 1484 2386 ergo
1502 2301 1594 2368 Deus
1611 2303 1658 2369 ita
1680 2300 1858 2367 liberaliter
1879 2299 1948 2383 egit
1964 2319 2046 2364 curn
2065 2297 2195 2381 populo,

193 2392 283 2453 niam
306 2390 353 2454 ita
375 2390 476 2453 fuerit
498 2389 590 2472 quasi
621 2410 680 2471 per
709 2410 827 2455 manus
857 2388 978 2454 tradita
1007 2389 1165 2472 impietae.
1218 2401 1257 2453 ut
1278 2408 1444 2471 nunquam
1475 2390 1679 2454 cessaverint
1708 2386 1894 2471 prophetae,
1922 2385 2003 2466 quin
2036 2383 2095 2448 alii
2126 2384 2195 2447 aliia

191 2475 246 2540 Ea
275 2494 336 2556 qao
363 2476 423 2553 die,
455 2476 577 2557 inquit,
605 2481 717 2555 putres
744 2475 841 2541 uestri
868 2476 1012 2541 scama
1040 2495 1056 2539 e
1082 2480 1167 2539 terre
1218 2475 1440 2540 succederent:
1478 2473 1556 2540 hinc
1586 2484 1674 2540 certe
1706 2474 1827 2540 clarius
1857 2471 2028 2554 detegitur
2059 2468 2195 2534 foeditas

190 2561 325 2643 Aepypii
350 2581 449 2641 usqae
471 2562 513 2625 cd
536 2560 617 2625 bauo
638 2561 722 2625 diem
742 2562 819 2626 misi
840 2561 883 2626 od
903 2580 965 2639 coa,
987 2568 1047 2626 eto.
1093 2559 1164 2626 Soi-
1217 2560 1337 2642 impiae
1358 2560 1506 2642 ipsorum
1524 2560 1757 2634 contumaciae,
1779 2558 1863 2639 quod
1885 2577 1951 2621 non
1974 2576 2046 2620 uno
2068 2566 2194 2619 tanturn

190 2667 263 2711 mus
297 2666 395 2728 qnam
428 2647 644 2712 intractabilis
677 2648 775 2711 fuerit
808 2646 947 2730 populus
979 2647 1091 2712 statim
1124 2647 1165 2710 ab
1216 2645 1269 2711 die
1291 2658 1485 2727 spreverunt
1503 2646 1620 2722 Deum,
1644 2665 1704 2711 nec
1727 2665 1839 2721 unum,
1861 2642 1913 2707 ref
1929 2641 2025 2720 duos,
2051 2640 2108 2704 vel
2129 2654 2193 2704 tres

189 2733 295 2796 initio.
339 2732 425 2796 Nam
449 2743 609 2814 quantum
632 2733 667 2795 in
688 2752 724 2797 se
746 2732 807 2797 fuit
827 2733 939 2797 reiecit
956 2732 1073 2797 Mosen
1096 2742 1163 2796 tam
1216 2731 1392 2815 prophetas
1420 2751 1479 2813 pro
1508 2730 1611 2795 nihilo
1642 2731 1818 2806 duxerunt,
1846 2726 1903 2794 sed
1932 2723 1975 2792 ad
2005 2737 2192 2791 ειιεεωεει

188 2820 374 2900 praeclarae
418 2829 452 2882 et
495 2818 757 2899 incomparabilis
802 2820 926 2900 gratiae
969 2818 1163 2882 ministrum.
1217 2837 1318 2900 usque
1333 2816 1498 2881 adversati
1514 2819 1580 2882 sint
1597 2815 1747 2881 omnibus
1761 2813 1940 2899 prophetis,
1958 2831 2066 2893 quum
2084 2824 2191 2876 tamen

189 2901 318 2969 Deinde
334 2924 435 2985 quum
455 2910 541 2968 esset
560 2902 726 2984 liberatus,
743 2902 884 2987 singulis
902 2903 970 2968 fere
988 2903 1164 2969 momentis
1215 2923 1335 2986 magno
1358 2922 1494 2967 numero
1511 2901 1602 2967 missi
1620 2916 1737 2967 essent.
1766 2899 1850 2966 Miri
1866 2918 1944 2982 ergo
1962 2916 2075 2963 omnes
2087 2916 2192 2962 seruos

189 2989 242 3054 vel
270 2989 421 3052 fremitus
451 3009 528 3053 suos
558 2989 660 3052 edidit
688 2998 803 3053 contra
824 2986 943 3067 Deum,
973 2988 1026 3053 vel
1054 2989 1163 3072 palam
1215 3008 1307 3054 meos.
1337 2986 1465 3053 Deinde
1479 2987 1578 3063 addit,
1597 2987 1746 3069 ριιοιὶᾶίε.
1777 2986 1869 3052 Ηεεε
1882 2981 2065 3049 assiduitas
2079 2982 2191 3047 eodem

190 3075 409 3138 tumultuatus
430 3088 464 3137 et
492 3083 606 3138 contra
628 3074 743 3140 Mosen
772 3085 807 3139 et
828 3076 949 3153 Aaron,
978 3073 1031 3141 vel
1060 3075 1163 3157 prosi·
1215 3075 1366 3156 pertinet,
1394 3072 1479 3155 quod
1510 3072 1633 3139 scilicet
1660 3072 1751 3138 Deus
1781 3089 1951 3154 nunquam
1979 3070 2091 3133 fuerat
2119 3067 2189 3132 fati·

188 3158 264 3223 livit
293 3158 334 3222 ad
364 3178 508 3222 crassam
538 3159 764 3237 idololatriam,
788 3158 840 3224 vel
867 3159 1011 3225 habenas
1038 3161 1164 3224 laxavit
1215 3170 1327 3243 gatus,
1361 3159 1423 3242 ipsi
1456 3168 1567 3223 autem
1600 3157 1811 3225 conflixerint
1841 3155 1933 3240 quasi
1966 3175 2010 3218 ex
2045 3154 2188 3237 professo

190 3247 257 3309 suis
298 3243 547 3325 cupiditatibus:
591 3244 729 3325 denique
769 3244 881 3308 nullus
918 3245 978 3309 fuit
1010 3244 1162 3326 peccandi
1215 3266 1288 3310 cum
1312 3245 1384 3310 eins
1412 3244 1565 3322 bonitate,
1595 3264 1695 3326 quum
1725 3253 1792 3308 tam
1818 3243 1952 3309 comiter
1976 3260 2036 3304 eos
2066 3238 2188 3304 bertari

187 3331 273 3395 finis.
307 3330 432 3393 Tamen
456 3328 598 3411 quotidie
621 3327 730 3394 Moses
751 3349 807 3394 eos
828 3328 869 3394 ad
888 3328 953 3394 Dei
973 3329 1162 3411 obsequium
1216 3349 1281 3392 non
1310 3329 1474 3395 desineret
1503 3328 1543 3394 ad
1572 3329 1815 3410 poenitentiam.
1858 3325 1959 3403 Dicit,
1989 3322 2095 3390 Mane
2122 3343 2188 3389 aar·

187 3416 365 3481 revocavit.
412 3414 509 3479 Hanc
539 3415 640 3497 igitur
665 3426 792 3480 tantam
821 3415 1057 3482 contumaciam
1087 3434 1161 3497 pro·
1213 3414 1532 3497 praeeminendo.
1565 3414 1661 3491 Nam,
1684 3412 1954 3497 quemadmodum
1969 3410 2053 3476 alibi
2067 3409 2187 3476 diotm

187 3501 254 3565 fert
275 3502 366 3566 Deus
388 3501 423 3564 in
451 3499 603 3574 medium,
634 3501 773 3567 aedicit
800 3521 865 3566 non
896 3499 992 3566 hodie
1020 3500 1163 3583 primum
1213 3500 1285 3579 fuit,
1308 3511 1382 3568 nou
1406 3501 1536 3583 proprie
1552 3501 1713 3584 significat
1730 3519 1827 3565 mane
1846 3517 1989 3581 surgere.
2018 3494 2087 3561 Hic
2104 3515 2187 3561 corn·

190 3588 335 3669 incipere
362 3584 541 3661 israelites,
571 3586 627 3650 sed
650 3585 749 3652 fuisse
776 3607 905 3670 semper
934 3585 992 3652 tali
1021 3587 1163 3670 ingenio,
1214 3585 1349 3651 mandat
1366 3583 1460 3651 Deus
1477 3587 1689 3651 autoritatem
1707 3584 1914 3669 propheticae
1931 3581 2113 3659 docuisse,
2133 3579 2186 3645 nbi

190 3685 227 3737 ut
259 3693 324 3736 non
356 3683 488 3753 possent
521 3673 606 3736 ferre
640 3671 859 3754 disciplinam,
890 3672 1162 3756 quemadmodum
1214 3671 1363 3736 insuam
1387 3693 1558 3755 personam
1582 3670 1740 3737 transfert
1761 3669 1845 3753 quod
1873 3688 1938 3733 non
1968 3666 2037 3732 nisi
2066 3668 2105 3731 in
2131 3665 2186 3731 bo·

189 3768 302 3841 postea
325 3756 418 3821 dicet.
463 3757 539 3820 Non
561 3777 644 3839 opus
666 3769 716 3822 est
743 3757 797 3824 bio
826 3757 976 3839 exempla
1002 3757 1163 3841 colligere,
1214 3757 1320 3822 mines
1337 3759 1501 3840 competit.
1534 3757 1648 3840 Neque
1670 3757 1758 3821 enim
1777 3756 1844 3821 nlla
1860 3753 1999 3818 mutabo
2021 3752 2061 3817 in
2082 3751 2187 3834 ipsum

189 3841 278 3908 unde
301 3851 454 3924 appareat
484 3843 584 3908 fuisse
614 3844 769 3925 populum
804 3843 892 3908 buno
919 3841 1160 3909 indomabilem.
1213 3842 1316 3921 cadit,
1349 3844 1446 3908 sicuti
1479 3852 1593 3908 notum
1620 3852 1679 3908 est.
1731 3841 1913 3925 Improprie
1939 3858 2020 3922 ergo
2051 3835 2132 3904 dicit
2156 3856 2188 3902 ae

190 3929 263 3993 Hoc
296 3929 383 3993 enim
418 3928 593 4011 petendum
623 3941 672 3992 est
703 3950 744 3992 ex
772 3948 865 3994 sacra
895 3927 1042 3993 historia.
1093 3927 1160 3993 Sed
1212 3929 1407 3995 senemr:
1436 3928 1492 3995 sed
1514 3928 1598 4012 quod
1622 3927 1793 3992 mandavit
1813 3926 1916 3992 servis
1945 3927 2026 4007 suis,
2057 3922 2121 3989 boc
2149 3920 2187 3987 td

190 4016 269 4080 satis
296 4023 345 4079 est
376 4025 496 4090 tenere,
528 4014 621 4079 obiici
649 4026 779 4094 patrum
809 4013 962 4078 duritiem
994 4024 1027 4078 st
1055 4015 1161 4095 pervi-
1213 4034 1248 4077 se
1270 4014 1434 4091 transfert,
1457 4014 1728 4097 quemadmodum
1757 4013 1842 4077 dixi:
1872 4029 1937 4093 quo
1964 4009 2106 4093 gravius
2132 4029 2186 4073 ex·

189 4100 311 4165 casiam
339 4099 424 4178 filiis,
453 4110 492 4163 ut
521 4098 771 4182 intelligentes
799 4099 848 4163 bia
870 4109 903 4163 et
925 4109 975 4164 ter
996 4118 1070 4163 reos
1090 4120 1161 4164 esse
1213 4100 1344 4181 probret
1362 4098 1632 4183 ingratitudinem
1650 4099 1785 4182 populo:
1808 4098 1900 4181 quasi
1917 4094 2053 4172 diceret,
2076 4092 2186 4159 eedqu

189 4205 297 4251 coram
320 4182 402 4264 Deo,
424 4186 575 4266 quoniam
598 4185 769 4248 imitentur
790 4183 1037 4261 contumaciam,
1062 4204 1161 4267 quam
1212 4205 1248 4250 se
1281 4185 1380 4250 fuisse
1409 4187 1572 4250 intentum
1605 4183 1645 4248 ad
1677 4184 1853 4251 curandam
1887 4201 2000 4247 eorum
2036 4179 2186 4257 amntem,

188 4281 301 4336 tamen
324 4268 415 4333 Dens
445 4291 558 4334 severe
588 4270 676 4334 ultus
704 4270 829 4333 fuerat:
859 4290 963 4351 nsque
993 4270 1080 4335 enim
1109 4271 1160 4333 in·
1212 4270 1301 4351 ipsos
1322 4282 1432 4334 autem
1461 4271 1586 4335 interea
1614 4270 1716 4335 fuisse
1746 4268 1898 4352 torpidos,
1927 4267 1993 4331 imo
2015 4265 2186 4332 'socordes

189 4357 337 4439 cognitae
369 4353 436 4418 illis
469 4366 564 4420 erant
596 4374 720 4437 poenae
752 4373 832 4437 quas
871 4355 1036 4420 inflixerat
1068 4352 1160 4420 Deus
1211 4355 1258 4420 Et
1280 4355 1357 4419 hinc
1378 4354 1487 4438 colligi
1510 4353 1605 4420 debet
1634 4355 1723 4421 utilis
1745 4353 1901 4432 doctrina,
1922 4349 2034 4416 Deum
2064 4350 2188 4417 scilieet

188 4440 344 4525 patribus.
396 4439 469 4505 Hoc
502 4443 602 4524 igitur
635 4453 704 4505 erat
736 4440 834 4504 nimis
866 4451 1017 4522 proterve
1049 4439 1159 4505 Deum
1211 4462 1345 4524 surgere
1375 4450 1412 4505 ut
1438 4461 1496 4506 nos
1524 4441 1645 4506 invitet
1675 4453 1773 4524 atque
1802 4438 2026 4523 amplectatur,
2058 4436 2188 4520 quoties

189 4528 355 4604 lacessere,
379 4546 478 4607 quum
502 4536 693 4607 spernerent
721 4525 801 4592 tales
830 4532 864 4589 et
892 4533 959 4589 tam
988 4525 1160 4591 horribiles
1210 4526 1350 4591 verbum
1381 4527 1451 4590 eius
1483 4527 1646 4609 profertur
1678 4528 1713 4591 in
1751 4525 1909 4604 medium,
1946 4543 2010 4605 quo
2045 4526 2187 4588 testatur

188 4612 364 4688 vindictas,
406 4632 485 4693 quas
526 4622 724 4692 exsequutus
763 4612 870 4675 fuerat
905 4620 1019 4675 contra
1051 4622 1159 4694 patres
1211 4610 1303 4676 nobis
1329 4622 1502 4694 paternum
1525 4632 1620 4676 suurn
1649 4633 1803 4677 amorem.
1846 4610 1936 4693 Ergo
1957 4629 2024 4673 non
2055 4616 2187 4673 tantum

188 4699 343 4782 ipsorum.
382 4696 574 4761 Videbimus
596 4697 719 4761 similes
741 4696 922 4761 sententias
945 4696 1042 4760 etiam
1066 4697 1158 4761 aiibi:
1210 4696 1302 4761 Dens
1325 4707 1405 4762 tunc
1428 4697 1596 4761 bominum
1615 4719 1713 4781 opera
1730 4698 1842 4774 utitur,
1865 4704 1902 4761 ut
1925 4714 1982 4758 nos
2003 4693 2049 4758 ad
2072 4714 2108 4758 se
2131 4692 2187 4757 ad·

187 4785 255 4849 imo
277 4783 357 4848 haec
379 4781 517 4847 docendi
539 4782 622 4845 ratio
647 4783 768 4864 passim
785 4782 926 4847 occurrit
943 4781 1028 4862 apud
1046 4801 1161 4847 omnes
1211 4782 1316 4860 ducat,
1346 4781 1403 4847 sed
1429 4782 1664 4864 quodammodo
1693 4782 1800 4866 prodit
1826 4783 1896 4864 ipse
1923 4779 2016 4843 nobis
2044 4779 2187 4856 obviam,

188 4870 380 4953 prophetas,
414 4867 500 4950 quod
532 4866 656 4932 scilicet
687 4888 791 4949 genus
824 4867 967 4949 ipsorum
997 4865 1037 4929 ab
1069 4867 1160 4931 initio
1211 4884 1243 4931 et
1262 4869 1377 4950 surgit,
1400 4870 1477 4949 quia
1500 4867 1655 4933 sollicitus
1677 4880 1726 4932 est
1748 4867 1789 4932 de
1805 4868 1909 4933 salute
1927 4873 2053 4929 nostra.
2094 4864 2186 4928 Haec

188 4957 287 5020 fuerit
310 4974 498 5037 perversum
521 4964 553 5016 et
580 4951 717 5017 rebelle:
748 4952 872 5028 deinde,
904 4951 987 5035 quod
1011 4953 1160 5016 omnibus
1211 4953 1449 5017 commendatio
1468 4952 1633 5019 doctrinae
1650 4964 1758 5036 potest
1775 4953 1915 5018 multum
1934 4950 2093 5032 prodesse
2110 4951 2186 5014 fide-

188 5040 328 5106 saeoulis
361 5040 547 5122 respuerint
579 5038 643 5101 Dei
677 5038 830 5121 gratiam,
863 5048 897 5100 et
927 5039 1160 5103 contumaciter
1211 5038 1305 5117 libus,
1337 5047 1375 5102 ut
1404 5047 1476 5103 tuto
1504 5048 1537 5102 et
1566 5040 1749 5121 tranquillis
1780 5039 1895 5104 animis
1925 5039 2122 5102 recumbant
2151 5040 2186 5100 in

189 5127 371 5191 restiterint
389 5125 564 5208 prophetis.
600 5122 696 5203 Quod
715 5130 825 5188 autem
844 5121 896 5185 hic
915 5123 1004 5187 Deus
1022 5143 1159 5188 comme·
1211 5125 1440 5206 promissiones
1470 5125 1548 5188 Dei:
1579 5126 1655 5205 quia
1683 5125 1819 5208 perinde
1849 5124 1968 5204 valent,
1998 5143 2038 5190 ao
2067 5125 2095 5188 si
2124 5123 2185 5205 ipsi

189 5223 295 5276 morat
323 5233 358 5276 se
387 5213 427 5276 ab
457 5233 494 5275 eo
524 5211 575 5274 die
604 5231 668 5291 quo
698 5209 847 5273 exierant
869 5229 886 5270 e
909 5221 996 5272 terra
1023 5208 1160 5291 Aegypti
1211 5230 1318 5274 coram
1356 5230 1415 5274 nos
1454 5209 1680 5292 alloqueretur.
1736 5210 1802 5276 Sed
1842 5208 2052 5274 convincitur
2087 5213 2185 5276 etiam

188 5299 354 5380 usquead
384 5302 504 5377 tempas
534 5296 688 5360 Ieremias
717 5314 879 5375 rauaqucm
907 5312 1049 5370 cessasse,
1079 5294 1159 5360 haee
1211 5296 1316 5377 magis
1345 5315 1456 5361 eorum
1484 5295 1644 5378 impietas,
1673 5298 1727 5379 qui
1759 5304 1903 5361 stertunt
1931 5291 1986 5359 ubi
2015 5295 2113 5365 Deus
2142 5296 2186 5359 ita
