4784 5970
105 356 169 423 389
960 357 1110 425 CAPUT
1132 357 1245 424 LXII.
2032 367 2097 434 390

106 548 407 635 gratiarumactio,
441 547 467 611 si
498 545 667 610 hominum
695 544 803 610 sudori
834 555 866 610 et
893 547 1073 610 industriae
1126 546 1278 612 mandato
1298 548 1370 625 Dei,
1394 560 1432 614 ut
1453 548 1572 615 subditi
1596 551 1794 634 principibus
1817 551 1933 616 solent.
1969 550 2095 617 (lonve-

107 637 284 701 tribuatur:
319 653 377 698 nec
400 631 499 696 ullam
524 632 614 696 Deus
636 641 780 697 meretur
800 632 946 710 laudem,
976 633 1003 697 si
1026 632 1073 696 la·
1125 634 1218 698 nient
1240 636 1326 699 enim
1350 644 1384 698 et
1405 648 1600 701 concurrent
1627 637 1720 719 signo
1750 638 1891 716 sublato,
1922 650 1954 702 et
1981 659 2096 719 operas

107 721 236 786 boribus
258 720 325 784 suis
353 716 501 782 homiues
529 719 653 782 victum
684 718 867 799 acquirunt.
918 717 984 783 Sed
1015 740 1073 781 no·
1125 739 1200 783 suas
1233 720 1402 785 conferent
1433 720 1474 784 ad
1508 723 1661 803 populum
1696 721 1923 787 reducendum.
1980 723 2095 806 ltaque

107 807 243 872 tandum
266 815 316 869 est
338 802 537 887 prophetam,
568 803 623 867 ubi
646 803 824 886 legitimam
848 805 954 869 victus
975 824 1072 887 quae·
1125 805 1296 887 magnifice
1319 806 1446 870 extollit
1473 809 1651 889 potentiam
1676 808 1738 871 Dei
1767 829 1807 872 ne
1829 805 1942 873 Iudaei
1972 830 2007 873 se
2038 809 2096 873 ali-

106 892 196 957 rendi
223 892 381 955 rationem
412 890 537 965 docuit,
570 889 667 953 simul
697 887 815 953 addere
844 890 975 953 inanem
1006 891 1073 954 lore
1125 891 1255 971 quaudo
1278 891 1497 956 restituendos
1517 913 1589 957 esse
1611 892 1807 958 dubitarent.

106 978 248 1043 laborem
272 989 435 1052 nostrum,
469 974 533 1038 nisi
556 974 717 1038 Dominus
740 976 808 1055 ipse
837 975 958 1039 vietum
981 976 1073 1040 nobis
1212 977 1261 1041 11.
1292 976 1385 1062 (Ecce
1407 975 1546 1061 labora.)
1591 977 1765 1061 Significat
1789 978 1965 1042 Dominum
1995 979 2094 1042 mira·

106 1063 300 1146 suppeditet.
335 1060 396 1125 Dei
419 1061 506 1124 enim
530 1070 580 1124 est
602 1058 756 1141 quidquid
780 1060 953 1125 habemus:
977 1069 1073 1142 atque
1125 1061 1234 1126 hiliter
1256 1082 1357 1144 supra
1379 1082 1469 1144 spem
1493 1072 1524 1125 et
1543 1083 1672 1127 sensum
1691 1067 1797 1128 earnis
1816 1064 1942 1147 agendo
1959 1064 2095 1129 effectu·

107 1150 167 1232 ipsi
191 1148 249 1212 soli
273 1148 358 1229 quod
380 1146 608 1228 consequimur
631 1143 849 1209 tribuendum.
894 1145 957 1212 Ubi
983 1146 1074 1210 addit
1125 1168 1199 1211 rum
1243 1162 1279 1211 ut
1318 1158 1431 1230 gentes
1470 1168 1582 1212 omnes
1621 1150 1683 1214 hoo
1721 1150 1792 1213 fieri
1831 1151 1985 1213 mandato
2026 1151 2096 1215 eius

106 1237 140 1299 iu
168 1236 276 1316 chiis,
309 1233 425 1297 alludit
452 1230 493 1295 ad
523 1231 690 1296 solennem
721 1232 821 1294 ritum
857 1230 1073 1296 sacrificandi.
1125 1233 1318 1317 intelligant.
1355 1231 1461 1298 Obiiei
1483 1234 1570 1297 eamr
1594 1244 1734 1316 poterat:
1759 1235 1825 1314 Qui
1847 1237 1903 1299 fiet
1926 1246 1963 1299 ut
1984 1235 2095 1317 populi

107 1321 266 1386 Poterant
287 1320 372 1382 enim
397 1318 505 1382 bibere
528 1316 600 1381 aliis
618 1319 651 1380 in
671 1316 758 1392 locis,
783 1318 967 1399 utquisque
986 1317 1073 1380 domi
1126 1341 1160 1384 sc
1182 1319 1253 1382 Deo
1275 1317 1450 1401 praebeant
1471 1318 1692 1400 obsequentes,
1715 1341 1815 1402 quum
1837 1342 1923 1385 nunc
1946 1321 2096 1386 ferociter

107 1427 185 1472 suae
214 1405 316 1469 vesci:
354 1404 410 1467 ssd
440 1402 556 1466 allusio
590 1413 639 1467 est
659 1401 706 1466 'ad
736 1402 828 1467 illum
862 1402 1073 1468 consecrandi
1126 1405 1187 1487 ipsi
1221 1404 1399 1469 resistant?
1450 1403 1623 1469 Rationem
1658 1403 1779 1483 reddit,
1821 1407 1898 1489 quia
1931 1407 2095 1472 Dominus

107 1512 246 1572 morem,
276 1510 339 1572 quo
361 1489 455 1554 libari
478 1488 639 1571 primitias
661 1488 714 1551 lex
739 1488 886 1565 iubebat,
918 1499 952 1551 ut
975 1490 1074 1553 totius
1110 1489 1300 1574 publicabit
1324 1490 1462 1553 reditum
1491 1500 1653 1555 vestrum:
1687 1493 1734 1556 ita
1763 1503 1800 1556 ut
1827 1502 2006 1573 agnoscant
2036 1512 2095 1556 voa

107 1578 184 1641 euni
207 1589 384 1658 proventus
406 1574 477 1637 Deo
501 1573 705 1638 dicerentur:
741 1585 773 1638 et
805 1575 882 1637 trita
910 1584 960 1637 est
987 1572 1072 1655 apud
1126 1577 1262 1657 imperio
1284 1576 1385 1657 ipsine
1408 1577 1546 1639 restitui.
1592 1574 1687 1657 Quod
1711 1587 1820 1642 autem
1849 1577 1978 1642 subiicit
2005 1577 2096 1641 dicite

108 1664 222 1727 Mosen
257 1661 418 1725 sententia
451 1660 524 1724 illa:
560 1659 754 1740 Epulaberis
786 1672 820 1723 et
853 1648 1007 1743 gaudebis
1040 1661 1072 1724 in
1110 1661 1210 1742 ,filice
1223 1659 1309 1741 Sicu,
1329 1682 1392 1724 non
1405 1660 1539 1726 dubium
1559 1668 1609 1724 est
1626 1663 1707 1744 quin
1725 1663 1854 1745 proprie
1873 1662 1913 1725 ad
1929 1663 2096 1726 ministros

106 1759 277 1829 conspeetu
302 1748 364 1810 Dei
387 1747 442 1809 tui.
1127 1748 1217 1811 verbi
1240 1747 1408 1828 pertineat,
1432 1759 1465 1810 et
1488 1746 1663 1828 prophetae
1686 1749 1804 1829 quibus
1826 1747 1989 1811 Dominus
2011 1746 2095 1811 hanc

194 1834 242 1898 10.
265 1831 449 1918 (Transito.)
493 1829 667 1896 (loncludit
689 1851 728 1895 ex
750 1831 968 1912 superioribus
995 1831 1072 1898 libe·
1126 1833 1329 1915 provinciam
1364 1832 1505 1915 ininngit
1538 1842 1574 1895 ut
1608 1833 1762 1913 ecclesiae
1801 1833 2027 1896 liberationem
2062 1843 2094 1896 et

107 1941 179 1986 rum
206 1921 275 1982 fore
304 1918 477 1982 transitum
511 1938 570 1999 per
602 1929 712 1997 portas
746 1916 836 1980 urbis
869 1938 951 1999 qnae
983 1919 1073 1999 prius
1124 1918 1261 1983 salutem
1296 1919 1495 1998 promittant.
1551 1916 1658 1999 Atque
1693 1918 1768 1983 hino
1807 1918 1991 2001 colligimus
2033 1918 2093 1982 has

106 2006 234 2072 clausae
256 2016 314 2067 aut
335 2002 462 2067 dirutae
488 2013 591 2066 erant.
637 2000 793 2076 Olausae,
823 2023 921 2083 quum
948 2003 1072 2068 obside·
1126 2003 1357 2087 promissiones
1394 2001 1433 2065 ad
1474 2023 1574 2066 unam
1615 2003 1818 2068 solummodo
1852 2016 1990 2066 aetatem
2027 2024 2092 2067 non

107 2092 201 2156 batur
224 2090 264 2153 ab
287 2089 450 2153 hostibus:
485 2089 626 2166 dirutae,
660 2109 758 2169 quum
787 2108 902 2152 eversa
932 2088 1009 2153 urbs
1039 2099 1072 2153 et
1125 2089 1295 2171 restringi:
1329 2085 1385 2152 sed
1408 2086 1571 2152 adfinem
1596 2109 1697 2170 usque
1727 2087 1840 2152 mundi
1871 2088 2093 2153 extendendas

106 2177 173 2241 solo
196 2187 331 2256 aequata
353 2185 413 2238 est.
459 2171 630 2255 Significat
651 2193 728 2256 ergo
758 2173 856 2237 talem
886 2175 952 2237 tore
983 2174 1072 2239 urbis
1125 2195 1205 2239 esse.
1251 2173 1335 2237 Nam
1358 2182 1397 2236 ut
1418 2173 1549 2237 initium
1573 2173 1632 2236 fiat
1653 2195 1673 2236 a
1696 2175 1803 2238 reditu
1826 2192 1843 2236 e
1866 2173 2036 2256 Babylone
2058 2175 2093 2236 in

107 2261 392 2337 instaurationem,
422 2269 457 2323 ut
479 2260 663 2340 frequentes
685 2258 719 2322 in
742 2259 812 2339 ipsa
841 2259 966 2324 incolae
996 2261 1072 2335 sint,
1124 2259 1296 2336 Iudaeam,
1331 2257 1602 2341 progrediendum
1625 2268 1674 2323 est
1696 2279 1799 2342 usque
1829 2258 1870 2322 ad
1892 2260 2017 2324 Christi
2040 2258 2094 2322 ad-

107 2362 139 2412 et
171 2346 275 2410 crebri
309 2346 349 2409 ad
381 2366 450 2409 eam
493 2359 701 2409 commeatus.
760 2344 883 2408 Putant
923 2346 1072 2410 nonnulli
1126 2357 1272 2421 ventum,
1307 2364 1369 2425 quc
1393 2364 1468 2407 vere
1492 2344 1621 2408 demum
1651 2344 1731 2409 haec
1761 2342 1930 2427 prophetia
1960 2345 2093 2426 impleta

108 2434 207 2497 verba
229 2433 299 2496 fieri
323 2431 363 2495 ad
386 2446 540 2512 pastores,
567 2444 604 2494 ut
625 2428 853 2513 ingrediantur
876 2441 995 2513 portas,
1024 2442 1072 2496 at·
1125 2442 1175 2495 est
1196 2443 1228 2494 et
1251 2429 1429 2511 redemptio
1451 2431 1550 2493 finem
1580 2451 1675 2494 suum
1705 2429 1832 2513 adepta.
1876 2429 1977 2495 Venit
2006 2432 2093 2494 enim

107 2540 168 2601 que
195 2517 268 2581 aliis
297 2524 452 2598 tanquam
483 2515 579 2578 duces
606 2527 771 2597 praeeant.
817 2514 883 2580 Sed
913 2517 1072 2598 generalis
1125 2526 1274 2582 servator
1295 2536 1393 2597 quum
1418 2516 1523 2598 gratia
1540 2514 1605 2580 Dei
1627 2538 1685 2599 per
1707 2516 1911 2601 evangelium
1932 2516 2093 2598 publicata

107 2618 139 2669 et
161 2602 360 2666 translatitia
382 2611 431 2665 est
448 2602 619 2684 sententia,
642 2621 704 2682 qua
722 2601 889 2666 ecelesiam
908 2612 1074 2684 comparat
1125 2611 1184 2666 est.
1228 2601 1268 2665 Iu
1296 2621 1436 2675 summa,
1472 2599 1644 2665 denuntiat
1678 2603 1820 2666 futurum
1851 2602 2024 2683 aliqnando
2058 2614 2094 2664 ut

108 2688 177 2754 urbi
203 2686 389 2769 populosae,
419 2706 521 2768 quum
544 2686 583 2750 ad
608 2697 736 2767 tempus
766 2686 879 2752 luisset
907 2688 1014 2751 diruta
1037 2708 1074 2752 ac
1126 2689 1165 2752 ab
1188 2697 1262 2750 ortu
1284 2685 1361 2750 solis
1383 2706 1485 2768 usque
1508 2685 1547 2750 ad
1578 2706 1727 2752 occasum
1756 2708 1818 2751 vox
1841 2686 1902 2750 Dei
1932 2699 2093 2768 personet,

108 2776 250 2847 deserta,
284 2771 387 2854 qualis
420 2771 620 2854 lerosolyma
653 2771 769 2835 fuerat.
822 2771 887 2835 Alii
922 2773 1074 2837 subtilius
1127 2771 1247 2838 neceb
1271 2792 1335 2835 uno
1359 2780 1485 2834 tantum
1510 2771 1717 2854 populo,scd
1740 2771 2093 2838 abuniversisaudia·

107 2858 379 2943 philosophantur
408 2868 505 2938 atque
536 2858 627 2919 aiunt
664 2867 792 2937 apertas
821 2877 891 2920 esse
921 2858 1074 2923 eeclesiae
1126 2872 1189 2923 tur.
1227 2857 1319 2922 Haec
1342 2867 1451 2920 autem
1474 2869 1524 2921 est
1545 2877 1628 2920 vox:
1650 2877 1712 2922 ecce
1734 2871 1881 2922 servator
1900 2871 1974 2922 tuus
1992 2859 2093 2932 venit,

107 2955 226 3028 portas,
245 2963 345 3025 quum
358 2942 568 3007 annuntiatur
587 2944 620 3006 in
639 2962 676 3006 ea
695 2942 840 3007 remissio
859 2958 1073 3027 peccatorum,
1126 2965 1222 3025 quam
1247 2942 1374 3026 proprie
1396 2941 1557 3026 evangelii
1587 2964 1657 3007 esse
1685 2943 1815 3009 scimus.
1860 2943 1957 3007 Iubet
1985 2944 2094 3024 itaque

107 3051 169 3114 qua
196 3029 358 3113 legatione
383 3029 470 3093 Deus
499 3049 610 3091 omnes
641 3026 681 3091 ad
712 3048 747 3091 se
776 3028 902 3092 invitat.
950 3030 1073 3093 Verum
1126 3029 1279 3095 ecclesiae
1312 3028 1459 3092 doctores
1492 3028 1617 3110 erigere
1648 3028 1775 3094 animos
1816 3028 1944 3112 piorum
1978 3029 2094 3091 fiducia

107 3119 134 3181 si
169 3115 308 3180 velimus
338 3115 465 3196 assequi
499 3115 675 3197 prophetae
708 3135 855 3192 sensum,
896 3114 1072 3179 tenendum
1125 3115 1286 3179 adventus
1318 3112 1468 3188 Domini,
1510 3113 1639 3177 tametsi
1680 3114 1790 3196 procul
1830 3136 1850 3178 a
1882 3113 2000 3196 populo
2033 3134 2093 3177 suo

107 3211 157 3268 est
186 3203 248 3265 ista
281 3202 391 3264 omnia
420 3220 477 3281 per
507 3198 752 3263 similitudinem
782 3198 861 3263 dici:
895 3200 980 3265 siout
1008 3201 1073 3264 iam
1126 3202 1238 3267 abesse
1257 3197 1432 3263 videretur.
1462 3199 1587 3263 Verum
1608 3198 1687 3264 haec
1705 3200 1877 3283 promissio
1897 3197 1936 3263 ad
1956 3219 2095 3282 reguum

106 3289 301 3352 monuimus.
1126 3285 1249 3352 Christi
1271 3286 1413 3349 maxime
1435 3285 1585 3366 pertinet,
1608 3304 1628 3348 a
1650 3305 1713 3367 qno
1736 3285 1831 3368 plene
1853 3295 1885 3350 et
1903 3287 1937 3348 in
1955 3285 2095 3349 solidum

191 3371 409 3455 (Repurgcte.)
469 3370 541 3435 Hoc
590 3370 720 3452 quidem
761 3369 902 3436 officium
944 3371 1073 3454 proprie
1125 3373 1206 3451 haec
1228 3372 1383 3454 praestita
1404 3380 1490 3436 sunt.
1535 3369 1620 3434 Nam
1654 3391 1689 3434 se
1721 3392 1754 3434 re
1784 3391 1865 3435 vera
1894 3381 2094 3435 servatorem

107 3458 273 3523 doctorum
296 3470 354 3533 est,
378 3455 434 3521 aed
453 3455 649 3538 generaliter
667 3455 818 3537 loquutus
837 3467 886 3520 est
905 3457 1072 3540 propheta,
1126 3457 1276 3522 exhibuit
1298 3457 1451 3522 eeclesiae
1474 3473 1566 3520 suae:
1589 3454 1863 3538 quemadmodum
1879 3458 1969 3537 prius
1988 3455 2095 3538 eapite

107 3554 204 3626 atque
226 3562 338 3606 omnes
361 3541 533 3624 compellat
564 3562 700 3623 quorum
730 3561 826 3622 opera
854 3541 895 3604 ad
924 3555 1073 3605 sternen·
1126 3541 1372 3625 quadragesimo
1402 3541 1553 3605 vidimus.
1604 3540 1675 3604 Iam
1706 3562 1747 3604 ne
1781 3561 1845 3622 qua
1874 3541 2012 3621 amplius
2040 3559 2094 3603 eos

108 3629 181 3693 dam
213 3628 331 3710 populo
364 3628 450 3691 viam
484 3648 562 3693 usus
595 3638 644 3692 cst
673 3624 773 3691 Deus.
818 3627 910 3691 'lunc
943 3628 1074 3708 quidem
1127 3627 1286 3692 dubitatio
1315 3627 1480 3704 sollicitet,
1514 3622 1687 3691 ubi'Deus
1717 3639 1866 3690 servator
1895 3626 2094 3709 apparuerit,

108 3716 222 3779 Medos
246 3723 279 3777 et
301 3715 417 3777 Persas
440 3712 676 3794 alloquebatur,
708 3731 845 3792 quorum
868 3733 965 3794 opera
988 3713 1072 3775 viam
1127 3735 1201 3777 eum
1235 3713 1368 3776 instruit
1400 3713 1560 3794 potentia,
1601 3712 1695 3775 sicuti
1729 3711 1834 3792 capite
1863 3711 1914 3776 40.
1971 3710 2095 3775 Eadem

108 3799 259 3882 patefecit
280 3798 410 3863 Iudaeis
431 3810 467 3861 ut
492 3799 526 3861 in
557 3797 693 3878 patriam
722 3797 881 3860 redirent:
915 3796 970 3861 sed
1000 3796 1075 3860 reli·
1127 3801 1214 3862 enim
1238 3799 1336 3861 verba
1354 3817 1435 3879 quae
1453 3797 1517 3862 illic
1535 3796 1678 3861 vidimus
1696 3797 1831 3879 repetit:
1854 3797 1947 3880 quasi
1965 3795 2094 3874 diceret,

109 3903 190 3968 quos
212 3883 327 3947 deinde
349 3904 460 3947 omnes
478 3880 722 3965 comprehendit
740 3903 798 3965 per
815 3903 894 3964 quos
912 3881 1073 3947 Dominus
1127 3884 1223 3947 simul
1258 3904 1295 3947 ac
1327 3882 1398 3946 Deo
1433 3881 1591 3964 placuerit
1630 3901 1762 3946 manum
1803 3904 1895 3948 suam
1936 3903 2095 3966 exserere,

108 3968 303 4035 instauravit
325 3969 491 4033 ecclesiam
516 3989 618 4033 suem.
662 3967 851 4049 Alloquitur
873 3979 982 4031 autem
1013 3969 1074 4031 im-
1127 3979 1312 4051 promptum
1345 3981 1376 4030 et
1409 3969 1547 4033 celerem
1589 3969 1656 4033 fore
1693 3967 1863 4033 effectum:
1906 3971 2095 4051 quantisper

109 4056 232 4139 periose
254 4074 365 4118 omnes
388 4054 537 4118 homines
558 4066 593 4117 ut
617 4054 685 4118 vias
708 4066 847 4137 purgent
872 4065 904 4118 et
932 4053 1074 4135 compla·
1128 4055 1214 4119 enim
1237 4062 1341 4118 cessat
1371 4055 1422 4118 vel
1453 4067 1640 4129 cunctatur,
1674 4054 1782 4119 earnis
1811 4076 1925 4119 sensus
1958 4056 2095 4119 otiosum

109 4152 205 4204 nent:
239 4152 277 4203 ut
305 4139 526 4222 intelligerent
559 4139 670 4204 Iudaei
705 4140 815 4204 omniu
843 4139 1075 4222 impedimenta
1128 4163 1198 4205 esse
1220 4138 1351 4205 iudicat.
1386 4139 1430 4202 Et
1451 4139 1601 4204 videmus
1623 4147 1659 4203 ut
1681 4139 1775 4203 multi
1798 4140 1928 4204 fanatici
1948 4138 2096 4206 homines

109 4227 200 4292 tacile
223 4226 387 4290 sublatum
411 4226 467 4301 iri,
499 4237 596 4306 atque
618 4246 731 4288 omnes
753 4224 914 4306 homines,
944 4225 1074 4290 tametsi
1127 4228 1224 4289 inane
1256 4225 1386 4307 fingent
1419 4246 1556 4308 numen,
1592 4247 1629 4290 ac
1662 4226 1688 4289 si
1723 4235 1886 4288 mortuam
1918 4227 2095 4308 imaginem

108 4313 350 4389 infestissimos,
379 4311 531 4375 mandato
555 4311 616 4374 Dei
639 4312 807 4375 confestim
830 4312 1074 4393 obsequuturos.
1129 4313 1308 4393 pingerent.
1353 4311 1473 4375 Merito
1494 4311 1603 4392 itaque
1626 4309 1784 4394 propheta
1806 4331 1885 4392 opus
1916 4323 1948 4374 et
1978 4333 2096 4375 merce-

109 4399 181 4463 Hcc
203 4408 311 4461 autem
334 4397 428 4462 modo
452 4395 541 4461 iubet
562 4395 674 4460 fideles
702 4418 736 4461 se
764 4396 804 4460 ad
836 4419 917 4480 opus
945 4408 1075 4462 strenue
1129 4396 1201 4461 dem
1225 4416 1332 4462 coram
1356 4394 1427 4461 Deo
1450 4397 1580 4472 statuit,
1614 4408 1652 4459 ut
1674 4416 1708 4459 se
1731 4396 1853 4461 iustum
1875 4395 1988 4459 mundi
2011 4396 2095 4461 iudi·

110 4485 287 4564 accingere,
311 4505 347 4548 ac
370 4485 397 4547 si
416 4481 508 4546 multi
527 4483 664 4563 operarii
683 4481 722 4545 ad
742 4484 949 4548 secundariae
968 4498 1076 4564 partes
1129 4502 1210 4562 uem,
1233 4483 1287 4547 ubi
1310 4502 1392 4563 opus
1414 4482 1523 4564 tuerit,
1546 4482 1755 4545 demonstret.

110 4569 251 4651 agendas
280 4580 408 4650 praesto
436 4581 553 4633 essent.
602 4567 646 4630 Et
675 4568 819 4632 notanda
846 4581 895 4634 est
923 4571 958 4632 in
988 4589 1076 4649 repe·
1217 4565 1536 4651 tumescebant.)
1572 4566 1738 4649 Exprimit
1761 4568 1952 4633 beneficium
1975 4567 2095 4632 adveu-

111 4655 225 4719 titione
256 4654 429 4718 verborum
458 4652 635 4735 emphasis,
670 4673 750 4735 quae
779 4653 820 4717 ad
849 4655 1075 4720 certitudinem
1130 4665 1183 4718 tus
1207 4654 1355 4717 Domini:
1390 4655 1464 4734 quia
1486 4653 1606 4718 seilicet
1629 4653 1747 4716 electos
1769 4674 1853 4731 suos,
1881 4653 1980 4717 veluti
2003 4674 2096 4735 pecu-

112 4739 208 4804 valet.
1128 4740 1226 4816 lium,
1259 4737 1322 4801 sibi
1351 4760 1446 4802 curae
1474 4758 1544 4802 esse
1571 4736 1742 4802 ostendeus
1772 4740 1879 4821 palam
1911 4739 2006 4803 faciet
2033 4741 2095 4804 toti

196 4824 342 4909 (Sternite
363 4822 544 4908 lapidibus.)
589 4809 653 4920 5¹70
683 4823 847 4887 interdum
880 4825 1003 4908 lapides
1025 4846 1076 4890 re·
1129 4823 1252 4888 mundo
1275 4845 1338 4887 non
1361 4824 1461 4888 fuisse
1482 4823 1639 4887 lusorium
1664 4824 1847 4905 adoptionis
1869 4822 1979 4888 foedus
2009 4825 2095 4906 quod

111 4932 241 4975 movere
261 4909 432 4992 significat,
461 4908 625 4975 interdum
648 4909 810 4990 lapidibus
832 4919 993 4974 sternere:
1029 4920 1077 4972 at·
1130 4910 1254 4993 pepigit
1265 4930 1337 4974 cum
1350 4908 1527 4973 Abraham.
1556 4909 1634 4973 Ideo
1652 4918 1746 4975 vocat
1765 4910 1920 4993 populum
1938 4923 2095 4987 sanctum,

112 5018 173 5079 que
211 4998 245 5059 in
285 4994 345 5059 hac
385 4995 562 5075 posteriore
600 4996 836 5078 significatione
876 4996 984 5078 potius
1024 4996 1078 5059 hic
1130 4999 1282 5077 quoniam
1305 4995 1467 5058 Dominus
1489 5015 1543 5058 eos
1565 4996 1625 5058 sibi
1654 4996 1838 5078 segregavit
1867 5016 1903 5059 ac
1931 5016 2096 5059 consecra·

112 5082 333 5164 accipiendum
369 5093 463 5161 poto:
504 5082 635 5145 tametsi
669 5080 763 5145 aliter
802 5079 899 5163 vulgo
936 5081 1077 5145 sentiant
1130 5083 1196 5144 vit:
1237 5100 1311 5143 nam
1345 5081 1406 5144 etsi
1439 5079 1575 5161 populos
1616 5100 1729 5143 omnes
1770 5082 1943 5163 gubernet,
1983 5101 2096 5145 semen

113 5171 316 5250 interpretes.
372 5165 494 5230 Eodem
529 5167 670 5247 pertinet
710 5165 793 5247 quod
827 5166 916 5230 iubet
949 5167 1077 5248 signum
1131 5166 1284 5230 Abrahae
1317 5166 1438 5247 eligere
1474 5165 1627 5249 dignatus
1666 5175 1728 5240 est,
1770 5167 1861 5228 cuius
1902 5165 2096 5246 peculiarem

112 5254 233 5318 tollere.
288 5253 459 5337 Significat
488 5253 574 5315 enim
606 5253 737 5333 populos
765 5252 812 5315 ita
845 5250 1077 5334 obsequuturos
1131 5250 1293 5333 quandam
1316 5270 1429 5315 curam
1452 5264 1588 5334 gereret.
1634 5254 1742 5332 Atque
1764 5250 1824 5315 hoc
1847 5271 1945 5315 sensu
1975 5252 2097 5335 signifi-

1843 5352 1894 5406 25·
