4784 5970
189 371 253 439 275
1070 372 1119 438 IN
1142 370 1308 440 Istlau
2125 370 2184 440 276

189 564 267 642 iore,
297 582 356 627 neo
378 561 631 626 misericordiam
657 581 749 627 suam
778 562 933 626 ecclesiae
963 561 1160 626 defuturam.
1213 562 1422 646 aggregando
1455 561 1622 641 homines,
1656 571 1688 627 et
1720 561 1896 647 redigendo
1928 562 1962 628 in
1996 561 2183 646 obsequium

191 647 265 729 Quo
288 668 385 713 sensu
409 647 527 712 dieitur
549 648 583 711 in
607 648 740 712 Psalmo
762 647 827 732 (93,
851 648 893 733 1),
920 647 1083 711 Dominus
1110 669 1160 711 re·
1213 647 1287 712 Dei.
1339 647 1413 712 Hoc
1443 648 1544 732 igitur
1573 647 1745 713 discrimen
1780 655 1831 715 est
1862 650 1950 714 inter
1976 648 2122 714 Paulum
2153 664 2184 712 et

190 734 313 818 gnabit,
337 732 522 798 stabilietur
538 733 634 798 orbis.
666 734 739 798 Imo
759 734 835 799 alibi
855 733 974 799 dicitur
997 732 1084 819 (102,
1098 732 1162 818 27),
1212 733 1343 812 Isaiam,
1367 733 1453 816 quod
1476 733 1531 798 ille
1550 753 1690 818 gemmus
1711 735 1790 799 istas
1808 734 1848 801 ad
1868 734 2051 800 doctrinam
2074 734 2183 799 refert:

190 819 339 901 quamvis
368 829 507 901 pereant
535 819 631 902 coeli,
661 820 828 885 ecclesiam
852 819 915 884 Dei
945 830 1104 884 staturam
1127 819 1162 882 in
1214 818 1268 882 hie
1290 840 1370 884 vero
1394 820 1433 883 ad
1458 820 1543 884 dona
1566 821 1700 902 spiritus
1722 822 1843 898 sancti,
1873 821 2015 903 quaein
2039 820 2184 885 homines

189 925 247 969 suo
276 904 391 988 gradu.
444 904 484 968 In
514 925 593 970 voce
622 905 870 988 mhuieordiac,
902 904 1080 970 notandum
1112 911 1163 969 est
1214 906 1437 982 conferuntur,
1460 914 1497 969 ut
1519 926 1560 970 ex
1582 906 1623 969 iis
1646 917 1834 971 exstruatur
1856 905 2001 971 ecclesia
2036 905 2184 971 Notanda

189 990 285 1073 quala
308 994 350 1054 sit
372 989 621 1055 fundamentum
652 990 801 1056 foederis.
846 989 936 1055 Nihil
958 991 1046 1055 enim
1070 990 1163 1055 nobis
1214 997 1393 1055 astantem
1425 991 1582 1055 donorum
1606 993 1764 1070 varietas,
1795 993 1911 1074 quibus
1938 991 2108 1056 Dominus
2136 1012 2183 1056 ec·

189 1096 263 1143 cum
295 1075 367 1140 Dec
401 1076 600 1153 commercii,
635 1077 698 1141 nisi
730 1095 790 1141 nos
822 1078 968 1160 gratuito
1002 1076 1162 1159 admittat,
1214 1076 1350 1141 alesiam·
1368 1096 1461 1141 suam
1484 1093 1632 1141 exornat.
1663 1077 1746 1148 .Nec
1766 1079 1854 1142 euim
1875 1096 1990 1144 omnes
2012 1077 2184 1162 smaragdi,

189 1163 294 1226 nostri
325 1163 487 1226 misertus.
539 1160 664 1228 Foedus
689 1164 785 1245 pacis
813 1169 920 1241 vocat,
955 1162 1038 1245 quod
1069 1162 1162 1227 nohis
1213 1172 1270 1226 aut
1291 1183 1405 1227 omnes
1427 1161 1632 1228 carbunculi:
1664 1165 1720 1227 sed
1743 1163 1917 1246 unicuique
1969 1184 2006 1228 ro
2033 1182 2185 1228 mensura

190 1247 306 1312 offerat
328 1246 491 1311 Dominus
524 1247 680 1331 quidquid
712 1249 752 1314 ad
780 1269 941 1313 summam
976 1248 1160 1313 felicitatem
1215 1248 1376 1311 Dominus
1404 1248 1539 1313 arbitrio
1571 1269 1629 1312 suo
1659 1248 1834 1314 distribuit.
1880 1248 1932 1315 Ua
1957 1270 1975 1314 a
2005 1250 2106 1314 etiam
2133 1249 2184 1314 ob·

189 1334 349 1417 pertinet:
377 1335 471 1398 sicuti
494 1336 590 1398 etiam
614 1334 758 1399 Hebraei
780 1335 875 1415 pecie
900 1337 1032 1398 nomine
1054 1334 1162 1398 omnia
1214 1333 1408 1398 servandum
1433 1345 1498 1412 est,
1532 1334 1689 1416 quidquid
1712 1335 1752 1398 ad
1776 1345 2004 1399 ornamentum
2035 1333 2184 1400 ecclesiae

188 1439 346 1502 prospera
375 1419 663 1502 comprehendunt.
710 1419 821 1501 Quum
847 1420 950 1503 igitur
971 1421 1099 1484 firmam
1129 1429 1163 1483 et
1213 1420 1363 1502 pertinet,
1387 1418 1474 1483 haud
1497 1419 1627 1484 aliunde
1650 1440 1747 1502 quam
1767 1419 1865 1485 aDei
1887 1422 1994 1504 gratia
2016 1420 2183 1503 proficisci.

188 1505 325 1569 solidam
349 1505 583 1570 beatitudinem
605 1506 666 1571 hoo
684 1505 795 1571 foedus
817 1507 992 1580 contineat,
1015 1506 1163 1587 sequitur
1214 1504 1299 1569 Nam
1331 1507 1358 1569 si
1388 1505 1461 1570 ideo
1490 1526 1603 1570 sumus
1636 1505 1824 1572 carbunculi
1858 1516 1891 1569 et
1920 1506 2069 1589 sapphiri
2105 1507 2184 1589 qnod

188 1592 325 1656 miseros
348 1612 552 1657 esseomnes
575 1593 630 1673 qui
653 1591 786 1674 abipso
809 1591 1035 1657 exeluduntur.
1075 1590 1161 1656 Ocn-
1215 1591 1369 1656 docemur
1401 1612 1420 1655 a
1450 1590 1610 1655 Domino:
1643 1593 1791 1673 sequitur
1824 1591 1885 1656 hoc
1917 1612 1936 1655 a
1969 1602 2092 1657 natura
2123 1614 2184 1657 non

187 1677 297 1741 firmat
320 1676 437 1741 iterum
461 1677 494 1740 id
517 1677 603 1759 quod
627 1676 748 1741 dictum
773 1689 831 1759 est,
855 1698 954 1761 quum
976 1697 1011 1741 se
1032 1676 1164 1742 misera·
1215 1698 1294 1742 esse.
1334 1675 1439 1742 Docet
1463 1688 1570 1742 autem
1594 1698 1654 1742 nos
1676 1676 1825 1741 bifariam
1850 1676 2029 1744 Dominus:
2051 1686 2185 1744 externa

188 1766 286 1826 torem
309 1771 417 1826 vocat:
441 1784 507 1827 non
525 1764 622 1828 aliter
644 1762 775 1841 scilicet,
800 1783 904 1846 neque
924 1763 987 1827 alia
1008 1761 1048 1827 de
1066 1783 1164 1827 causa
1214 1760 1455 1846 praedicatione
1477 1773 1510 1826 et
1532 1782 1653 1827 areana·
1678 1763 1878 1828 revelatione
1909 1763 2046 1846 spiritus
2075 1766 2184 1830 sancti.

188 1868 224 1912 se
246 1848 314 1911 lora
337 1849 523 1930 propitium,
547 1849 610 1913 nisi
633 1851 709 1931 quia
732 1848 906 1914 exorabilis
928 1858 986 1932 est,
1010 1847 1164 1914 etfacilis
1216 1846 1390 1928 Quodnam
1414 1848 1550 1913 docendi
1567 1869 1672 1931 genus
1690 1848 1855 1932 intelligat
1871 1848 2031 1931 propheta
2047 1851 2185 1916 ostendit

189 1931 229 1996 ad
254 1933 500 2016 ignoscendum.
1215 1933 1368 2000 Christus
1391 1933 1476 2017 apud
1500 1934 1664 2010 loannem,
1688 1933 1765 1998 dum
1785 1933 1848 2000 hoc
1866 1935 2088 2000 testimonium
2111 1937 2186 2002 citat

278 2020 327 2083 11.
359 2018 596 2105 (Paupertate.)
641 2021 855 2103 Prosequitur
877 2019 964 2083 idem
988 2040 1163 2103 argumen-
1215 2019 1298 2105 (lob.
1323 2020 1357 2096 6,
1383 2019 1449 2104 45).
1501 2018 1611 2100 Quare
1644 2020 1757 2085 melior
1789 2021 1951 2104 interpres
1984 2021 2184 2104 quaerendus

190 2118 270 2182 tum,
300 2127 337 2170 ac
359 2107 522 2187 promittit
549 2128 614 2171 non
637 2107 731 2170 modo
754 2107 928 2189 pristinum
958 2103 1163 2188 splendorem
1217 2128 1283 2169 non
1305 2117 1365 2170 est.
1411 2106 1577 2187 Scriptum
1601 2111 1651 2169 est
1673 2107 1707 2169 in
1731 2106 1909 2190 prophetis,
1931 2106 2050 2191 inquit,
2083 2107 2185 2172 Erunt

189 2189 342 2256 ecclesiae
364 2191 526 2256 redditum
547 2194 596 2270 iri,
619 2193 675 2256 sed
693 2192 801 2256 Deum
824 2192 987 2256 facturum
1006 2203 1042 2253 ut
1061 2192 1165 2272 splen·
1215 2212 1327 2256 omnes
1349 2190 1433 2255 docti
1457 2211 1475 2255 a
1498 2190 1578 2255 Deo.
1624 2189 1742 2257 Omnis
1764 2194 1820 2274 qui
1841 2190 1968 2256 audivit
1989 2213 2010 2257 a
2031 2198 2137 2276 patre,
2156 2206 2185 2259 at

190 2276 314 2341 didiore
336 2289 453 2341 ornatu
477 2279 590 2351 niteat,
618 2297 654 2341 ac
677 2280 703 2342 si
727 2288 794 2341 tota
816 2291 902 2341 esset
924 2279 1102 2358 composita
1124 2299 1164 2341 ex
1217 2276 1342 2354 didicit,
1374 2277 1464 2341 venit
1488 2278 1529 2340 ad
1551 2299 1613 2341 me.
1659 2277 1697 2342 si
1721 2278 1760 2342 de
1783 2286 1919 2343 externa
1948 2278 2184 2360 praedicatione

190 2362 352 2445 lapidibus
376 2363 534 2444 pretiosis.
569 2362 608 2427 ld
631 2362 718 2444 quod
734 2364 911 2447 Haggaeus
934 2360 1165 2448 (2,10)signi-
1216 2361 1446 2445 intelligendus
1469 2371 1555 2427 essct
1577 2363 1630 2427 hic
1654 2363 1751 2441 locus,
1778 2383 1843 2427 non
1867 2364 1947 2428 satis
1968 2374 2137 2430 constaret
2156 2366 2184 2431 id

190 2448 302 2513 ficavit
334 2470 397 2512 uno
426 2450 539 2527 verbo,
568 2470 668 2532 quum
700 2449 799 2526 dixit,
834 2449 1021 2530 posterioris
1051 2448 1163 2529 templi
1216 2448 1299 2530 quod
1320 2447 1472 2513 Christus
1492 2469 1534 2511 ex
1556 2470 1594 2512 eo
1617 2448 1789 2513 concludit.
1824 2449 1893 2513 Nec
1912 2449 1999 2513 enim
2023 2452 2183 2534 sequitur:

191 2534 327 2616 gloriam
351 2535 507 2599 maiorem
530 2536 599 2599 iere
622 2556 720 2617 quam
743 2536 870 2617 prioris.
903 2533 954 2598 De
977 2534 1163 2598 nominibus
1216 2533 1430 2599 Praedicatur
1450 2535 1668 2616 evangelium,
1687 2554 1765 2618 ergo
1782 2554 1896 2599 omnes
1913 2536 2061 2600 credunt.
2093 2537 2184 2602 Multi

189 2640 392 2703 gemmarum
414 2642 493 2703 quas
518 2621 570 2685 hic
592 2622 745 2702 exprimit
775 2619 950 2704 propheta,
983 2618 1163 2703 dequibus
1216 2621 1302 2683 enim
1327 2619 1560 2684 adversantur:
1585 2621 1638 2684 alii
1661 2633 1773 2701 aperte
1795 2618 1918 2684 rident:
1942 2619 2000 2685 alii
2022 2622 2183 2687 simulant.

191 2708 321 2770 variant
343 2708 405 2790 ipsi
430 2707 587 2784 Hebraei,
609 2727 685 2773 ,non
709 2719 757 2771 est
787 2727 984 2789 magnopere
1014 2706 1162 2772 laboran·
1216 2707 1360 2770 Tantum
1392 2707 1445 2788 qui
1475 2706 1695 2789 praeordinati
1725 2716 1801 2771 sunt
1826 2704 1865 2769 ad
1890 2705 1991 2771 vitam
2015 2726 2058 2771 ex
2080 2709 2183 2774 animo

190 2791 277 2869 dum,
301 2793 395 2856 modo
418 2815 548 2858 sensum
567 2793 628 2858 loci
647 2803 826 2858 teneamus.
860 2793 921 2855 Est
939 2802 1048 2857 autem
1069 2789 1163 2855 valde
1216 2802 1293 2856 sunt
1322 2790 1456 2870 dociles,
1490 2804 1525 2856 ut
1555 2794 1626 2856 iure
1658 2802 1853 2856 censeantur
1885 2792 1972 2855 inter
2005 2792 2182 2878 discipulos

191 2878 374 2959 emphatica
405 2878 584 2960 alloquutio
611 2877 651 2942 ad
675 2879 842 2944 leniendos
870 2878 997 2960 piorum
1029 2876 1162 2954 dolores,
1215 2878 1408 2943 Premiscua
1438 2888 1488 2943 est
1517 2878 1680 2960 evangelii
1714 2877 1909 2959 praedicatio
1937 2878 2049 2944 electis
2079 2891 2114 2945 et
2140 2901 2184 2945 re

192 2965 282 3044 quasi
306 2964 475 3028 ecclesiam
498 2965 533 3027 in
555 2964 712 3045 profundo
735 2965 916 3028 demersam
940 2963 1103 3027 attolleret
1121 2983 1164 3026 ex
1215 2963 1341 3045 probis:
1373 2963 1426 3026 sed
1452 2963 1545 3028 electi
1568 2963 1627 3028 soli
1650 2962 1690 3027 ad
1714 2961 1882 3028 Christum
1911 2963 2087 3044 accedunt,
2115 2969 2184 3048 quia

193 3049 372 3130 naufragio.
406 3049 520 3129 Itaque
544 3050 669 3131 quoties
690 3058 723 3113 et
740 3049 890 3132 procellis
913 3047 1037 3113 duriter
1059 3049 1162 3131 ipsam
1216 3058 1294 3112 sunt
1316 3070 1336 3112 a
1358 3047 1430 3112 Dee
1452 3049 1579 3115 eruditi.
1624 3048 1676 3112 De
1698 3048 1750 3113 his
1778 3048 1883 3132 igitur
1908 3050 1997 3114 haud
2021 3049 2118 3117 dubie
2139 3054 2182 3117 in·

192 3137 329 3209 concuti,
353 3135 563 3196 etmalorum
587 3135 739 3216 congerie
763 3134 874 3215 premi,
898 3144 930 3197 et
949 3134 1056 3199 orbari
1074 3133 1164 3198 omni
1216 3133 1338 3216 telligit
1360 3135 1529 3216 propheta.
1566 3136 1620 3199 Ex
1643 3135 1694 3199 his
1717 3134 1922 3217 perspicuum
1946 3143 2006 3214 est,
2029 3138 2182 3219 quomedo

192 3219 308 3284 solatio
338 3218 537 3296 videbimus,
571 3220 665 3283 nobis
698 3220 733 3282 in
763 3232 905 3283 mentem
939 3219 1052 3283 veniat
1084 3218 1165 3283 haec
1217 3221 1318 3283 simus
1341 3221 1408 3283 vivi
1439 3218 1560 3301 lapides
1591 3232 1624 3286 et
1645 3222 1777 3303 pretiosi
1800 3219 1840 3284 ad
1863 3221 2105 3288 exstruendum
2127 3223 2183 3288 Dei

191 3306 262 3387 ipsa
285 3325 354 3367 esse
375 3325 457 3383 quae
476 3305 582 3368 Deum
607 3305 647 3368 ad
671 3325 764 3386 opem
787 3304 954 3368 ferendam
977 3314 1163 3385 provocant
1218 3304 1391 3386 templum:
1426 3326 1541 3387 nempe
1571 3327 1673 3388 quum
1703 3327 1763 3371 nos
1792 3308 1908 3388 spiritu
1941 3326 2002 3372 suo
2034 3308 2183 3375 formavit

280 3390 328 3454 12.
364 3389 421 3475 (Et
443 3390 584 3474 ponam.)
628 3389 692 3455 His
714 3389 981 3455 similitudinibus
1013 3389 1163 3466 ostendit,
1216 3389 1388 3473 Dominus,
1413 3405 1445 3454 et
1467 3392 1633 3473 expolivit,
1662 3403 1758 3474 atque
1780 3393 1933 3457 exteriori
1955 3394 2183 3476 praedicationi

192 3477 453 3545 excellentiorem
474 3497 569 3557 quam
590 3496 733 3557 unquam
753 3487 850 3539 antea
869 3475 1022 3540 ecclesiae
1041 3484 1163 3539 statum
1217 3474 1308 3540 verbi
1331 3476 1501 3540 coniunxit
1518 3478 1707 3542 interiorem
1726 3479 1861 3560 spiritus
1879 3476 2072 3547 efficaciam.
2101 3481 2183 3547 Hine

193 3566 278 3629 fore:
312 3564 406 3628 sicuti
441 3564 506 3625 iam
541 3562 662 3625 dictum
695 3575 753 3625 est.
806 3559 1024 3642 comparatur
1055 3572 1164 3624 autem
1216 3561 1400 3644 colligimus
1423 3573 1545 3645 quanta
1563 3566 1605 3627 sit
1623 3563 1769 3646 pravitas
1791 3563 1929 3629 humani
1947 3564 2085 3648 ingenii,
2105 3567 2183 3650 qued

194 3649 330 3715 ecclesia
364 3647 524 3721 aedificio,
559 3657 595 3712 ut
624 3649 682 3711 toti
716 3647 898 3731 scripturae
928 3646 1066 3729 vulgare
1099 3657 1163 3710 est:
1216 3648 1302 3711 flecti
1325 3656 1358 3711 et
1380 3649 1549 3712 reformari
1580 3651 1705 3732 nequit,
1736 3649 1800 3713 nisi
1821 3648 1984 3715 Dominus
2007 3652 2042 3717 vi
2064 3662 2101 3719 et
2121 3653 2184 3719 effi·

195 3733 405 3817 quamobrem
438 3734 597 3814 pretiosae
619 3746 651 3796 et
673 3733 865 3815 magnificae
898 3745 1082 3797 structurae
1112 3731 1165 3796 hic
1217 3734 1304 3797 cacia
1325 3733 1459 3815 spiritus
1482 3734 1532 3798 sui
1553 3734 1710 3817 impellat.
1750 3734 1929 3819 Utramque
1951 3757 2030 3802 vero
2052 3736 2185 3804 docendi

195 3820 370 3903 imaginem
393 3820 552 3899 proponit.
598 3816 663 3882 Sed
687 3816 866 3881 notandum
890 3831 948 3894 ast,
983 3816 1067 3899 quod
1091 3838 1164 3898 pro·
1217 3820 1393 3893 rationem,
1427 3830 1460 3883 et
1488 3820 1677 3883 interiorem
1709 3831 1741 3885 et
1771 3823 1981 3901 exteriorem,
2014 3825 2185 3890 coniunxit

195 3904 294 3989 pheta
317 3905 422 3967 Deum
448 3905 546 3966 huius
571 3902 707 3967 aedificii
731 3902 943 3968 architectum
966 3903 1053 3967 facit.
1093 3903 1165 3968 Hoc
1217 3894 1328 3968 Isaias.
1373 3904 1457 3968 Nam
1489 3916 1583 3971 vocat
1616 3907 1700 3970 filios
1734 3908 1887 3972 ecclesiae
1915 3907 1972 3990 qui
2002 3907 2185 3975 aDomino

196 3991 284 4054 enim
306 4010 386 4070 opus
408 3989 471 4070 ipsi
493 3990 551 4051 uni
574 3989 607 4050 in
631 3987 770 4052 solidum
795 3989 894 4053 tribui
918 3988 1021 4052 debet.
1063 3989 1165 4070 Atqui
1217 3989 1382 4055 docentur.
1419 3989 1455 4054 Si
1478 3991 1546 4068 filii,
1569 4012 1646 4074 ergo
1669 3992 1704 4055 in
1727 3992 1797 4056 eius
1820 4001 1912 4057 utero
1933 3994 2072 4077 concipi,
2094 4004 2186 4078 atque

196 4075 307 4157 quaeri
330 4085 437 4156 potest
460 4074 536 4157 quid
560 4094 618 4155 per
635 4073 856 4152 carbunculos,
879 4073 1058 4155 sapphiros,
1082 4093 1164 4138 mar·
1217 4075 1346 4157 abipsa
1365 4073 1558 4141 alinecesse
1578 4089 1643 4142 est:
1667 4077 1809 4159 primum
1832 4077 1924 4155 lacte,
1949 4077 2070 4145 deinde
2088 4081 2186 4146 solido

195 4163 317 4245 garitae
340 4161 481 4240 aliasque
504 4157 660 4224 eiusmodi
690 4179 835 4240 gemmas
862 4159 1021 4241 propheta
1043 4158 1162 4223 intelli·
1216 4159 1296 4237 cibo,
1320 4157 1422 4224 donec
1444 4159 1641 4243 adolescant,
1665 4183 1702 4228 ac
1720 4163 1784 4227 viri
1803 4163 1959 4229 evadant:
1982 4166 2187 4247 quemadmo-

195 4260 259 4332 gat.
305 4246 388 4309 Nam
412 4244 536 4309 Paulus
559 4244 717 4308 eiusmodi
748 4242 961 4309 similitudine
984 4243 1165 4309 doctrinam
1217 4244 1293 4309 dum
1317 4245 1425 4327 inquit
1446 4247 1569 4313 Paulus
1591 4246 1634 4331 (1.
1652 4247 1727 4313 (lor.
1747 4248 1776 4326 3,
1795 4248 1838 4334 2).
1882 4249 2028 4315 Proinde
2049 4253 2187 4335 requiri·

196 4332 402 4415 significavit.
448 4330 493 4395 Ut
516 4332 644 4413 sapiens
668 4330 875 4404 architectus,
898 4329 1004 4410 inquit
1028 4326 1071 4412 (1.
1091 4329 1164 4394 Cer.
1218 4340 1271 4394 tur
1299 4342 1436 4396 externa
1469 4333 1706 4399 administratio
1735 4336 1843 4413 verbi,
1876 4337 1904 4400 si
1933 4335 2086 4419 discipuli
2119 4358 2188 4404 esse

195 4420 225 4495 3,
251 4419 319 4498 10),
352 4416 602 4480 fundamentum
633 4416 741 4497 posui:
776 4414 901 4492 deinde,
933 4415 1018 4497 quod
1041 4415 1070 4479 si
1093 4416 1166 4496 quis
1217 4417 1365 4480 velimus.
1395 4416 1491 4482 Unde
1511 4428 1646 4502 apparet
1669 4428 1870 4502 quantopere
1891 4418 2032 4485 delirent
2052 4421 2187 4490 metiti

195 4503 392 4586 superstruit
414 4522 512 4583 super
533 4500 781 4564 fundamentum
805 4500 866 4563 hoc
888 4520 1019 4581 aurum,
1049 4522 1164 4583 argon·
1217 4500 1374 4581 homines,
1404 4504 1459 4583 qui
1481 4502 1542 4568 hoc
1565 4506 1751 4570 testimonio
1773 4507 1952 4570 abutuntur
1972 4505 2014 4571 ad
2037 4519 2187 4574 everten-

196 4605 282 4666 tum‚
315 4588 440 4669 lapides
474 4588 645 4667 pretiosos,
679 4586 784 4669 ligna,
816 4585 966 4667 foenum,
1000 4586 1165 4669 stipulam,
1218 4586 1292 4650 dam
1315 4587 1586 4668 praedicationem
1611 4590 1714 4667 verbi,
1744 4596 1778 4655 ot
1802 4591 2020 4657 ministerium
2048 4614 2117 4676 quo
2137 4613 2187 4659 ee·

195 4678 350 4757 cuiusque
380 4693 460 4754 opus
491 4674 697 4735 manifestum
721 4674 786 4735 fiet.
831 4674 886 4735 An
908 4670 996 4734 idem
1025 4674 1067 4735 sit
1091 4691 1165 4753 pro·
1217 4672 1315 4735 clesia
1338 4672 1451 4738 utitur.
1495 4674 1579 4738 Nam
1601 4677 1754 4740 ecclesiae
1776 4676 1835 4741 filii
1856 4698 1927 4742 esse
1950 4697 2015 4742 non
2038 4690 2185 4761 manunt,

195 4762 315 4845 phetae
337 4780 451 4823 sensus
474 4777 584 4831 necne,
608 4758 775 4837 proximus
798 4777 910 4821 versus
933 4756 1095 4821 indicabit.
1217 4757 1281 4821 nisi
1302 4757 1336 4819 in
1360 4777 1398 4820 ea
1420 4778 1455 4822 se
1477 4760 1609 4824 educari
1639 4762 1760 4826 sinant.
1804 4763 1942 4828 Frustra
1971 4763 2187 4831 revelationes

283 4846 332 4910 13.
366 4844 468 4929 (Nam
501 4861 605 4906 omues
632 4840 694 4921 filii
722 4841 792 4925 tui.)
844 4841 1044 4905 Particulam
1073 4855 1082 4908 t
1112 4841 1165 4906 hic
1217 4863 1351 4907 arcanas
1384 4844 1567 4908 iactabant:
1605 4847 1680 4928 quia
1713 4848 1847 4930 spiritus
1880 4870 1944 4913 non
1978 4847 2075 4916 docet
2108 4852 2187 4917 alios

196 4954 255 5015 pro
284 4930 435 4995 rationali
465 4928 602 5011 accipio,
638 4937 671 4989 ut
702 4927 782 4990 alias
810 4947 915 5007 saepe.
968 4928 1056 4991 Hinc
1086 4947 1163 4992 vero
1215 4948 1309 5010 quam
1328 4929 1385 5009 qui
1400 4949 1435 4992 se
1450 4932 1628 4996 ministerio
1647 4932 1800 4997 ecclesiae
1819 4935 2029 5000 submittunt:
2049 4937 2187 5018 preinde

196 5018 347 5100 colligere
377 5028 562 5098 promptum
593 5025 657 5087 est,
691 5011 810 5075 Isaiam
840 5013 1065 5078 concionatum
1099 5036 1163 5077 non
1216 5013 1363 5095 discipuli
1386 5020 1466 5078 sunt
1488 5017 1615 5094 diaboli,
1646 5038 1710 5081 non
1734 5018 1808 5098 Dei,
1838 5021 1892 5102 qui
1916 5019 2064 5085 ordinem
2087 5022 2129 5088 ab
2149 5042 2187 5087 eo

197 5124 266 5168 esse
289 5102 329 5165 de
352 5101 505 5178 doctrina,
531 5097 588 5163 sed
611 5097 650 5160 de
672 5097 870 5176 hominibus,
900 5120 940 5162 ex
963 5099 1079 5180 quibus
1101 5101 1163 5180 spi·
1215 5100 1402 5164 institutum
1426 5101 1609 5185 repudiant.
1647 5103 1732 5167 Nam
1754 5104 1835 5169 haec
1857 5105 1921 5170 duo
1944 5106 1991 5171 sic
2013 5109 2187 5173 coniuncta

196 5186 316 5252 rituale
349 5188 529 5251 aedificium
563 5183 717 5250 eeclesiae
747 5184 954 5248 construitur.
1008 5185 1163 5249 Doctrina
1215 5207 1285 5250 essa
1307 5187 1469 5266 videmus,
1503 5187 1588 5253 filios
1618 5189 1770 5254 ecclesiae
1800 5200 1831 5254 et
1860 5191 1970 5257 doctos
1992 5213 2012 5257 a
2033 5192 2116 5269 Deo,
2148 5202 2187 5258 ut

196 5272 327 5357 quidem
351 5294 389 5337 aa
408 5283 457 5337 est
479 5271 565 5335 unde
588 5269 776 5335 aedificatur
798 5270 946 5334 ecclesia:
970 5270 1025 5333 sad
1050 5268 1108 5333 hoc
1127 5272 1164 5332 fit
1216 5271 1365 5354 discipuli
1382 5272 1445 5338 Dei
1464 5295 1534 5340 esse
1553 5293 1618 5338 non
1637 5275 1770 5358 possint,
1793 5277 1846 5358 qui
1865 5279 1898 5342 in
1918 5277 2054 5345 ecclesia
2076 5279 2186 5346 doceri
