4784 5970
189 347 229 412 67
1069 346 1117 412 ΙΝ
1141 345 1310 413 ISAIAM
2151 342 2194 409 68

189 536 251 604 hae
273 535 430 601 mercede.
465 536 558 617 Quod
583 535 611 601 si
630 535 759 619 quando
777 537 884 620 prima
902 535 1009 619 specie
1027 546 1164 601 eventus
1217 535 1301 600 Nam
1323 537 1364 601 ab
1386 535 1503 599 intimo
1522 534 1628 599 cordis
1651 535 1769 600 affectu
1792 533 1952 617 proficisci
1976 533 2081 598 debet.
2117 531 2195 614 Spi-

190 620 369 706 respoudit,
392 622 452 686 hoc
469 621 566 686 modo
583 621 720 687 demersi
737 623 837 686 altius
854 621 987 686 fuerunt
1005 624 1040 686 in
1063 636 1166 686 acters
1216 621 1283 684 ritu
1306 641 1383 705 ergo
1406 621 1486 687 duce
1516 634 1613 703 atque
1641 621 1816 703 impulsore
1844 641 1924 701 opus
1948 630 2056 684 estut
2077 619 2194 685 laudes

191 730 271 774 num
293 708 479 773 interit-um:
507 718 539 772 et
560 710 645 772 iusto
667 707 730 772 Dei
753 706 872 773 iudicio
901 709 1022 772 laetum
1051 716 1101 772 est
1128 719 1164 771 ut
1216 707 1296 771 istas
1319 729 1395 772 vere
1417 717 1595 772 cantemus.
1639 706 1743 770 Porro
1768 727 1830 770 nun
1860 727 1959 769 uuum
1983 711 2110 799 tqntum
2136 718 2195 769 aut

191 793 311 859 talibus
334 793 520 878 praestigiis
543 813 597 859 ecs
626 794 802 858 fascinaret
825 792 938 858 Satan.
984 791 1060 857 Alia
1091 814 1163 858 ora·
1216 793 1354 857 alterum
1380 793 1545 875 populum,
1576 790 1632 857 sed
1654 814 1766 857 omnes
1788 791 1875 857 orbis
1898 804 2059 856 terrarum
2083 791 2194 854 natio·

190 879 338 945 culorum
361 879 455 962 ratic,
485 879 603 960 quibus
626 879 761 959 utiliter,
792 889 825 943 et
853 879 1000 943 insuam
1024 879 1163 943 salutem
1216 899 1274 943 nes
1297 880 1336 942 ad
1360 878 1392 942 id
1417 878 1581 943 hortatur:
1605 879 1759 960 quoniam
1784 878 1934 942 omnibus
1956 876 2054 942 etiam
2078 875 2193 941 (lhris-

190 966 326 1032 ecclesia
349 984 438 1029 nuuc
459 963 499 1028 ad
522 965 776 1047 resipiscentiam
807 962 945 1029 adducta
967 965 1044 1028 fuit:
1075 985 1163 1029 nunc
1216 974 1270 1028 tus
1292 963 1473 1029 destinatus
1495 974 1554 1029 est.

189 1054 226 1117 in
249 1052 366 1116 bonam
391 1072 481 1132 spem
504 1062 619 1126 erecta,
644 1072 684 1114 ne
705 1051 765 1115 sub
788 1070 963 1132 poenarum
988 1072 1085 1114 onere
1108 1051 1162 1114 de·
1303 1051 1352 1114 11.
1384 1049 1602 1133 (Euclumcut.)
1646 1047 1758 1128 Quum
1781 1048 1940 1130 propheta
1961 1069 2074 1112 omnes
2103 1047 2193 1112 orbis

190 1138 311 1202 ficeret.
346 1136 418 1200 Hoc
435 1134 565 1219 quidem
581 1137 685 1201 fixum
702 1147 821 1202 manet.
843 1155 1162 1218 quaecunquepree·
1216 1145 1325 1217 partes
1348 1136 1611 1217 comprehendat,
1642 1155 1696 1198 eas
1730 1135 1903 1216 praecipue
1933 1136 2078 1198 nominat
2108 1154 2193 1215 quae

191 1223 275 1286 dixit
298 1223 396 1298 Deus,
421 1230 538 1286 eventu
562 1221 772 1303 comprobari.
806 1219 928 1286 Omnia
947 1223 1035 1285 euim
1054 1224 1161 1304 provi·
1215 1223 1320 1305 magis
1342 1234 1438 1286 notae
1460 1221 1591 1285 Iudaeis
1612 1231 1714 1284 erant.
1760 1220 1843 1284 Nam
1875 1219 1916 1283 ab
1945 1219 2110 1286 occidente
2133 1219 2192 1283 Iu·

191 1307 301 1374 dantia
323 1328 383 1372 sua
405 1308 490 1388 regit
513 1319 546 1371 et
568 1307 763 1371 moderatur.
1217 1306 1295 1370 daea
1318 1327 1408 1371 mare
1431 1306 1554 1383 habuit,
1578 1305 1617 1370 ab
1640 1307 1765 1370 oriente
1788 1306 1951 1370 desertum
1971 1314 2004 1368 et
2021 1304 2191 1370 Arabiam.

278 1393 327 1458 10.
351 1391 495 1477 (Caritate
516 1392 677 1477 Domino.)
709 1392 807 1457 Nunc
829 1392 983 1473 populum
1001 1392 1041 1456 ad
1063 1392 1163 1475 grati·
1216 1390 1326 1472 Quum
1351 1393 1435 1456 enim
1460 1393 1602 1474 loquitur
1624 1390 1663 1455 de
1693 1393 1839 1456 tentoriis
1863 1388 1979 1469 (leder,
2007 1389 2136 1455 deserto
2157 1402 2193 1454 et

190 1479 337 1544 tudinem
362 1480 522 1542 hortatur.
568 1478 640 1543 Hoc
662 1480 747 1542 enim
779 1487 970 1560 perpetuum
1002 1479 1036 1541 in
1066 1478 1162 1541 bene·
1217 1479 1359 1560 rupibus,
1382 1477 1536 1543 Arabiam
1556 1478 1721 1559 designat:
1744 1477 1800 1541 sed
1819 1489 1869 1541 est
1886 1477 2101 1559 synecdoche,
2127 1497 2192 1559 qua

189 1566 272 1631 ficiis
294 1564 356 1628 Dei
380 1584 451 1628 esse
473 1563 579 1638 debet,
602 1577 769 1628 uteorum
792 1564 1100 1628 commemoratione
1122 1562 1162 1626 ad
1216 1575 1319 1629 totum
1351 1567 1508 1629 orientem
1537 1563 1793 1645 comprehendit.
1838 1562 1980 1626 Perinde
2010 1564 2110 1644 igitur
2141 1576 2192 1626 est

191 1651 313 1735 gratias
336 1649 479 1731 agendas
509 1660 542 1713 et
571 1649 682 1713 laudes
711 1650 780 1714 eius
809 1648 1020 1714 celebrandas
1050 1649 1163 1713 incite-
1216 1650 1302 1713 acsi
1325 1650 1456 1726 diceret,
1479 1671 1498 1713 a
1521 1649 1597 1715 solis
1619 1659 1691 1712 ortu
1716 1648 1756 1711 ad
1772 1667 1919 1713 occasum
1937 1669 2038 1731 usque
2053 1647 2191 1712 audien·

189 1757 274 1801 mur.
323 1734 426 1799 Porro
461 1737 523 1799 ista
556 1735 781 1799 exhortatione
812 1735 882 1816 pios
912 1734 1003 1798 velut
1032 1737 1064 1798 in
1094 1756 1162 1799 rem
1216 1736 1366 1801 danesse
1394 1736 1453 1799 has
1483 1734 1611 1799 laudes:
1642 1735 1795 1816 quoniam
1825 1734 1944 1816 ubique
1973 1734 2098 1799 coletur
2122 1733 2190 1797 Do-

189 1828 394 1904 praesentem
425 1841 547 1885 vocans
577 1842 630 1884 eas
660 1821 891 1902 promissiones
924 1823 1095 1885 confirmat
1124 1820 1163 1883 de
1215 1823 1335 1899 minus,
1369 1841 1469 1902 quum
1503 1828 1600 1885 antea
1633 1821 1666 1883 in
1700 1819 1823 1884 Iudaea
1856 1831 1982 1883 tantum
2017 1820 2190 1884 coleretur.

190 1907 308 1990 quibus
331 1907 484 1988 loquutus
502 1917 559 1970 est.
594 1906 666 1969 Hoc
683 1909 770 1971 enim
792 1906 968 1988 prophetae
990 1906 1162 1972 consilium
1215 1907 1330 1990 Itaque
1349 1907 1575 1970 immutabitur
1593 1925 1701 1969 rerum
1720 1915 1835 1981 status,
1859 1916 1956 1987 atque
1979 1907 2013 1968 iu
2032 1907 2191 1968 extremis

190 1991 373 2057 notandum
392 2005 449 2068 est,
463 1993 674 2074 quantumvis
690 1992 816 2056 duriter
835 2002 1025 2074 premantur
1041 1993 1163 2066 fideles,
1217 2003 1322 2057 terrae
1355 1992 1501 2074 partibus
1534 1991 1605 2058 laus
1638 1993 1700 2054 ista
1729 1990 1887 2060 audietur.
1946 1990 2047 2056 Vites
2082 1990 2191 2056 Oedar

190 2099 255 2142 non
279 2085 388 2141 tamen
412 2099 482 2142 esse
504 2099 562 2142 cur
584 2079 722 2142 moerori
746 2078 975 2143 succumbant:
999 2077 1056 2142 sed
1081 2079 1163 2141 bona
1217 2080 1373 2156 nominat,
1403 2080 1552 2160 quoniam
1578 2077 1701 2141 Arabes
1725 2077 1876 2152 scenitae,
1907 2092 1942 2139 ut
1965 2078 2043 2140 satis
2075 2088 2190 2140 notum

189 2185 247 2245 epe
269 2163 405 2226 animari
431 2163 547 2228 debere
565 2163 604 2226 ad
625 2164 791 2242 laetitiam,
814 2164 933 2227 utiam
952 2184 986 2228 se
1005 2163 1044 2226 ad
1065 2165 1162 2244 grati·
1217 2178 1275 2247 est,
1298 2164 1360 2228 sub
1383 2165 1530 2228 tentoriis
1554 2163 1753 2227 habitabant.
1788 2162 1890 2244 Atqui
1913 2163 2010 2226 urbes
2030 2162 2190 2237 nominat,

190 2249 315 2313 tudinis
338 2249 562 2312 testimonium
581 2250 762 2331 accingant.
802 2249 943 2313 Materia
965 2248 1063 2313 huius
1086 2270 1162 2314 can·
1216 2271 1316 2331 quum
1352 2250 1392 2313 de
1426 2248 1555 2313 deserto
1584 2248 1738 2329 loquitur.
1790 2246 1978 2311 Notandum
2008 2263 2056 2311 est
2085 2247 2190 2330 igitur

191 2336 248 2400 tici
280 2343 338 2410 est,
372 2333 458 2416 quod
486 2333 639 2399 Christus
672 2333 852 2415 patefactus
885 2346 933 2398 est
967 2333 1098 2410 mundo,
1132 2345 1164 2397 et
1216 2336 1370 2400 desertum
1402 2337 1512 2398 vocari
1546 2355 1610 2397 non
1648 2344 1776 2398 tantum
1811 2344 1934 2398 vastam
1969 2333 2189 2408 solitudinem,

192 2421 310 2484 missus
333 2440 352 2483 a
373 2432 465 2502 patre
489 2433 526 2482 ut
547 2418 701 2485 ecclesiae
723 2439 801 2483 suae
823 2419 963 2484 miseriis
986 2431 1162 2494 succurrat,
1216 2443 1297 2503 quae
1320 2424 1406 2484 iuter
1424 2420 1578 2484 Iudaeam
1602 2432 1634 2482 et
1649 2419 1804 2484 Arabiam
1828 2431 1912 2483 erat:
1935 2418 1991 2482 sed
2016 2419 2190 2482 ulteriores

192 2525 328 2587 eamque
351 2506 501 2569 restituat
522 2504 557 2567 in
581 2506 759 2587 perlectum
789 2504 951 2570 ordinem:
983 2506 1048 2569 imo
1071 2506 1162 2586 quasi
1216 2507 1374 2590 regiones,
1403 2526 1485 2588 ques
1513 2506 1633 2587 vulgus
1663 2527 1682 2568 a
1710 2506 1866 2569 viciniore
1897 2517 1989 2584 parte
2017 2505 2188 2568 censebat:

192 2599 298 2656 totum
321 2591 431 2655 orbam
456 2597 600 2654 renovet.
646 2588 720 2670 Quo
754 2601 861 2653 autem
893 2612 945 2654 res
967 2603 1037 2655 erat
1059 2592 1163 2673 magis
1216 2592 1486 2676 quemadmodum
1512 2590 1662 2655 nonnulli
1690 2603 1845 2655 montana
1868 2605 1984 2654 vocant
2012 2593 2107 2653 etiam
2133 2610 2190 2653 eas

192 2676 332 2742 difficilis
355 2677 489 2754 creditu,
516 2696 642 2740 omnem
667 2675 898 2739 dubitationem
924 2675 1037 2741 tollere
1059 2676 1164 2740 voluit
1215 2678 1366 2760 planities
1389 2698 1472 2760 quae
1495 2687 1586 2741 trans
1608 2683 1736 2739 montes
1767 2678 1847 2740 sitae
1874 2686 1960 2739 suut.
2005 2676 2089 2740 Nam
2113 2676 2189 2740 vul·

191 2762 358 2844 propheta,
396 2771 432 2826 ut
460 2761 578 2826 melius
608 2761 727 2826 animis
756 2781 868 2825 eorum
901 2763 980 2827 haec
1010 2763 1163 2826 vaticinia
1214 2784 1275 2847 gus
1294 2764 1329 2827 in
1344 2764 1413 2829 eius
1427 2762 1513 2846 quod
1537 2763 1669 2844 propius
1685 2773 1735 2825 est
1750 2775 1923 2844 conspectu
1939 2763 1985 2825 ita
2000 2771 2189 2843 occupatur,

190 2849 356 2931 infigeret:
380 2869 438 2912 nec
462 2848 604 2930 profecto
626 2848 744 2911 mirum
768 2856 817 2912 est
839 2847 1029 2930 prophetam
1053 2849 1087 2912 in
1110 2848 1162 2912 his
1215 2860 1252 2913 ut
1272 2860 1398 2914 caetera
1420 2870 1503 2932 quae
1526 2849 1655 2929 longius
1678 2847 1806 2921 absunt,
1837 2847 1955 2910 similia
1985 2869 2055 2911 esse
2084 2857 2187 2929 putet.

192 2933 374 2997 excitandis
403 2933 482 2997 adeo
516 2931 670 3011 laborare,
704 2953 806 3015 quum
839 2934 872 2997 iu
907 2947 1070 2998 extremas
1104 2955 1161 2996 an·
1215 2934 1412 3018 Quanquam
1435 2935 1558 3017 gratiae
1578 2934 1640 2997 Dei
1665 2932 1921 3021 magnitudinem
1945 2932 2021 2996 hinc
2043 2932 2190 2997 illustrat

192 3018 317 3100 gustias
337 3017 459 3082 redacti
489 3029 606 3096 esseut,
636 3039 694 3084 nec
722 3018 790 3082 ulla
818 3039 891 3100 spes
921 3019 1047 3099 reliqua
1075 3031 1163 3084 esset
1215 3034 1248 3086 et
1269 3021 1396 3085 extollit
1419 3021 1588 3103 propheta,
1617 3018 1701 3098 quod
1722 3019 1763 3081 'ad
1788 3029 1903 3099 gentes
1926 3019 2025 3082 etiam
2047 3018 2189 3082 incultae

192 3103 316 3168 salutis.
362 3102 460 3170 Solus
489 3104 576 3168 enim
605 3125 714 3168 rerum
745 3116 892 3185 aspectus
921 3105 1018 3169 fidem
1050 3125 1161 3169 eorum
1215 3117 1249 3170 et
1280 3105 1450 3187 barbaras,
1492 3126 1627 3188 quarum
1669 3105 1821 3168 immanis
1852 3104 1964 3168 feritas
1999 3113 2075 3167 uota
2108 3114 2189 3177 erat,

191 3188 369 3255 labefacere
391 3200 526 3271 poterat,
549 3190 614 3254 imo
636 3190 850 3272 suspicionem
873 3191 999 3267 afferre,
1022 3211 1109 3254 vana
1131 3199 1164 3254 et
1215 3192 1410 3274 penetrabit.

191 3274 329 3340 ridicula
362 3297 433 3340 cese
474 3277 584 3340 omnia
622 3296 704 3358 quae
737 3295 756 3338 a
788 3275 956 3358 prophetis
1000 3275 1163 3359 praedicta
1302 3278 1351 3343 12.
1375 3276 1470 3361 (Dent
1488 3275 1646 3360 plurium.)
1680 3276 1851 3358 Significat
1874 3274 1979 3356 qualis
1997 3274 2191 3340 hicelamor

192 3371 296 3426 erant.
319 3361 395 3427 Huc
417 3363 494 3443 ergo
517 3361 659 3442 pertinet
680 3363 745 3425 ista
771 3360 963 3435 exhortatio,
995 3363 1087 3426 utin
1111 3361 1163 3426 de·
1214 3364 1343 3427 futurus
1384 3365 1443 3439 sit,
1484 3382 1600 3445 nempe
1642 3362 1680 3424 ad
1721 3361 1929 3426 celebrandas
1962 3360 2025 3425 Dei
2058 3361 2188 3425 laudes:

191 3446 410 3530 ploratissimo
432 3467 542 3510 rerum
571 3456 657 3511 statu
687 3455 795 3512 erecto
822 3447 890 3511 siut
919 3447 1037 3523 animo,
1066 3452 1163 3530 atque
1214 3450 1366 3531 quoniam
1389 3448 1508 3529 ubique
1531 3449 1658 3512 bouitas
1681 3449 1751 3512 eius
1774 3456 1806 3510 et
1824 3446 1997 3512 clementia
2014 3449 2189 3511 sentietur.

191 3534 263 3598 retis
302 3533 570 3614 promissionibus
609 3532 784 3597 confidant.
847 3532 971 3597 Novum
1009 3533 1164 3617 intelligit
1214 3535 1378 3600 Contenta
1400 3535 1503 3618 igitur
1526 3555 1603 3598 voce
1625 3533 1781 3599 celebrari
1810 3533 1899 3597 iubet
1922 3533 2190 3616 redemptionem,

191 3619 406 3702 praeclarum,
434 3619 577 3702 elegans,
606 3620 817 3700 exquisitum,
848 3640 914 3683 non
943 3619 1078 3703 vulgare
1106 3628 1165 3686 aut
1213 3621 1309 3686 sicuti
1337 3621 1461 3685 fructus
1490 3621 1559 3684 eius
1588 3622 1770 3684 communis
1792 3621 1854 3682 erit
1876 3618 2026 3683 omnibus
2049 3619 2189 3702 populis.

193 3706 325 3768 tritum:
357 3704 412 3768 sed
437 3704 520 3786 quod
543 3705 577 3767 in
602 3703 851 3769 admirationem
874 3704 1023 3768 homines
1047 3707 1162 3787 rapiat,
1215 3710 1321 3788 Atque
1366 3706 1442 3770 hinc
1481 3725 1653 3770 monemur
1693 3703 1788 3769 hodie
1829 3726 1954 3787 quoque
1998 3705 2189 3769 vehementi

191 3799 303 3872 utpote
332 3792 546 3872 compositum
576 3789 615 3853 de
646 3790 805 3874 singulari
835 3790 897 3855 Dei
926 3791 1041 3874 gratia,
1071 3792 1164 3856 cuius
1214 3793 1332 3858 affectu
1354 3791 1570 3869 clamandum,
1601 3812 1703 3873 quum
1725 3789 1839 3853 laudes
1862 3789 1924 3853 Dei
1949 3789 2190 3872 praedicamus:

191 3876 298 3940 simile
326 3875 513 3957 exemplum
542 3895 710 3957 nunquam
739 3876 919 3941 exstiterat.
964 3875 1039 3956 Quo
1068 3897 1163 3941 seusu
1214 3887 1252 3942 ut
1281 3888 1315 3941 et
1336 3877 1551 3942 accendamur
1572 3878 1644 3959 ipsi,
1672 3889 1704 3941 et
1727 3875 1806 3939 alios
1830 3875 1870 3939 ad
1893 3877 1979 3940 idem
2002 3874 2213 3941 faciendum·

192 3962 291 4026 etiam
320 3960 408 4026 Psal.
438 3960 480 4026 33
511 3969 544 4026 et
573 3961 615 4026 96
646 3962 781 4042 capitur.
832 3961 962 4025 Novum
997 3962 1083 4025 euim
1112 3961 1164 4025 hic
1214 3963 1363 4046 exemplo
1402 3973 1512 4028 nostro
1554 3963 1739 4027 invitemus.
1795 3961 1868 4026 Nec‘
1896 3964 1983 4026 enim
2016 3982 2191 4027 susurrare

193 4048 368 4129 opponitur
402 4048 547 4130 vulgari,
583 4057 680 4128 atque
721 4049 767 4110 ita
805 4045 1065 4130 incomparabilis
1099 4047 1163 4112 Dei
1214 4048 1415 4113 solummodo
1437 4057 1583 4131 possunt,
1614 4060 1671 4113 aut
1693 4058 1811 4128 tepere,
1840 4061 1896 4111 aut
1917 4050 1977 4113 sibi
2001 4068 2127 4129 cauere,
2152 4061 2190 4111 ut

191 4131 410 4197 misericordia
442 4132 697 4209 commendatur,
728 4152 809 4214 quae
842 4133 876 4195 in
911 4132 1042 4198 Christo
1077 4143 1164 4214 pate·
1215 4136 1372 4216 aiuntet
1395 4135 1508 4211 Musis,
1537 4134 1592 4217 qui
1615 4156 1731 4200 verum
1755 4132 1886 4198 divinae
1910 4137 2033 4216 gratiae
2054 4148 2189 4216 gustum

190 4218 338 4284 facienda
366 4230 444 4282 erat.
489 4216 709 4298 Quamobrem
739 4216 894 4283 celebrari
922 4219 1035 4299 ipsam,
1066 4234 1163 4302 atque
1215 4220 1346 4284 habent.

191 4303 321 4368 eximiis
342 4302 493 4368 laudibus
516 4303 628 4368 extolli
658 4303 810 4385 oportuit.
858 4303 953 4369 Unde
980 4304 1163 4388 colligimus
1301 4305 1349 4370 13.
1373 4304 1502 4390 (Ictovu
1530 4311 1679 4386 tuoquam
1706 4304 1822 4390 gipes.)
1871 4303 1964 4385 Quae
1995 4326 2081 4369 nunc
2109 4305 2188 4369 sub·

94 4436 98 4443 -
191 4409 455 4472 unumquemque
490 4401 639 4453 nostrum
673 4410 712 4454 eo
744 4389 851 4472 magis
884 4390 924 4452 ad
959 4389 1071 4454 laudes
1098 4389 1160 4455 Dei
1213 4390 1283 4455 iicit
1304 4391 1419 4473 Isaiae,
1447 4391 1488 4455 ad
1519 4394 1720 4473 superandas
1743 4392 1871 4473 piorum
1895 4391 2093 4454 tentationes
2115 4411 2188 4473 per·

190 4472 422 4558 praedicandas
439 4476 603 4538 intentum
621 4496 692 4540 esse
709 4482 867 4556 oportere,
890 4494 955 4556 quo
972 4475 1046 4556 plus
1066 4475 1162 4540 bene·
1213 4478 1328 4542 tinent.
1374 4475 1445 4540 Deo
1474 4477 1561 4541 enim
1592 4479 1690 4542 robur
1719 4492 1750 4541 et
1772 4477 1999 4541 fortitudinem
2023 4474 2188 4556 adscribit,

190 4561 337 4627 liciorum
360 4561 493 4642 aceepit.
528 4559 653 4625 Omnes
671 4561 802 4644 quidem
821 4560 894 4623 Deo
915 4560 1027 4624 laudes
1045 4581 1162 4626 canere
1214 4571 1250 4626 ut
1278 4562 1358 4627 satie
1386 4562 1519 4626 firmum
1550 4565 1583 4626 iu
1608 4583 1645 4626 eo
1669 4561 1866 4647 praesidium
1888 4562 1949 4627 sibi
1972 4563 2042 4626 fore
2064 4561 2188 4626 intelli·

191 4646 325 4711 debent:
359 4647 434 4729 quia
464 4667 558 4711 nemo
581 4658 629 4710 est
652 4646 706 4728 qui
729 4667 794 4710 nou
825 4665 1031 4728 summopore
1061 4649 1103 4712 sit
1133 4649 1162 4711 ei
1213 4658 1301 4732 gant.
1342 4648 1427 4712 Nam
1451 4647 1522 4713 ideo
1545 4647 1726 4713 laboramus
1750 4647 1784 4711 in
1808 4648 1964 4725 adversis,
1986 4648 2071 4730 quod
2096 4647 2189 4711 dubi-

190 4733 379 4798 obstrictus:
409 4731 466 4796 sed
489 4732 595 4816 magis
617 4733 796 4815 exquisitas
818 4730 932 4796 landes
960 4732 1000 4796 ab
1031 4731 1071 4796 iis
1093 4753 1162 4796 ma·
1214 4747 1319 4798 temus
1349 4754 1391 4797 an
1414 4733 1504 4797 Deus
1535 4734 1574 4797 ad
1604 4754 1697 4816 opem
1726 4735 1818 4797 uobis
1840 4734 2007 4798 ferendam
2030 4733 2188 4797 sufficiet:

190 4839 271 4883 nare
294 4818 385 4884 decet
403 4819 458 4900 qui
480 4817 646 4882 liberalius
665 4818 772 4881 ornati
794 4817 937 4882 luerunt.
971 4817 1041 4880 Iam
1062 4839 1160 4901 quum
1214 4821 1404 4901 praesertim
1436 4819 1488 4883 ubi
1519 4821 1701 4885 cunctando
1724 4818 1853 4884 videtur
1876 4829 1951 4884 veta
1974 4831 2085 4883 nostra
2108 4841 2188 4902 quo·

190 4904 313 4968 fontem
347 4904 492 4968 omnium
525 4902 784 4968 benedictionum
815 4903 978 4986 apereruit
1008 4902 1099 4967 Deus
1127 4905 1163 4968 iu
1213 4903 1385 4970 dammodo
1419 4905 1577 4969 frustrari.
1630 4905 1708 4971 Ideo
1737 4906 1896 4988 propheta
1929 4907 2098 4984 magnifice
2129 4927 2188 4970 ex·

191 4988 334 5073 Christo,
365 5001 399 5054 et
431 4988 617 5073 spirituales
650 5008 763 5053 omues
796 4988 929 5052 divitias
959 4988 1162 5070 explicuerit,
1214 4991 1299 5056 tollit
1321 4989 1500 5072 potentiam
1520 4990 1593 5067 Dei,
1617 5003 1652 5055 ut
1676 5011 1789 5055 omncs
1812 4993 1844 5055 in
1869 5012 1942 5056 eum
1967 5012 2059 5073 spem
2080 4992 2189 5055 locare

191 5096 257 5139 non
285 5077 405 5139 mirum
435 5076 464 5141 si
495 5074 663 5140 insolitum
696 5084 730 5138 et
762 5074 890 5156 insigne
924 5073 1030 5139 laudis
1063 5076 1163 5141 sacri·
1213 5087 1246 5143 et
1279 5077 1468 5141 recumbere
1501 5076 1637 5141 discant.
1692 5077 1854 5160 Egressus
1887 5089 1994 5142 autem
2029 5079 2120 5142 cuius
2151 5079 2189 5142 fit

190 5161 300 5226 ficium
322 5160 384 5224 sibi
407 5160 540 5244 rependi
569 5159 723 5244 postulet.
769 5157 958 5224 Notandum
981 5171 1030 5224 est
1052 5171 1160 5226 autem
1213 5161 1336 5228 mentio
1355 5162 1575 5243 metaphorice
1593 5163 1737 5243 capitur:
1761 5163 1836 5245 quia
1854 5164 1956 5226 latere
1975 5164 2064 5227 visus
2082 5163 2191 5227 fuerat

192 5246 253 5311 hoc
286 5247 448 5312 canticum
490 5247 562 5312 cani
603 5267 667 5311 non
710 5264 804 5327 posse
837 5245 900 5309 uisi
933 5266 952 5309 a
985 5248 1160 5312 renovatis.
1212 5248 1314 5328 Deus,
1344 5267 1408 5329 quo
1443 5265 1588 5330 tempore
1617 5270 1693 5313 suos
1720 5249 1819 5332 affligi
1850 5264 1881 5314 et
1905 5249 2044 5332 opprimi
2067 5248 2190 5330 absque
2259 5293 2262 5298 -
