4784 5970
152 404 156 411 ·
198 366 260 431 705
917 368 965 433 IN
988 368 1235 433 leuantem.
1275 367 1373 434 OAP.
1395 366 1471 433 VII.
2124 364 2186 432 706

198 555 252 621 ubi
280 566 460 638 sequnntur
490 558 619 641 propria
649 557 798 636 consilia,
828 578 946 640 nompo
976 556 1060 639 quod
1090 578 1160 638 pro·
1188 559 1192 647 l
1217 578 1260 633 so,
1292 563 1325 620 et
1352 555 1565 622 communiter
1587 557 1638 622 ἐπὶ
1660 559 1696 621 τὸ
1718 556 1811 639 πολὺ,
1842 565 1877 621 ut
1906 556 2096 640 plurimum,
2125 556 2185 621 hoc

197 652 318 708 vocant
345 643 426 707 iram
451 645 521 709 Dei.
566 644 651 709 Nam
681 667 721 709 nx
750 645 913 727 gravitate
936 664 1057 727 poenae
1081 643 1162 707 iudi·
1217 655 1265 708 est
1299 644 1428 726 signum
1463 644 1716 720 maledictionis,
1757 645 1810 709 ubi
1843 643 2011 726 proiicitur
2043 641 2186 707 hominis

196 727 282 793 einm
300 729 406 794 facero
426 731 517 795 nobis
535 731 619 809 lieet,
637 740 834 813 quantopere
853 729 1057 795 abominetur
1076 729 1164 793 Deus
1189 752 1192 759 ·
1216 727 1354 794 cadaver
1384 742 1415 792 et
1444 740 1531 794 earet
1561 729 1736 813 sepultura.
1789 729 1862 795 Hoc
1890 750 1967 812 ergo
1997 747 2082 794 nune
2111 749 2185 811 pro·

196 832 309 879 omnes
339 826 562 898 praeposteros
593 816 709 894 cultus,
741 837 819 898 quos
842 816 964 881 scilieet
986 816 1044 879 sibi
1069 814 1163 878 labri-
1189 812 1191 901 l
1217 815 1316 898 pheta
1349 815 1510 900 siguificat
1544 837 1644 898 quum
1677 815 1768 892 dicit,
1809 814 1885 880 Erit
1915 816 2047 881 credam
2074 814 2186 896 populi-

196 913 272 963 cant
302 900 450 966 homines
478 914 606 985 praeter
628 903 697 968 eius
720 903 834 986 legem.
880 902 964 967 Nam
987 901 1164 965 tenendum
1190 906 1192 983 l
1216 902 1313 965 liuius
1340 902 1373 965 iu
1404 922 1503 967 escum
1531 901 1702 967 volueribus
1723 901 1875 968 coeloram
1897 907 1925 966 et
1945 901 2050 965 bestiis
2070 905 2185 964 terroe:

196 995 247 1051 est
274 1007 403 1068 semper
430 988 509 1053 illud
541 989 748 1072 principium,
784 989 853 1053 Nou
880 989 1040 1071 praecepi,
1071 1007 1165 1068 aeque
1217 1007 1269 1052 rtet
1283 987 1342 1052 erit
1357 989 1412 1069 qui
1427 988 1601 1067 absterreat,
1618 989 1678 1053 hoo
1694 1000 1751 1063 est,
1768 987 1878 1053 nullus
1893 989 1955 1052 erit
1971 987 2028 1070 qui
2042 995 2186 1068 praestet

195 1072 278 1138 verrit
298 1072 377 1138 milri
399 1095 495 1155 super
515 1095 575 1140 eor.
621 1075 784 1157 Sequitur,
1189 1074 1192 1121 :
1218 1073 1431 1137 humanitatis
1449 1075 1590 1138 officium
1608 1076 1641 1138 in
1659 1073 1771 1139 bestiis
1786 1073 1964 1158 abigendis,
1986 1071 2185 1157 quodetiam

1218 1168 1335 1224 natura
1353 1161 1422 1241 ipsa
1445 1159 1554 1226 dictat.
1589 1159 1625 1225 Si
1647 1162 1718 1243 quis
1741 1181 1828 1226 nunc
1845 1159 1982 1238 obiiciat,
2006 1180 2070 1223 non
2089 1178 2185 1240 posse

283 1245 333 1310 33.
357 1245 400 1310 Et
428 1248 485 1311 erit
514 1249 648 1314 cadaver
671 1248 782 1330 popiuli
811 1246 906 1311 lartius
935 1246 970 1310 iu
992 1246 1090 1310 tibrim
1113 1245 1165 1311 ovi
1217 1245 1318 1328 igitur
1340 1246 1479 1310 discerni
1503 1245 1613 1311 fideles
1636 1266 1654 1310 a
1677 1245 1833 1328 reprobis,
1856 1245 1961 1312 facilis
1983 1256 2033 1312 est
2054 1244 2184 1327 solutio,

199 1330 350 1396 coelorum
373 1330 513 1417 (avibus)
544 1338 571 1398 et
593 1334 705 1399 bestiae
727 1339 826 1399 terroe
849 1332 923 1415 (hoe
946 1341 1003 1408 est,
1031 1331 1164 1413 bestiis),
1190 1336 1192 1395 l
1218 1352 1334 1413 nempe
1363 1329 1419 1395 ubi
1448 1353 1513 1395 non
1544 1333 1705 1416 contingit
1735 1333 1839 1396 honor
1861 1331 2000 1415 sepulcri
2026 1330 2184 1409 fidelibus,

197 1435 252 1482 nee
279 1419 336 1482 erit
362 1420 417 1500 qai
439 1420 606 1485 absterreat
627 1420 701 1503 (hee
723 1431 781 1497 est,
809 1419 864 1502 qui
887 1429 1009 1483 terrore
1033 1417 1164 1502 abigat).
1190 1456 1192 1497 ,
1219 1418 1323 1482 Deum
1358 1418 1425 1482 sore
1458 1417 1634 1484 vindicem:
1669 1417 1726 1484 sed
1760 1418 1820 1483 hoe
1853 1438 1918 1483 non
1949 1417 2077 1484 obstare
2105 1437 2184 1499 quo·

1190 1506 1192 1581 l
1219 1504 1327 1569 minus
1356 1501 1515 1568 visibilem
1545 1526 1682 1587 poenam
1712 1513 1819 1569 sumat
1841 1503 1932 1569 Deus
1961 1503 2001 1568 de
2031 1502 2185 1585 reprobis,

283 1588 428 1657 Gravius
458 1591 579 1674 aliquid
608 1593 751 1656 minatur
773 1591 929 1657 Ieremias
957 1592 1029 1673 ipsa
1050 1598 1164 1666 morto,
1189 1588 1192 1667 Ι
1218 1598 1250 1653 et
1279 1588 1340 1654 hoe
1367 1588 1462 1654 modo
1491 1591 1668 1673 ignominia
1696 1611 1751 1655 eos
1780 1590 1907 1670 efficiat,
1936 1590 2030 1656 sicuti
2061 1590 2122 1653 fuit
2144 1589 2185 1654 ab

196 1673 283 1757 quod
313 1676 436 1742 seilicet
457 1676 549 1743 Deus
576 1678 670 1761 signa
692 1678 760 1743 irae
783 1698 862 1742 suae
884 1677 1044 1759 insculpet
1066 1676 1164 1740 etiem
1218 1675 1296 1757 ipsis
1319 1686 1531 1759 contemptus.
1575 1677 1696 1743 Postea
1718 1675 1816 1753 addit,

196 1758 415 1827 cadaveribus.
460 1761 586 1828 Verum
617 1761 747 1846 quidem
778 1776 828 1829 est
857 1763 937 1827 illud
968 1759 1052 1846 quod
1082 1761 1165 1825 dixit

195 1848 351 1929 profanus
381 1859 485 1933 poeta,
517 1849 659 1915 Facilem
689 1871 760 1914 esse
787 1851 946 1915 iacturam
975 1847 1192 1931 sepulcri:¹)3
1302 1845 1699 1929 enumeratorum
1720 1869 1758 1913 ese
1778 1845 1908 1912 urbibus
1927 1845 2077 1924 Ielrudolr,
2099 1851 2126 1911 el
2147 1868 2185 1912 err

195 1930 254 1996 sed
283 1934 382 1998 etiam
410 1935 588 2000 tenendum
611 1945 661 2001 est
683 1957 725 2000 ex
747 1936 893 2018 opposito
916 1936 967 1999 ins
989 1933 1164 2016 sepeliendi
1189 1932 1192 1971 ²
1216 1935 1356 2013 eorrqritie
1379 1934 1551 1999 Ierusalem
1581 1954 1680 1999 eorem
1706 1933 1827 2017 peredit,
1857 1938 1883 1998 et
1911 1953 2009 2000 vocem
2037 1933 2184 2015 loetitiae,

196 2018 295 2084 luisse
317 2030 464 2085 sanetum
489 2020 638 2087 omnihus
661 2022 807 2105 saeculis,
837 2023 912 2104 quia
938 2030 1007 2087 erat
1030 2020 1164 2085 ultimae
1189 1988 1192 2133 l
1216 2040 1314 2085 vocem
1343 2020 1463 2103 sperari,
1490 2026 1518 2085 et
1544 2041 1643 2086 vocem
1671 2040 1817 2102 sporrsoe:
1844 2020 1920 2100 quio
1951 2021 1985 2084 ia
2011 2020 2186 2085 vastitatem

196 2107 442 2172 resurrectionis
468 2106 662 2191 symbolum.
707 2107 784 2172 Ideo
815 2108 968 2173 barbarae
990 2116 1068 2171 sunt
1091 2107 1164 2170 illae
1189 2140 1192 2177 ς
1217 2108 1276 2171 erit
1298 2107 1371 2190 (hoc
1394 2115 1453 2186 cst,
1475 2105 1654 2191 redigetur)
1676 2112 1769 2172 terra

197 2211 307 2257 voces:
337 2193 389 2257 Da
419 2192 500 2257 mihi
528 2192 686 2271 baculum,
717 2194 744 2258 si
774 2195 868 2259 times
896 2216 937 2258 no
961 2215 1038 2259 aves
1061 2184 1192 2291 come-j

196 2276 277 2342 dant
316 2298 446 2361 eorpus,
484 2301 583 2362 quum
620 2280 743 2346 scilicet
776 2279 919 2363 Cynicus
951 2280 1006 2344 ille
1038 2279 1164 2343 iuberet
1301 2280 1438 2361 Semper
1459 2280 1603 2346 contexit
1627 2277 1762 2342 eandem
1785 2276 1981 2342 doctrinam:
2013 2275 2185 2343 denuntiat

196 2363 309 2445 proiiei
338 2386 433 2429 suum
464 2366 611 2443 cadaver,
641 2365 754 2430 derisit
783 2365 868 2449 quod
898 2367 1058 2432 obiectum
1084 2373 1163 2429 erat.
1189 2300 1193 2436 l
1218 2365 1304 2428 enim
1333 2364 1460 2430 ludaeis
1491 2386 1570 2447 quas
1600 2364 1706 2428 meriti
1737 2376 1831 2428 erant
1859 2383 1987 2445 poenos.
2033 2362 2099 2430 Sed
2128 2385 2184 2429 ox·

196 2448 299 2531 Atqui
329 2451 492 2516 vorabunt
523 2464 553 2516 te
583 2465 615 2516 et
642 2452 762 2516 bestiae
784 2461 816 2516 et
838 2470 931 2516 aves:
961 2451 1001 2531 O,
1032 2453 1059 2515 si
1081 2451 1165 2515 adsit
1218 2451 1329 2533 primit
1357 2451 1440 2532 quod
1465 2451 1547 2514 dixit
1572 2451 1718 2533 proximo
1742 2470 1848 2527 versu,
1880 2448 1920 2512 de
1941 2447 2034 2514 foeda
2056 2462 2088 2513 et
2111 2449 2184 2513 hor-

196 2533 339 2620 baculus,
365 2558 424 2621 ego
446 2537 589 2621 abigam:
622 2538 808 2621 significans
831 2537 891 2601 hac
914 2559 1001 2615 voce,
1031 2559 1066 2602 so
1089 2546 1165 2601 tune
1218 2536 1304 2601 ribili
1328 2536 1542 2616 deformitate,
1565 2557 1648 2619 quae
1670 2535 1793 2601 cladem
1816 2542 1991 2617 sequutura
2009 2544 2088 2614 erat,
2110 2537 2185 2617 quia

197 2621 374 2688 cariturum
417 2644 523 2689 sensu.
579 2624 702 2688 (lamen
734 2623 877 2689 ostendit
909 2645 944 2688 se
977 2643 1040 2687 non
1075 2623 1164 2704 tangi
1218 2622 1340 2687 seilicet
1369 2645 1434 2687 non
1463 2632 1591 2687 tantum
1615 2622 1776 2687 hostiliter
1798 2619 1972 2685 vexabitur
1996 2629 2064 2687 tota
2085 2621 2184 2704 regio,

197 2705 306 2790 aliqua
335 2729 393 2790 spe
420 2710 683 2775 immortalitatis.
728 2709 843 2775 Voluit
868 2718 977 2774 autom
999 2708 1092 2773 Deus
1114 2730 1164 2773 so·
1217 2706 1271 2773 sed
1295 2710 1476 2774 vastabitur
1495 2710 1601 2772 etiam.
1637 2706 1701 2772 Ubi
1717 2709 1804 2771 enim
1820 2718 1949 2771 cessant
1964 2727 2059 2772 voces
2074 2705 2185 2790 gaudii

197 2792 337 2875 poliendi
372 2815 465 2860 nsum
501 2796 610 2879 vigere
642 2797 728 2879 apud
760 2817 871 2860 omnes
902 2807 1030 2880 gentes,
1064 2800 1101 2858 ut
1130 2795 1163 2856 in
1217 2806 1250 2859 et
1279 2795 1433 2872 laetitiae,
1463 2796 1572 2859 onmia
1601 2795 1720 2858 referta
1748 2803 1825 2858 sunt
1855 2793 1960 2857 luctu:
1991 2792 2107 2857 deinde
2129 2792 2184 2857 ubi

197 2882 270 2962 ipsa
298 2890 402 2945 morte
432 2892 615 2946 occurreret
644 2891 752 2948 tamon
772 2880 899 2964 aliquod
922 2881 1089 2964 speculum
1114 2880 1164 2945 vel
1218 2881 1325 2945 nullae
1356 2882 1486 2964 nuptiae
1515 2882 1728 2957 celebrantur,
1759 2880 1889 2963 signum
1920 2885 1971 2943 est
1992 2877 2183 2944 solitudinis.

197 2964 306 3049 imago
329 2966 462 3032 ultimae
483 2969 738 3034 resurrectionis.
783 2967 860 3033 Ideo
882 2988 984 3050 quum
1007 2967 1164 3049 propheta
1216 2966 1300 3031 Nam
1332 2989 1388 3049 por
1417 2966 1640 3051 synecdochen
1669 2967 1729 3031 sub
1762 2964 1912 3047 coningio
1945 2965 2104 3048 propheta
2130 2964 2184 3029 de·

197 3049 250 3116 bie
278 3053 458 3133 denuntiat,
489 3055 584 3119 sicuti
613 3055 685 3120 aliis
714 3055 800 3128 loeis,
831 3054 978 3137 sepulcro
1007 3056 1165 3118 carituros
1218 3053 1328 3136 signat
1365 3073 1575 3135 quaeeunque
1615 3052 1779 3134 pertinent
1820 3049 1861 3116 ad
1905 3051 2182 3116 conservationem

196 3136 344 3220 Iudaeos,
368 3139 455 3204 haud
479 3139 575 3205 dubie
597 3149 774 3225 exaggerat
790 3140 852 3203 Dei
872 3139 1057 3205 vindictam.
1096 3139 1165 3203 Sci·
1217 3139 1377 3203 societatis
1400 3139 1578 3203 humanae:
1603 3137 1737 3221 perinde
1759 3159 1796 3204 ac
1814 3136 1841 3201 si
1861 3136 1989 3215 diceret,
2011 3135 2103 3202 Nulli
2119 3137 2184 3201 iam

197 3243 270 3289 mus
307 3223 436 3307 quidem
473 3225 629 3308 quosdam
664 3250 681 3292 e
714 3226 925 3292 sanctissimis
962 3245 1027 3290 non
1064 3226 1164 3289 fuisse
1217 3234 1312 3289 crunt
1343 3235 1534 3289 contractus.
1580 3224 1693 3307 Neque
1722 3225 1810 3289 enim
1841 3232 1947 3306 potest
1972 3232 2060 3289 stare
2082 3243 2185 3306 genus

197 3309 357 3391 sepultos:
383 3333 458 3376 nam
482 3312 661 3396 prophetae
682 3314 821 3395 expositi
844 3312 1007 3377 interdum
1030 3311 1165 3375 fuerunt
1218 3312 1398 3375 humanum
1422 3312 1490 3375 sine
1513 3312 1646 3392 nuptiis.
1681 3311 1769 3393 Ergo
1792 3310 1927 3374 cessatio
1950 3309 2029 3375 bace
2050 3318 2184 3373 tantun·

195 3404 228 3459 et
251 3394 362 3463 bestiis
383 3407 416 3462 et
437 3399 560 3463 avibus.
595 3398 812 3481 Conqueritur
830 3399 1013 3463 etiamtota
1031 3396 1165 3464 ecclesia
1219 3397 1289 3460 dom
1325 3398 1423 3474 valet,
1459 3419 1495 3461 ae
1528 3398 1554 3460 si
1586 3396 1708 3461 diceret
1736 3398 1943 3460 immemores
1973 3396 2039 3459 lore
2071 3415 2183 3459 eorum

196 3481 283 3547 Psal.
310 3483 350 3548 79
372 3481 416 3569 (v.
441 3483 474 3569 2)
496 3486 639 3567 proiecta
662 3487 759 3551 fuisse
783 3485 941 3550 cadavera
963 3485 1101 3566 piorum,
1133 3492 1165 3546 et
1219 3484 1363 3546 omnium
1394 3502 1476 3564 quae
1505 3482 1544 3545 ad
1569 3480 1744 3546 fovendum
1767 3490 1799 3546 et
1822 3480 1982 3545 tuendum
2005 3480 2183 3546 humanum

194 3567 297 3633 fuisse
319 3589 425 3634 eseam
450 3586 483 3635 at
505 3571 620 3635 avibus
643 3581 676 3634 ot
699 3572 817 3637 bestiis.
852 3571 963 3635 Potest
986 3571 1045 3635 hoc
1063 3570 1163 3632 inter·
1218 3589 1322 3652 genus
1350 3577 1507 3652 spectant.
1559 3568 1637 3632 Ideo
1668 3567 1750 3631 nihil
1780 3566 1928 3650 adiungit
1956 3587 2093 3644 novum,
2127 3567 2184 3633 sed

196 3652 275 3717 dum
296 3656 493 3741 contingere.
530 3657 614 3720 Nam
638 3656 728 3722 Deus
751 3678 847 3738 saepe
869 3657 1041 3737 permiscet
1064 3656 1163 3721 bonos
1218 3654 1358 3737 explicat
1387 3654 1506 3719 clarius
1537 3654 1621 3735 quod
1651 3653 1804 3731 vidimus,
1832 3674 1947 3736 nempe
1974 3664 2094 3718 terram
2117 3653 2184 3718 fore

197 3740 291 3806 malis
314 3742 348 3805 in
369 3743 484 3825 poenis
503 3743 742 3825 temporalibus,
766 3744 860 3807 sicuti
877 3743 953 3807 oriri
971 3743 1047 3805 facit
1063 3743 1162 3806 solem
1219 3742 1369 3805 refertam
1404 3739 1628 3818 cadaveribus,
1663 3749 1695 3804 et
1728 3749 1855 3803 tantum
1890 3740 1957 3803 fore
1990 3738 2113 3804 luctum
2147 3749 2186 3804 ut

196 3845 292 3891 suum
322 3848 421 3910 super
452 3831 551 3893 bonos
574 3842 606 3891 et
629 3851 724 3912 super
747 3829 866 3894 malos:
896 3828 951 3892 scd
976 3844 1083 3891 tarnen
1108 3849 1164 3911 per
1219 3828 1403 3890 abstineant
1441 3825 1588 3890 hominos
1628 3825 1669 3889 ab
1708 3827 1796 3888 omni
1830 3824 1923 3890 solito
1955 3834 1988 3890 ot
2020 3824 2186 3890 ordinarie

197 3961 343 3967 ----
365 3962 400 3967 -
1218 3912 1316 3977 cultu.
1383 3912 1510 3977 Deinde
1550 3911 1686 3975 eandem
1728 3911 1921 3976 sententiam
1966 3912 2070 3976 fusius
2114 3933 2186 3995 pro·

285 4017 306 4084 ¹)
325 4018 398 4087 virg.
417 4018 482 4071 Aen.
502 4018 538 4071 ll.
557 4016 616 4071 tte.
1220 4000 1377 4080 sequitur.

306 5397 415 5453 Caluini
432 5413 524 5467 opera
555 5397 611 5452 Vol.
630 5396 719 5449 XXX
725 5397 791 5453 VH.
