4784 5970
198 354 262 419 505
932 352 983 418 IN
1005 350 1256 418 IEREMIAM.
1292 352 1392 419 OAP.
1414 352 1460 419 II.

2134 360 2198 427 506

200 541 363 607 damnatio
384 540 551 624 impendet
573 558 686 606 eorum
710 540 880 624 capitibus,
908 538 985 604 dum
1009 540 1056 604 ita
1078 560 1172 605 usur·
1312 539 1341 604 9.
1375 537 1547 622 Propterea
1569 542 1671 608 adhue
1692 545 1873 610 contendam
1901 543 1977 628 (vel,
2000 544 2198 633 disceptabo)

197 636 278 711 pant
296 628 395 710 impie
414 628 455 693 ad
471 647 515 706 se,
538 633 572 692 et
586 625 745 711 sacrilega
768 625 903 692 audacia
921 645 1028 691 sacros
1051 625 1172 703 titulos,
1225 624 1391 705 coenam,
1420 626 1498 692 etteit
1519 626 1663 710 Ieleoocle,
1689 635 1716 695 et
1736 649 1806 695 oum
1825 630 1906 710 filiis
1925 631 2066 712 fitiorum
2088 638 2198 699 oestro

199 723 232 778 et
254 713 396 796 spoliant
419 714 527 778 Deum
550 714 636 777 iusto
659 733 717 777 suc
740 712 872 776 honore.
907 709 963 777 Sic
985 731 1064 794 ergo
1087 728 1173 774 nunc
1224 729 1296 774 rum
1316 710 1503 793 disceptabo.

198 799 365 876 Ieremias,
396 818 497 881 quum
520 797 560 862 de
582 797 750 881 prophetis
773 797 918 879 loquitur
941 795 1091 880 designat
1111 795 1173 859 im·

197 894 361 968 post-ores,
390 883 447 967 qui
469 883 568 966 impie
591 893 670 948 ωηο
691 882 848 966 populum
873 880 1038 946 fallebant.
1083 880 1173 945 Dicit
1311 879 1385 945 Νοη
1408 891 1498 946 caret
1519 882 1663 967 pondere
1685 885 1848 967 particula
1869 900 1934 970 atu,
1957 887 2033 970 quia
2054 887 2199 953 subindi-

199 971 285 1051 ipsos
300 969 493 1051 prophetare
514 970 549 1032 tn
571 967 671 1047 Boot,
700 969 761 1033 hcc
784 976 843 1045 est,
872 967 946 1050 plus
969 966 1096 1032 deferre
1119 986 1175 1030 au·
1225 971 1279 1030 cat
1300 965 1469 1048 propheta,
1494 969 1522 1032 si
1544 968 1635 1034 Deus
1658 990 1778 1052 poenas
1801 973 1866 1036 iam
1890 979 1967 1037 ante
1989 976 2136 1057 exegerit
2158 973 2198 1039 de

199 1057 340 1120 toritatis
370 1053 481 1134 idolis,
516 1075 613 1137 quam
644 1075 721 1118 vero
751 1052 833 1118 Deo.
885 1050 1015 1118 Scimus
1043 1053 1174 1118 venisse
1225 1051 1362 1133 perfidia
1384 1062 1416 1116 et
1439 1052 1615 1119 sceleribus
1638 1056 1764 1137 populi,
1795 1077 1830 1122 se
1854 1057 1961 1123 adhuc
1983 1059 2124 1124 retinere
2146 1061 2198 1124 ius

198 1150 278 1205 tunc
300 1161 418 1219 nomen
439 1139 522 1205 Baal
545 1143 579 1204 in
602 1160 808 1205 communem
832 1159 939 1203 usum.
973 1137 1079 1220 Saepe
1101 1136 1172 1219 plu·
1208 1157 1320 1200 ‘snum
1343 1137 1526 1221 integrum:
1556 1141 1647 1222 quasi
1670 1140 1801 1218 diceret,
1830 1142 1881 1208 Ne
1904 1145 2025 1227 putetis
2047 1165 2105 1209 vos
2127 1166 2198 1210 esse

198 1225 259 1290 reli
292 1246 429 1291 numero
462 1224 639 1307 prophetae
672 1234 790 1290 vocant
823 1224 970 1301 Baalim,
1008 1221 1173 1305 quaelibet
1226 1222 1395 1287 defunctos
1419 1225 1533 1306 poenis
1558 1225 1720 1309 omnibus,
1743 1228 1770 1292 si
1790 1227 1949 1294 hactenus
1972 1249 2085 1295 severe
2108 1230 2198 1296 ultus

197 1312 301 1376 idola:
336 1312 393 1376 sed
416 1331 515 1393 quum
539 1311 621 1375 Baal
652 1311 814 1394 significet
845 1319 1035 1393 patronum,
1070 1327 1172 1390 quum
1225 1326 1299 1371 sum
1331 1307 1455 1373 scelera
1488 1319 1621 1392 patrum
1651 1320 1836 1378 vestrorum
1870 1321 1904 1377 et
1936 1314 2198 1381 obstinationem.

198 1397 380 1479 loquuntur
407 1396 585 1478 prophetae
615 1396 668 1461 vel
692 1395 731 1459 de
754 1395 836 1460 Baal
867 1396 901 1459 in
925 1393 1084 1478 singulari
1113 1415 1172 1458 nu·
1225 1391 1309 1456 Nam
1333 1414 1432 1476 quum
1455 1397 1598 1479 pergatis
1620 1396 1653 1459 in
1678 1397 1792 1463 eodem
1815 1419 1928 1475 cursu,
1958 1409 1991 1464 et
2013 1400 2126 1466 nullus
2155 1403 2199 1467 sit

197 1503 297 1560 mero,
322 1481 374 1547 vel
398 1481 437 1546 de
460 1481 588 1545 Baalim
612 1481 646 1546 in
670 1501 807 1546 numero
830 1480 960 1564 plurali,
981 1480 1173 1563 intelligunt
1226 1477 1310 1560 apud
1333 1498 1394 1544 vos
1416 1481 1570 1562 peccandi
1594 1481 1728 1566 modus,
1761 1504 1867 1566 neque
1888 1485 1981 1562 finis,
2015 1505 2076 1570 ego
2098 1487 2196 1551 etiam

198 1590 311 1634 omnes
340 1567 483 1631 minores
510 1565 597 1644 deos,
632 1566 687 1648 qui
711 1575 789 1632 tunc
820 1567 1004 1632 coacervati
1037 1575 1173 1631 sranta
1224 1583 1290 1626 ηοη
1315 1563 1468 1630 desistam
1492 1587 1511 1630 a
1533 1567 1604 1631 iure
1627 1589 1714 1646 mec,
1745 1569 1801 1635 sed
1831 1590 2009 1652 persequar
2033 1592 2135 1655 nsque
2156 1571 2197 1636 ad

197 1654 346 1719 Iudaeis:
381 1654 473 1734 quasi
496 1651 588 1716 Deus
611 1673 675 1717 non
699 1660 786 1716 esset
815 1660 987 1716 contentus
1017 1651 1087 1715 sola
1111 1669 1173 1715 sua
1226 1656 1410 1714 extremum
1434 1662 1467 1715 et
1490 1673 1564 1735 vos,
1597 1661 1629 1717 et
1651 1653 1734 1719 filios
1756 1663 1899 1736 vestros,
1932 1665 1967 1721 et
1988 1656 2069 1722 alias
2097 1658 2196 1722 etiam

199 1741 338 1817 virtute,
375 1737 432 1802 sed
467 1758 548 1820 opus
581 1735 715 1801 haberet
748 1737 843 1802 sociis
877 1745 910 1800 et
942 1736 1172 1802 auxiliaribus:
1225 1736 1463 1816 generationes.
1514 1738 1612 1804 Nunc
1645 1759 1723 1824 ergo
1756 1739 1971 1824 intelligimus
2006 1743 2083 1824 quid
2114 1742 2198 1807 volit

197 1823 468 1908 quemadmodum
504 1822 600 1887 hodie
633 1825 666 1886 in
700 1831 821 1905 papatu
858 1822 1003 1886 fatentur
1039 1823 1171 1904 quidem
1225 1819 1400 1902 propheta:
1435 1842 1512 1888 nam
1535 1824 1598 1889 hcc
1620 1825 1754 1890 solenne
1784 1834 1832 1891 est
1862 1826 2057 1911 hypocritis,
2091 1849 2199 1893 crasse

197 1913 332 1975 unicum
367 1930 437 1974 esse
465 1929 630 1973 summum
661 1908 788 1972 Deum:
822 1907 877 1973 sed
908 1909 1035 1972 interea
1067 1907 1172 1972 nihilo
1225 1905 1358 1971 reiicere
1380 1928 1509 1973 omnem
1530 1915 1664 1987 metum,
1688 1912 1880 1993 praesertim
1903 1912 1960 1976 nbi
1982 1913 2083 1978 semel
2105 1915 2199 1979 casti·

196 1995 342 2079 plusilli
366 1993 518 2059 deferunt
542 2014 639 2074 quam
663 1995 730 2059 suis
754 1993 857 2068 idolis,
883 1994 1049 2075 quaesibi
1073 1994 1171 2059 fabri·
1225 1993 1292 2074 gati
1316 2002 1394 2056 sunt
1413 2014 1432 2056 a
1451 1993 1602 2059 Domino.
1642 1997 1768 2060 Putant
1791 2000 1878 2062 enim
1901 1998 1962 2062 hoc
1985 1999 2013 2062 ei
2037 1999 2198 2079 sufficere,

196 2089 273 2148 cant
296 2100 355 2162 pro
378 2080 523 2144 libidine.
568 2077 660 2143 Idem
684 2080 781 2144 etiam
806 2079 923 2143 vitium
954 2088 1032 2145 ωηο
1055 2100 1172 2161 regna·
1225 2076 1309 2157 quod
1340 2098 1476 2160 poenam
1506 2081 1683 2162 sumpserit
1711 2081 1750 2146 de
1773 2081 1958 2149 sceleribus.
2004 2084 2106 2164 Atqui
2132 2106 2198 2149 non

195 2168 246 2232 vit
269 2165 356 2248 apud
380 2163 534 2244 Iudaeos,
567 2165 632 2229 imo
661 2164 746 2247 apud
777 2185 891 2229 omnes
920 2174 1045 2248 gentes.
1090 2166 1173 2230 Fuit

196 2253 284 2317 enim
316 2250 397 2316 haec
426 2250 565 2332 simplex
594 2260 626 2314 et
651 2251 795 2334 ingenua
825 2250 971 2314 omnium
1002 2251 1171 2329 confessio,

196 2358 298 2404 uuum
323 2357 394 2402 esse
418 2356 608 2417 supremum
632 2356 771 2400 numen:
798 2335 855 2401 sed
878 2336 1005 2400 interea
1028 2347 1100 2401 erat
1121 2338 1171 2401 in-

196 2443 333 2489 numera
366 2424 499 2487 deorum
535 2419 647 2485 turba:
682 2441 795 2486 omnes
828 2420 877 2484 illi
907 2430 1002 2486 erant
1031 2422 1170 2490 Baalim.

196 2511 286 2591 Ergo
309 2529 406 2590 quum
438 2506 597 2590 propheta
627 2507 680 2571 hic
703 2506 782 2572 dicit
805 2506 951 2571 doctores
981 2506 1081 2572 fuisse
1111 2510 1171 2573 mi·

196 2597 318 2659 nistros
334 2594 426 2670 Baal,
451 2593 585 2675 opponit
606 2592 667 2657 hoc
688 2612 806 2656 nomen
826 2613 904 2657 vero
922 2600 954 2656 et
972 2593 1069 2657 unico
1084 2593 1172 2659 Deo:

197 2679 290 2764 quasi
314 2678 451 2753 diceret,
482 2677 583 2742 fnisse
613 2676 794 2743 doctrinam
817 2679 858 2740 ab
880 2679 960 2760 ipsis
983 2687 1171 2760 corruptam

197 2767 274 2850 qnia
296 2763 532 2828 transsilierint
554 2763 637 2827 fines
660 2783 747 2837 suos,
770 2782 876 2844 neque
897 2763 1119 2846 acquieverint
1136 2765 1170 2828 in

196 2870 280 2935 pura
307 2849 389 2931 legis
418 2847 581 2913 doctrina:
617 2846 673 2911 sed
705 2848 938 2912 admiscuerint
971 2849 1173 2932 corruptelas

196 2937 275 3001 hinc
298 2935 383 3013 inde,
414 2953 530 3015 nempe
552 2953 594 2996 ex
617 2931 714 2997 turba
735 2932 792 2996 illa
816 2932 961 3011 deorum,
989 2954 1087 3015 quam
1110 2933 1171 3000 sibi

196 3023 426 3088 confinxerant
454 3019 609 3101 profanae
631 3028 755 3102 gentes.
800 3017 914 3101 Neque
938 3018 992 3084 hic
1015 3020 1170 3102 propheta

196 3108 318 3172 insistit
340 3106 374 3169 in
398 3107 467 3187 ipso
491 3105 631 3167 nomine.
677 3103 767 3167 Fieri
795 3104 883 3168 enim
911 3114 1017 3186 potest
1039 3109 1076 3168 ut
1098 3105 1172 3170 falsi

196 3192 245 3257 illi
276 3191 424 3255 doctores
455 3210 532 3271 prae
561 3210 597 3252 se
626 3188 762 3253 tulerint
792 3210 912 3254 nomen
944 3191 1068 3254 aeterni
1097 3190 1172 3270 Dei,

197 3277 253 3343 eed
277 3277 372 3340 falso:
396 3284 430 3340 at
447 3275 538 3338 Deus
561 3294 628 3338 non
650 3283 700 3338 est
717 3274 873 3358 sophista.
908 3274 981 3340 Non
1002 3283 1051 3340 est
1069 3275 1172 3358 igitur

197 3362 282 3447 quod
304 3370 421 3444 putant
442 3360 592 3443 papistae
609 3359 707 3424 hodie
723 3381 758 3425 se
774 3382 846 3426 esse
865 3361 1037 3427 dissimiles
1056 3363 1173 3426 veteri·

196 3450 257 3513 bus
279 3447 344 3512 illis
366 3445 603 3529 impostoribus,
627 3446 704 3529 quia
723 3447 818 3512 unius
834 3447 898 3511 Dei
917 3467 1036 3511 nomen
1061 3447 1173 3512 obten-

197 3533 288 3599 dant.
333 3531 371 3596 Id
402 3532 488 3596 enim
520 3550 649 3614 semper
682 3533 802 3597 factum
836 3542 901 3597 est:
935 3552 1041 3614 neque
1075 3531 1172 3598 hodie

196 3620 339 3703 primum
369 3619 473 3700 coepit
498 3615 601 3682 Satan
630 3637 666 3682 se
694 3619 930 3700 transfigurare
960 3618 993 3680 in
1018 3619 1170 3699 angelum

197 3706 290 3770 lucis.
326 3702 391 3770 Sed
410 3703 561 3768 omnibns
584 3703 723 3768 saeculis
744 3722 874 3785 semper
892 3702 1040 3766 doctores
1058 3722 1172 3766 omnes

197 3790 253 3855 isti
271 3789 305 3853 in
324 3789 422 3853 calice
445 3810 543 3852 aureo
565 3789 783 3870 propinarunt
800 3807 898 3852 sunm
918 3807 1091 3864 venenum,
1111 3787 1172 3852 hcc

198 3885 392 3953 est,omnes
416 3893 541 3936 errores
565 3881 598 3936 et
616 3872 769 3938 fallacias.
805 3872 950 3936 Tametsi
972 3871 1074 3954 igitur
1092 3880 1172 3936 tunc

196 3959 377 4045 prophetae
410 3959 571 4021 iactarent
603 3977 637 4021 se
672 3957 830 4023 divinitus
864 3978 935 4023 esse
968 3958 1101 4035 missos,
1139 3966 1172 4022 et

198 4045 303 4129 plenis
326 4043 435 4109 buccis
454 4040 649 4106 detonarent
667 4063 701 4108 se
718 4063 790 4108 esse
807 4064 920 4109 servos
935 4040 997 4106 Dei
1010 4040 1171 4121 Abrahae,

197 4131 260 4195 hcc
283 4139 393 4192 tamen
417 4134 521 4191 totum
545 4126 642 4190 inane
664 4127 737 4191 fuit.
782 4129 868 4193 Nam
894 4128 1075 4194 miscebant
1097 4149 1173 4194 suas

198 4214 412 4296 corruptelas,
442 4233 523 4293 qaas
553 4212 614 4277 sibi
638 4214 876 4279 accersiverunt
898 4235 939 4278 ex
963 4214 1072 4296 impiis
1094 4235 1171 4296 gen·

198 4303 280 4364 tium
305 4297 478 4363 erroribus.
525 4296 689 4379 Sequitur,
718 4298 763 4361 st
778 4304 852 4381 poet
873 4320 925 4364 ece
946 4300 1002 4380 qai
1022 4319 1082 4363 reon
1099 4319 1173 4379 pro

198 4389 272 4450 eunt
298 4384 433 4466 profecti
465 4387 547 4448 sunt.
603 4381 729 4446 Iterum
762 4382 895 4466 obliqua
930 4386 1172 4466 comparatione

198 4480 377 4555 exaggerat
406 4489 519 4534 eorum
549 4468 690 4546 crimen,
721 4467 807 4549 quod
834 4469 958 4535 scilicet
985 4470 1172 4552 spreverint

197 4556 316 4638 ipsum,
347 4576 442 4635 quem
472 4561 694 4636 cognoverant
719 4562 767 4617 tot
790 4554 993 4619 documentis
1022 4574 1092 4619 esse
1115 4573 1172 4638 pa·

199 4649 284 4705 trem
313 4659 409 4704 suum
438 4644 470 4702 et
496 4638 611 4703 salutis
641 4645 805 4722 autorem,
837 4641 928 4705 cuius
958 4639 1173 4721 palpaverant

198 4727 291 4809 quasi
309 4724 461 4788 manibus
479 4725 671 4789 immensam
691 4724 882 4808 potentiam:
905 4724 1021 4790 deinde
1040 4725 1172 4808 sequuti

198 4822 275 4877 sunt
298 4830 356 4875 sua
378 4811 546 4894 figmenta,
569 4810 648 4892 quia
670 4810 793 4875 scilicet
814 4809 898 4874 nihil
919 4820 991 4875 erat
1012 4810 1047 4873 in
1069 4810 1172 4875 omni·

198 4896 260 4961 bus
288 4895 399 4973 idolis,
434 4896 518 4976 quod
553 4895 699 4960 alliceret
727 4895 903 4961 israelitas.
953 4894 1064 4976 Quum
1094 4915 1172 4978 ergo

198 4982 315 5046 inanes
349 4990 382 5045 et
414 4979 539 5044 nullius
573 4980 722 5045 utilitatis
755 4981 900 5046 fallacias
934 4981 1064 5063 sequuti
1089 4982 1171 5059 sint,

198 5066 276 5132 hinc
308 5067 451 5133 atrocius
485 5065 631 5131 redditur
660 5087 770 5131 eorum
800 5067 934 5132 crimen.
979 5068 1098 5132 Postea
1123 5086 1172 5131 ee·

200 5152 321 5235 quitur,

1225 2163 1369 2246 cogitant
1392 2162 1500 2229 Deum
1534 2165 1741 2232 mediocriter
1773 2168 1891 2250 punire
1924 2168 2095 2232 hominum
2125 2189 2198 2251 pec·

1224 2258 1312 2328 cata,
1343 2257 1381 2313 ut
1403 2250 1483 2316 alios
1511 2250 1552 2314 ad
1575 2251 1808 2334 poeniteutiam
1838 2254 1971 2333 invitet,
2004 2262 2038 2318 et
2060 2254 2105 2318 sic
2128 2275 2198 2319 esse

1225 2354 1377 2416 asperum
1400 2340 1433 2399 et
1455 2357 1606 2400 severum
1629 2348 1666 2401 nt
1688 2347 1799 2403 tamen
1823 2359 1858 2403 se
1880 2338 2036 2414 retineat,
2066 2359 2129 2420 quc
2155 2341 2199 2405 eit

1223 2420 1316 2484 loeus
1339 2419 1425 2502 spei:
1459 2426 1555 2503 atque
1585 2423 1630 2486 ita
1659 2421 1736 2487 dum
1760 2424 1890 2489 veniam
1921 2433 2113 2506 exspectant
2142 2426 2198 2508 qui

1224 2513 1410 2588 peccarunt,
1434 2507 1574 2572 alacrius
1597 2529 1667 2573 sese
1685 2510 1844 2591 recipiant
1862 2510 2011 2575 inviam.
2042 2509 2114 2574 Ηοο
2133 2532 2196 2575 ηοη

1226 2591 1372 2673 cogitant
1407 2591 1619 2674 hypocritae:
1659 2594 1715 2658 sed
1749 2603 1868 2674 putant
1901 2595 2009 2658 Deum
2048 2615 2198 2659 exserere

1224 2678 1329 2757 primo
1351 2676 1476 2757 impetu
1500 2698 1629 2741 omnem
1653 2699 1745 2743 suum
1765 2680 1915 2760 rigorem,
1939 2681 1985 2743 ita
2003 2680 2199 2762 promittunt

1225 2760 1286 2824 sibi
1308 2760 1538 2843 impunitatem
1562 2763 1762 2827 infuturum
1787 2776 1924 2846 tempus.
1952 2765 2104 2847 Exempli
2128 2785 2199 2847 gra·

1225 2845 1281 2922 tia,
1306 2844 1344 2911 Si
1367 2846 1461 2911 Deus
1483 2848 1621 2931 castiget
1644 2848 1757 2914 urbem
1781 2848 1933 2931 aliquam,
1957 2850 2008 2913 vel
2032 2850 2198 2933 regionem

1225 2929 1317 3013 bello,
1348 2942 1404 2996 aut
1426 2943 1526 3014 peste,
1555 2943 1612 2998 aut
1634 2933 1729 3010 fame,
1759 2934 1795 2998 in
1817 2935 1934 3000 mediis
1961 2935 2057 3000 malis
2079 2934 2200 3018 aliquis

1225 3025 1275 3078 est
1297 3026 1402 3081 terror
1424 3026 1458 3081 et
1479 3019 1640 3094 anxietas,
1671 3023 1808 3102 gemunt
1830 3028 1864 3084 et
1886 3021 2068 3102 suspirant,
2099 3031 2198 3102 atque

1225 3102 1324 3166 etiam
1345 3102 1474 3166 ululant
1496 3103 1650 3186 plerique,
1682 3125 1762 3187 quos
1778 3104 1868 3170 Deus
1892 3106 1938 3169 ita
1956 3106 2081 3189 affligit.
2119 3106 2199 3170 an-

1226 3196 1332 3251 terum
1361 3187 1580 3272 simulatque
1611 3189 1687 3254 data
1716 3198 1765 3254 est
1796 3190 1906 3272 aliqua
1939 3190 2106 3268 relaxatio,
2140 3214 2197 3256 ex·

1224 3273 1356 3338 cutinnt
1388 3273 1519 3357 iugum,
1557 3282 1591 3338 et
1623 3276 1830 3341 immemores
1867 3276 2026 3341 scelerum
2062 3297 2198 3341 sucrum

1224 3359 1343 3423 iterum
1374 3358 1414 3422 ad
1444 3360 1603 3423 vomitum
1633 3361 1772 3425 redeunt
1803 3373 1960 3444 tanquam
1989 3382 2097 3426 canes.
2142 3361 2198 3428 Sic

1224 3445 1326 3527 igitur
1347 3463 1479 3508 necesse
1502 3456 1552 3509 est
1575 3445 1755 3528 hypocritis
1786 3446 1975 3510 denuntiari
1998 3444 2084 3528 qnod
2107 3446 2197 3510 vidc-

1223 3551 1296 3593 mus
1320 3528 1391 3592 fieri
1416 3550 1504 3594 nunc
1526 3550 1545 3593 a
1568 3530 1715 3611 Ieremia,
1742 3551 1860 3612 nempe
1883 3531 1991 3595 Deum
2016 3531 2062 3595 sic
2085 3531 2197 3597 ulcisci

1224 3614 1394 3677 hominum
1418 3622 1559 3696 peccata,
1583 3620 1619 3678 ut
1637 3626 1744 3679 tamen
1764 3617 1796 3678 iu
1817 3617 1963 3679 futurum
1984 3627 2111 3698 tempus
2131 3638 2197 3682 ηοη

1224 3699 1351 3762 desinat
1374 3698 1424 3762 ius
1448 3720 1541 3763 suum
1565 3703 1724 3783 persequi,
1747 3701 1801 3766 ubi
1825 3699 1915 3765 videt
1938 3701 2088 3767 homines
2111 3703 2198 3785 ipsos

1223 3783 1269 3847 ita
1291 3804 1362 3848 esse
1390 3785 1600 3865 praefractos,
1630 3791 1668 3849 ut
1689 3785 1770 3850 nihil
1800 3786 1951 3867 proficiat
1978 3787 2045 3851 suis
2074 3788 2197 3853 ferulis.

1223 3867 1336 3933 Adbuc
1365 3869 1472 3951 igitur,
1502 3870 1617 3951 inquit.
1662 3870 1732 3937 Nec
1762 3870 1898 3936 dubium
1928 3880 1978 3936 est
2005 3874 2084 3955 quin
2116 3874 2199 3939 haec

1223 3955 1432 4018 comminatio
1472 3954 1717 4021 exacerbaverit
1758 3958 1885 4022 animos
1929 3959 2047 4040 gentis.
2111 3959 2197 4023 Nam

1224 4060 1324 4122 quum
1367 4038 1526 4105 auderent
1544 4047 1546 4050 ⁴
1562 4039 1634 4106 Deo
1672 4041 1876 4125 obstrepere,
1916 4044 2012 4110 sicuti
2050 4043 2198 4110 videmus

1224 4125 1339 4190 multis
1368 4124 1460 4203 locis,
1495 4135 1528 4190 et
1556 4127 1702 4193 dicerent
1735 4128 1884 4210 spinosas
1916 4148 1987 4193 esse
2016 4131 2086 4195 eius
2117 4132 2197 4207 vias,

1225 4230 1290 4275 ηοη
1321 4210 1497 4292 parcebant
1526 4213 1709 4294 prophetis,
1740 4222 1773 4277 et
1799 4212 1860 4278 hcc
1889 4215 1988 4279 etiam
2012 4215 2197 4280 videbimus

1224 4316 1283 4362 suo
1304 4294 1385 4361 loco.
1431 4296 1515 4360 Nam
1539 4298 1685 4363 odiosum
1721 4319 1840 4363 nomeu
1870 4299 2092 4381 imposuerant
2121 4321 2197 4383 pro·

1224 4381 1347 4465 phetis,
1381 4380 1493 4462 Quid?
1528 4384 1582 4448 isti
1616 4382 1795 4466 prophetae
1828 4384 1912 4448 nihil
1945 4385 2034 4449 alind
2061 4388 2197 4467 crepant

1224 4487 1322 4550 quam
1345 4486 1455 4544 onera,
1485 4488 1594 4547 onera,
1623 4469 1714 4550 quasi
1737 4467 1830 4534 Deus
1852 4490 1980 4552 semper
2005 4471 2199 4535 fulminaret

1223 4561 1338 4617 contra
1356 4572 1431 4617 nos:
1454 4554 1557 4619 satius
1576 4562 1662 4618 esset
1680 4551 1799 4617 habere
1822 4554 1947 4619 clausas
1969 4575 2073 4633 aures,
2097 4576 2195 4639 quam

1223 4638 1352 4703 assidue
1375 4659 1433 4702 nos
1455 4639 1502 4702 ita
1524 4640 1640 4703 terreri
1663 4638 1809 4720 ipsorum
1833 4639 1976 4705 vocibus.
2017 4642 2107 4725 Ergo
2129 4660 2198 4706 cer-

1224 4732 1294 4787 tum
1324 4731 1387 4800 cst,
1422 4724 1521 4787 fuisse
1551 4724 1612 4789 hoc
1641 4724 1758 4787 durum
1782 4723 1913 4790 Indaeis
1943 4746 2044 4808 quum
2074 4725 2197 4791 diceret

1224 4807 1398 4891 propheta,
1431 4808 1544 4873 Adbuc
1574 4809 1665 4875 Deae
1696 4808 1850 4875 ηοόίοοοιω
1882 4811 2072 4892 disceptabit.
2129 4809 2196 4876 Sed

1224 4893 1368 4975 oportuit
1391 4894 1436 4958 ita
1458 4895 1538 4959 fieri.
1583 4893 1757 4959 Discamus
1788 4897 1952 4978 igiturex
1976 4895 2036 4961 hoc
2057 4895 2138 4978 loco,
2168 4895 2196 4960 si

1224 4979 1315 5043 Deus
1348 4978 1524 5061 aliquando
1553 4999 1612 5044 nos
1642 4981 1791 5062 coarguit
1823 5001 1886 5044 ηοη
1919 4988 2047 5045 ωηωη]
2077 4980 2196 5056 verbis,

1224 5062 1280 5130 sed
1304 5064 1402 5128 etiam
1426 5064 1568 5147 reipsa,
1598 5071 1633 5129 et
1654 5065 1813 5131 scelerum
1843 5071 2027 5130 nostrorum
2057 5087 2116 5132 nos
2138 5065 2196 5130 ad·

1224 5160 1344 5226 monet,
1367 5170 1432 5213 non
1455 5148 1528 5214 ideo
1551 5150 1684 5234 defungi
1708 5172 1773 5216 uua
1795 5150 1890 5234 culpa
1910 5161 1946 5215 nt
1964 5151 2071 5217 securi
2094 5153 2196 5222 simus

1224 5235 1260 5300 in
1293 5241 1476 5319 posterum,
1514 5235 1570 5303 sed
1605 5236 1708 5303 donec
1741 5257 1781 5300 ex
1814 5236 1924 5301 animo
1957 5238 2195 5320 resipiscamus,
