4784 5970
188 375 250 441 291

277 565 326 630 10.
349 561 449 648 (Oeae
469 564 752 650 quemadmodum.)
795 566 972 647 Postquam
996 565 1037 630 de
1057 575 1160 630 tener·

190 651 274 716 rimo
290 651 353 715 Dei
376 670 454 733 erga
477 671 537 715 nos
555 650 671 714 affectu
695 660 728 714 ct
749 650 934 716 incredibili
957 650 1162 734 indulgentia

192 735 360 812 disseruit,
401 756 515 800 rursus
549 737 582 800 in
616 735 759 800 medium
793 736 888 801 affert
921 738 1161 821 promissiones,

191 822 308 904 quibus
338 821 414 885 freti
445 819 525 886 nihil
557 823 711 903 estquod
736 842 912 888 vereamur
945 843 1043 906 snpra
1076 820 1163 886 mala

191 907 302 972 omnia
324 927 500 990 emergere.
537 907 660 971 Parum
683 909 771 972 enim
794 907 960 990 prodesset
982 907 1075 973 nobis
1097 928 1163 972 ser·

190 1013 320 1058 monem
353 991 467 1057 haberi
495 993 534 1058 de
557 1002 675 1057 natura
697 993 750 1059 vel
773 1013 890 1059 arcano
923 994 1058 1060 consilio
1089 992 1162 1078 Dei,

190 1079 255 1144 nisi
273 1079 313 1143 ad
334 1079 466 1143 verbum
491 1099 554 1161 quo
573 1101 607 1143 se
625 1080 778 1162 patefacit
799 1099 1038 1145 revocaremur.
1070 1078 1163 1143 Dens

192 1173 300 1230 antem
326 1173 436 1246 aperte
466 1166 557 1229 nobis
587 1164 740 1246 loquitur,
769 1166 816 1231 ita
839 1174 875 1229 ιιι
896 1165 1026 1247 longius
1056 1166 1162 1247 inqui·

191 1271 263 1316 rere
296 1271 413 1332 operae
445 1251 586 1332 pretium
621 1272 686 1315 non
714 1253 765 1316 sit.
809 1250 862 1316 Ad
893 1252 1028 1315 verbnm
1063 1251 1163 1334 igitur

191 1336 387 1402 veniendum
413 1345 480 1414 est,
514 1338 547 1400 in
571 1355 634 1417 quo
657 1357 722 1400 non
751 1335 887 1402 obscure
909 1337 1064 1403 voluntas
1094 1337 1163 1400 eins

191 1420 392 1487 declaratur:
427 1420 524 1486 modo
558 1423 645 1485 intra
677 1421 736 1486 has
770 1433 872 1486 metas
905 1444 940 1487 se
973 1423 1163 1488 contineant

192 1528 306 1573 omncs
328 1527 444 1572 sensus
467 1508 579 1572 nostri.
614 1505 772 1588 Suspensi
795 1509 883 1572 enim
906 1507 1027 1590 alioqui
1050 1509 1163 1573 haere·

191 1613 273 1672 mus,
303 1613 341 1658 ac
363 1594 557 1675 ambigimus
585 1591 662 1675 quid
687 1593 726 1657 de
749 1593 842 1658 nobis
871 1595 1082 1658 constitutum
1111 1593 1162 1670 sit,

192 1678 321 1744 etiamsi
343 1678 465 1744 centies
488 1677 652 1744 Dominus
674 1698 709 1742 se
732 1678 920 1744 homiuibus
949 1679 1046 1762 longe
1068 1677 1162 1744 dissi·

191 1763 302 1828 milem
337 1785 407 1829 esse
437 1764 532 1830 dicat.
577 1763 624 1829 Ut
646 1765 733 1828 enim
756 1765 788 1828 id
811 1765 976 1830 fateantur
1005 1765 1163 1839 homines,

192 1850 309 1914 volunt
331 1859 441 1913 tamen
465 1849 504 1914 dc
527 1871 561 1914 sc
584 1861 616 1914 et
637 1850 743 1915 salute
765 1872 824 1915 sua
847 1852 928 1916 certi
950 1871 1029 1916 esee.
1063 1851 1164 1933 Prop-

192 1945 282 2000 terea
305 1934 478 2018 diligenter
512 1934 674 2000 notandus
697 1945 747 2000 cst
769 1935 848 2000 ordo
878 1957 974 2018 quem
1007 1935 1165 2020 propheta

192 2030 291 2086 tenet.
329 2019 384 2087 Sic
406 2022 503 2085 etiam
524 2023 632 2086 Moses
655 2021 811 2104 populum
835 2021 875 2086 ad
899 2022 993 2086 verbi
1016 2023 1162 2086 notitiam

191 2108 367 2172 revocabat
395 2107 505 2192 (Dent.
528 2107 579 2182 30,
605 2104 674 2193 12),
708 2108 758 2171 Ne
781 2105 886 2188 dicas,
917 2109 989 2191 quis
1012 2107 1165 2173 ascendet

191 2192 386 2272 isoncium,
417 2206 474 2256 aut
496 2195 568 2276 quis
590 2195 624 2256 in
648 2195 803 2275 abyssum
827 2193 1023 2258 descendet?
1058 2194 1164 2274 Prope

193 2289 241 2344 cst
264 2280 398 2343 verbnm
430 2280 464 2341 in
487 2299 542 2343 ore
573 2289 643 2360 tuo,
673 2291 705 2342 et
727 2280 761 2342 in
784 2278 880 2343 corda
909 2288 976 2342 tuo.
1020 2278 1094 2343 Hoc
1115 2290 1166 2343 est

193 2363 329 2429 verbnm
348 2363 423 2427 fidei
444 2364 563 2446 (inquit
581 2364 704 2428 Paulus
724 2364 831 2442 [Rom.
843 2365 892 2441 10,
906 2361 951 2451 8])
970 2364 1054 2446 quod
1073 2386 1163 2446 prae·

195 2450 349 2515 dicamus.
381 2449 494 2514 Utitur
513 2450 754 2531 comparatione
773 2458 900 2532 sumpta
919 2473 960 2514 ex
978 2450 1165 2532 quotidiano

1073 376 1124 443 IN
1145 375 1311 444 lustau

2126 373 2190 442 tot

1213 563 1463 648 promissionum
1488 563 1659 644 autoritas,
1689 562 1744 628 ubi
1766 583 1808 627 ex
1831 581 1925 629 sacro
1945 561 2010 629 Dei
2032 582 2091 629 oro
2112 583 2187 648 pro·

1214 648 1284 714 dire
1318 649 1478 715 audimus.
1533 648 1695 729 Quamvis
1731 668 1808 733 ergo
1844 658 1945 715 testes
1980 647 2138 715 adhibeat
2172 673 2190 716 e

1215 745 1318 817 terra,
1348 735 1542 818 pronuntiat
1572 732 1728 817 quidquid
1758 734 1969 818 promiserint
1993 736 2129 801 firmum
2155 747 2188 802 ct

1215 831 1323 886 ratum
1347 823 1430 885 lore:
1462 841 1500 886 ac
1521 842 1584 903 quo
1606 821 1724 886 melius
1745 820 1812 885 vim
1835 828 1869 886 st
1891 820 2069 887 efficaciam
2092 842 2188 906 pras-

1216 906 1386 972 dicationis
1415 907 1579 972 mentibus
1607 906 1777 971 hominum
1807 905 1939 991 infigat,
1971 928 2039 972 non
2064 917 2187 974 temere

1215 1012 1326 1057 semen
1355 992 1436 1057 illud
1466 992 1647 1074 pretiosum
1677 1013 1713 1057 se
1738 992 1897 1074 proiicere
1926 992 2095 1073 admonet,
2130 996 2185 1060 ssd

1215 1077 1379 1143 destinare
1401 1079 1436 1142 in
1458 1087 1583 1144 certum
1607 1098 1719 1143 usum:
1741 1076 1879 1160 ideoque
1900 1098 1967 1143 non
1989 1099 2062 1145 esso
2083 1081 2186 1146 ambi·

1215 1163 1356 1246 gendum
1380 1163 1420 1228 de
1437 1164 1565 1229 effectu.
1599 1162 1689 1229 Nihil
1712 1162 1797 1228 enim
1821 1163 1996 1246 proclivius
2016 1172 2067 1229 est
2088 1185 2186 1249 qnam

1216 1258 1251 1312 ut
1272 1248 1381 1314 Deum
1403 1270 1443 1314 ex
1465 1269 1499 1314 sc
1521 1249 1694 1314 aestiment
1715 1250 1884 1328 mortales,
1914 1257 1951 1314 nt
1971 1248 2069 1316 fidem
2092 1252 2186 1318 abro-

1215 1344 1295 1418 gent
1316 1336 1384 1400 eius
1406 1335 1488 1400 voci.
1534 1333 1672 1417 Saepius
1702 1355 1779 1418 ergo
1807 1333 1984 1419 repetenda
2010 1336 2091 1403 baec
2115 1337 2186 1402 doc

1215 1420 1314 1495 trina,
1350 1429 1447 1503 atquc
1479 1420 1669 1487 inculcanda
1702 1421 1780 1484 fuit:
1814 1431 1851 1485 ut
1881 1419 1990 1487 Deum
2022 1422 2184 1488 facturum

1214 1506 1435 1589 intelligamus
1458 1505 1542 1589 quod
1565 1506 1665 1571 semel
1687 1505 1844 1589 loquutus
1862 1516 1921 1571 est
1953 1505 2067 1587 Quum
2085 1508 2185 1593 igitur

1215 1592 1447 1673 promissiones
1481 1592 1544 1656 Dei
1577 1590 1743 1669 andimus,
1781 1593 1815 1656 in
1849 1592 1890 1657 iis
1922 1592 2185 1676 perspiciendum

1215 1677 1286 1740 eius
1315 1678 1484 1743 consilium
1517 1686 1581 1743 est:
1617 1688 1655 1742 ut
1686 1697 1787 1761 quum
1817 1678 1979 1760 promittit
2010 1681 2185 1764 gratuitam

1215 1770 1421 1843 peccatorum
1450 1763 1690 1840 remissionem,
1721 1782 1780 1828 nos
1804 1783 1861 1846 per
1882 1762 2053 1829 (lhristnm
2076 1785 2185 1831 meon·

1215 1847 1318 1912 ciliari
1340 1869 1405 1913 non
1429 1847 1625 1914 dubitemus.
1665 1847 1947 1929 Quemadmodum
1969 1870 2049 1914 vero
2071 1851 2187 1916 efficax

1216 1941 1265 1998 est
1290 1934 1424 1999 verbnm
1449 1935 1511 1999 Dei
1534 1935 1568 1998 in
1591 1934 1730 2000 salutem
1761 1934 1906 2016 piorum,
1936 1935 1985 1999 ita
2009 1939 2091 2001 satis
2118 1935 2187 2002 elli·

1216 2020 1322 2085 caciae
1345 2019 1444 2085 habet
1465 2020 1505 2084 ad
1526 2021 1643 2102 impios
1666 2020 1875 2086 damnandos.
1908 2019 2186 2101 Quemadmodum

1216 2107 1312 2169 etiam
1336 2104 1430 2171 docet
1451 2105 1603 2171 Christus
1625 2105 1710 2190 (Iob.
1732 2105 1781 2185 12,
1796 2103 1860 2191 48),
1883 2103 1999 2172 Sermo
2021 2128 2118 2190 quem
2142 2106 2187 2172 lo·

1217 2199 1337 2274 quntus
1359 2211 1442 2266 sum,
1464 2190 1518 2256 ille
1540 2190 1695 2256 iudicabit
1717 2212 1771 2256 eos
1792 2193 1826 2257 in
1849 2203 1996 2257 extremo
2018 2193 2081 2259 die.

1304 2277 1353 2342 12.
1387 2274 1514 2360 (Itaque
1540 2297 1610 2342 cum
1637 2276 1780 2363 laetitia.)
1824 2276 2001 2343 Concludit
2027 2279 2187 2362 propheta

1217 2373 1442 2445 argumentum
1466 2362 1563 2427 huius
1582 2364 1706 2445 capitis.
1737 2361 1835 2443 Quod
1852 2364 1937 2427 enim
1957 2363 2187 2430 declamantis

1217 2446 1280 2511 Dei
1303 2449 1512 2513 concinnatus
1534 2459 1591 2527 est,
1614 2448 1838 2532 suspectabat
1861 2457 1896 2513 nt
1916 2470 2109 2533 persuasum
2131 2449 2187 2515 ha·

195 2558 255 2601 usu
277 2545 310 2598 et
333 2537 414 2599 mire
436 2538 592 2619 apposita.
638 2535 721 2599 Nam
744 2536 771 2600 si
794 2536 827 2599 in
850 2535 973 2619 pluvia,
999 2557 1079 2618 quae
1102 2548 1165 2600 ter·
1218 2531 1331 2597 berent
1353 2533 1479 2612 Iudaei,
1511 2535 1688 2599 Dominum
1715 2535 1800 2616 ipsos
1822 2533 2046 2600 liberaturum.
2090 2535 2186 2601 Nunc

193 2643 264 2686 rem
287 2623 403 2704 irrigat
426 2642 463 2687 an
486 2620 667 2698 foecundat,
697 2641 849 2703 magnam
873 2622 1050 2687 efficaciam
1073 2621 1163 2686 vide·
1217 2618 1257 2682 ad
1281 2619 1467 2683 institutum
1490 2641 1585 2684 suum
1608 2619 1828 2685 accommodat
1856 2620 1941 2702 quod
1965 2620 2004 2686 dc
2026 2622 2186 2685 immsnm

193 2729 283 2786 mus,
314 2706 416 2770 multo
450 2708 606 2771 maiorem
637 2708 672 2771 in
695 2708 795 2771 verbo
822 2728 882 2773 suo
905 2707 997 2772 Deus
1026 2716 1163 2772 exseret.
1217 2702 1280 2769 Dei
1304 2706 1448 2769 bonitate
1478 2704 1646 2770 disseruit:
1681 2715 1776 2789 atquc
1805 2705 1946 2771 ostendit
1972 2707 2044 2773 eius
2065 2709 2186 2791 cogita·

194 2793 312 2859 Pluvia
335 2794 423 2856 cnim
446 2793 565 2858 caduca
583 2801 615 2856 et
634 2793 832 2875 corruptioni
855 2794 1007 2858 obnoxia:
1031 2796 1163 2859 verbum
1217 2791 1322 2856 tiones
1353 2791 1392 2855 ab
1423 2791 1575 2856 humanis
1608 2791 1705 2874 longe
1739 2791 1912 2856 dissimiles
1944 2812 2024 2857 esse.
2078 2795 2186 2875 Atque

194 2891 373 2953 aeteruum,
397 2879 600 2942 immutabile
622 2890 655 2942 et
677 2878 922 2960 incorruptibile
944 2892 1004 2960 est,
1026 2900 1085 2944 nec
1108 2901 1163 2962 po-
1217 2876 1296 2942 baec
1325 2897 1403 2942 vcra
1432 2876 1568 2943 docendi
1597 2878 1679 2941 ratio
1709 2889 1773 2956 cst,
1806 2898 1922 2960 nempe
1951 2886 1987 2942 ut
2016 2879 2187 2961 generales

194 2971 261 3028 test
281 2964 385 3027 instar
408 2964 535 3044 pluviae
553 2985 755 3028 evanescere.
789 2964 836 3030 Ut
853 2966 970 3030 melius
988 2965 1165 3048 prophetae
1217 2964 1397 3028 sententies
1439 2964 1474 3026 in
1514 2971 1717 3044 praesentem
1760 2984 1854 3029 usum
1898 2961 2185 3029 accommodemus.

196 3049 295 3113 verba
331 3048 567 3130 intelligamus,
607 3049 766 3112 tenendus
804 3063 853 3115 est
887 3051 962 3115 finis
998 3052 1030 3114 in
1068 3072 1164 3132 quem
1217 3049 1366 3130 Denique
1386 3049 1454 3131 agit
1472 3048 1636 3131 depopuli
1654 3049 1870 3127 restitutione,
1889 3069 2028 3131 quaesx
2043 3052 2187 3133 gratuita

195 3141 329 3216 spectat.
375 3132 536 3197 Dubitant
564 3133 711 3198 hominos
734 3156 775 3198 an
799 3136 926 3217 reipsa
951 3136 1096 3201 facturus
1123 3137 1166 3201 sit
1217 3132 1280 3197 Dei
1315 3134 1535 3200 misericordia
1568 3132 1737 3217 pandebat.
1792 3134 1857 3199 Per
1888 3139 2005 3199 monim
2037 3139 2066 3199 ol
2096 3135 2190 3208 cota,

195 3218 288 3283 Deus
312 3219 395 3300 quod
419 3219 577 3300 promittit
600 3220 711 3283 verbo.
745 3219 813 3284 Nos
831 3222 918 3284 enim
942 3221 1087 3299 verbum,
1110 3242 1165 3286 ve·
1218 3218 1382 3303 significat
1404 3220 1513 3284 omnia
1536 3240 1618 3303 quae
1639 3220 1673 3283 in
1696 3219 1815 3284 itinere
1837 3220 1933 3285 obvia
1960 3227 2072 3296 erunt,
2105 3232 2185 3285 tam·

196 3304 244 3369 lut
266 3305 302 3368 in
325 3317 399 3369 aere
423 3325 628 3386 suspensum,
663 3306 735 3368 sine
763 3304 880 3370 effectu
911 3305 1164 3371 consideramus.
1217 3305 1277 3368 etsi
1300 3304 1419 3387 alioqui
1441 3313 1587 3381 noceant,
1615 3304 1803 3370 adiumento
1824 3307 1933 3370 futura
1956 3305 1997 3371 iis
2018 3305 2075 3387 qui
2099 3304 2186 3371 Iero-

196 3390 302 3471 Qnam
326 3391 496 3473 indiguum
520 3391 580 3454 hoo
598 3392 650 3470 sit,
673 3391 877 3455 demonstrat
899 3412 938 3455 ex
959 3394 1031 3473 ipso
1052 3391 1165 3456 ordina
1217 3389 1375 3473 solymam
1399 3389 1558 3455 redibunt.
1602 3390 1687 3456 Sunt
1709 3392 1796 3455 enim
1818 3390 2049 3456 similitudines
2070 3391 2188 3474 quibus

196 3487 341 3543 naturae.
394 3477 506 3540 Minus
540 3477 626 3540 enim
662 3477 759 3541 tribui
792 3477 890 3542 verbo
924 3499 1020 3558 qnam
1055 3487 1165 3542 mutae
1216 3475 1358 3540 ostendit
1391 3497 1503 3541 omnes
1539 3488 1703 3541 creaturas
1739 3496 1882 3542 annuens
1915 3475 2081 3541 voluntati
2115 3476 2186 3553 Dei,

194 3574 372 3641 creaturae,
394 3562 660 3626 absurdissimum
679 3571 738 3629 est.
771 3562 887 3645 Itaque
908 3562 1008 3641 docet,
1030 3563 1165 3628 verbum
1217 3560 1423 3643 applaudere,
1456 3570 1488 3626 st
1509 3561 1657 3628 conferre
1690 3583 1784 3645 opem
1813 3583 1921 3642 snam,
1952 3566 1990 3627 nt
2011 3582 2096 3646 opus
2118 3564 2187 3628 eius

194 3667 362 3729 nunquam
397 3668 507 3712 carere
535 3669 594 3712 suo
624 3649 749 3713 effectu.
801 3647 944 3729 Quidam
977 3648 1166 3733 intelligunt
1217 3661 1437 3729 promoveant.
1481 3647 1608 3712 Alludit
1628 3656 1735 3712 autem
1759 3647 1799 3712 ad
1822 3647 2046 3732 aegyptiacam
2068 3646 2187 3713 libera·

195 3733 467 3815 praedicationem
507 3733 667 3816 evangelii
708 3755 875 3816 nunquam
915 3735 1044 3798 inanem
1084 3755 1163 3812 esse,
1216 3734 1352 3810 tionem,
1386 3745 1422 3798 ιιι
1450 3734 1551 3799 moris
1579 3754 1649 3798 csse
1676 3733 1758 3798 solet
1786 3733 1963 3817 prophetis.
2014 3731 2072 3799 Sic
2101 3734 2187 3798 enirn

196 3819 274 3898 quin
297 3818 437 3881 fructum
461 3819 600 3898 aliquem
625 3819 787 3901 producat.
834 3818 931 3900 Quod
954 3820 1082 3902 quidem
1106 3842 1165 3902 per
1217 3817 1412 3885 describitur
1429 3819 1561 3884 Psalmo
1582 3820 1657 3883 114:
1681 3818 1812 3884 Montes
1833 3819 2026 3884 exsilierunt
2047 3827 2088 3883 ut
2108 3820 2189 3885 aris

195 3921 231 3967 se
255 3923 368 3967 verum
391 3915 452 3967 cst:
477 3915 628 3985 operatur
649 3905 734 3967 enim
755 3906 914 3971 Dominus
936 3906 1163 3988 perspiritum
1218 3914 1275 3983 tes,
1299 3912 1332 3968 ct
1353 3904 1452 3969 colles
1474 3913 1512 3969 ut
1533 3905 1611 3988 agni
1632 3905 1761 3969 nvinm:
1784 3903 1861 3988 quid
1884 3903 2025 3984 esttibi,
2047 3924 2066 3968 o
2086 3925 2187 3980 mers,

197 4008 302 4063 suum,
329 3998 362 4050 et
384 3990 621 4052 incrementum
645 3988 709 4063 dat,
740 4008 782 4052 nc
803 3989 913 4055 inanis
935 3991 977 4055 sit
999 3991 1164 4055 ministro·
1217 3988 1302 4072 qnod
1323 3990 1452 4072 fugisti:
1475 4000 1507 4054 et
1525 3988 1684 4065 Iordanis,
1707 3989 1792 4072 quod
1815 3999 1905 4055 actus
1929 4010 1964 4055 ss
1984 3988 2188 4055 retrorsum?

196 4093 270 4137 rum
294 4072 398 4136 labor:
421 4074 476 4138 sed
501 4074 587 4137 aliud
611 4073 714 4138 voluit
736 4073 903 4156 propheta,
926 4096 1043 4158 nempe
1059 4076 1163 4140 Deum
1216 4076 1424 4157 Numquam
1453 4075 1616 4139 restitutio
1645 4077 1798 4141 ecclcsiae
1820 4076 1863 4140 sit
1885 4074 1989 4141 veluti
2016 4076 2188 4141 renovatio

198 4178 263 4222 non
287 4157 407 4221 frustra
429 4161 549 4224 iactare
572 4168 629 4223 aut
651 4159 684 4220 in
708 4171 815 4223 aeram
843 4180 996 4242 spargere
1026 4162 1163 4243 promis·
1216 4160 1316 4224 totius
1338 4158 1436 4243 orbis,
1459 4160 1584 4224 coelum
1603 4169 1635 4225 et
1653 4171 1750 4242 terra,
1772 4161 1864 4244 qnasi
1882 4180 2040 4226 converso
2062 4161 2188 4239 ordine,

196 4244 304 4308 aiones
327 4264 418 4308 suus:
453 4243 509 4309 sed
532 4267 591 4308 nos
614 4264 726 4308 earum
756 4244 887 4309 tandem
918 4246 1060 4312 fructum
1091 4267 1163 4328 per·
1216 4246 1384 4309 immutari
1416 4245 1577 4310 dicuntur.
1622 4246 1696 4312 Hoc
1716 4268 1795 4311 vcro
1824 4255 1928 4312 totum
1956 4267 1998 4312 sx
2024 4245 2189 4328 prioribus

195 4341 356 4412 capturos,
383 4330 411 4394 si
434 4329 529 4392 modo
551 4330 613 4412 ipsi
636 4329 862 4394 incredulitate
886 4340 996 4395 nostra
1017 4353 1085 4396 non
1108 4331 1163 4396 ob·
1217 4331 1377 4398 vaticiniis
1409 4329 1585 4413 pendebat,
1618 4332 1734 4415 quibus
1762 4334 1828 4397 iam
1857 4333 1941 4399 facta
1973 4351 2049 4413 spes
2079 4333 2190 4398 luerat

196 4425 329 4480 stemus.
384 4416 475 4478 Duos
508 4424 616 4478 autem
651 4425 881 4480 commemorat
917 4416 1050 4480 effectus
1083 4437 1164 4498 qnos
1215 4417 1350 4482 reditus.

196 4500 346 4584 producit
367 4520 470 4581 aquae
500 4499 631 4581 pluviae
661 4499 823 4583 irrigatio,
851 4521 933 4581 quac
955 4510 1076 4564 terram
1098 4502 1163 4567 foe·
1301 4501 1352 4567 13.
1383 4498 1463 4584 (Pro
1483 4500 1584 4587 rubo.)
1628 4503 1769 4568 Extollit
1790 4500 1897 4568 adhuc
1918 4502 2101 4584 potentiam
2123 4501 2189 4569 Dei

195 4587 332 4653 enudat:
362 4586 513 4667 primum,
536 4597 572 4648 ut
594 4585 743 4649 homines
765 4584 929 4650 abundent
951 4585 1021 4652 cibo
1043 4607 1107 4668 quo
1129 4608 1164 4652 se
1215 4605 1299 4671 quac
1326 4588 1360 4650 in
1387 4587 1590 4652 restitutione
1621 4588 1730 4672 populi
1759 4588 1934 4671 conspicua
1963 4587 2076 4654 lutura
2106 4598 2187 4655 erat.

196 4680 395 4739 sustentent:
430 4670 560 4747 deinde,
595 4681 631 4734 ut
659 4671 703 4734 sit
732 4671 829 4734 ctiam
863 4670 949 4734 unde
977 4684 1103 4736 seratur
1128 4673 1164 4737 in
1216 4671 1329 4737 'Palem
1359 4673 1445 4736 enim
1475 4671 1568 4738 docet
1596 4675 1841 4739 conversionem
1871 4674 1940 4738 loro
1962 4682 1999 4739 ut
2019 4673 2126 4740 facilis
2147 4674 2189 4740 sd

196 4767 387 4840 sequentem
410 4777 542 4821 annum.
578 4754 614 4822 Si
633 4756 733 4839 igitur
751 4756 785 4819 in
804 4756 900 4821 rebus
922 4755 1050 4822 caducis
1073 4765 1164 4822 tanta
1215 4758 1356 4822 reditum
1379 4758 1431 4822 via
1455 4769 1569 4839 pateat.
1615 4760 1771 4824 Nonnulli
1799 4759 1969 4844 allegorice
1998 4770 2187 4842 exponunt:

196 4856 246 4909 cst
269 4844 330 4908 Dei
352 4843 466 4919 virtus,
490 4840 566 4922 quid
590 4842 629 4903 de
652 4840 749 4905 verbo
773 4840 970 4905 censendum
993 4841 1064 4906 est?
1216 4864 1253 4908 ac
1275 4842 1373 4907 rubos
1395 4844 1556 4925 accipiunt
1585 4865 1643 4926 pro
1673 4845 1859 4910 hominibus
1889 4845 1944 4927 qui
1973 4865 2092 4910 nocere
2119 4854 2187 4911 stn-

284 4930 333 4994 11.
368 4927 435 5012 (Sic
462 4928 521 4992 orit
548 4926 694 5011 cubum.)
748 4925 803 4991 Sic
832 4926 1000 5009 egreditur
1029 4928 1162 4992 verbum
1215 4928 1307 5007 dent,
1340 4938 1436 5010 atque
1459 4928 1538 4994 alios
1560 4942 1725 5013 pungunt:
1760 4932 1820 4996 hos
1842 4929 1971 4995 futuros
1993 4929 2120 5015 abietes
2153 4931 2188 4995 id

197 5035 239 5079 ex
259 5034 314 5079 ore
336 5015 413 5094 Dei,
444 5023 479 5078 nt
501 5011 597 5077 simul
621 5034 661 5076 ex
684 5032 740 5075 ore
769 5010 938 5076 hominum
969 5011 1162 5095 egrediatur.
1216 5023 1275 5095 cst,
1304 5013 1477 5096 frugiferos
1500 5023 1532 5079 οι
1555 5015 1650 5080 utiles
1674 5019 1841 5097 proximo:
1869 5014 1926 5080 sed
1947 5015 2046 5081 nimis
2069 5025 2188 5101 arguta

198 5098 266 5164 Nec
289 5101 374 5164 enim
396 5099 539 5182 loquitur
562 5098 668 5180 palam
692 5118 710 5160 e
731 5098 820 5162 coelo
843 5097 942 5174 Deus,
973 5096 1028 5162 scd
1059 5097 1163 5162 homi·
1216 5110 1266 5164 est
1294 5098 1450 5164 eiusmodi
1481 5099 1715 5183 interpretatio.
1767 5101 1864 5182 Quod
1893 5110 2004 5167 autem
2033 5101 2117 5168 haec
2145 5101 2188 5167 ad

197 5184 293 5250 nibus
314 5196 469 5268 tanquam
492 5184 625 5269 organis
648 5184 760 5263 utitur,
787 5191 956 5247 uteorum
985 5184 1163 5248 ministerio
1215 5205 1353 5267 regnum
1377 5183 1501 5250 Christi
1530 5187 1700 5267 pertinere,
1729 5187 1867 5270 ideoque
1896 5186 2114 5271 spiritualiter
2134 5189 2187 5253 in·

198 5270 398 5336 voluntatem
432 5290 523 5335 suam
558 5270 707 5336 declaret.
759 5266 825 5334 Sed
860 5267 974 5333 melius
1008 5271 1164 5334 asseritur
1216 5270 1391 5354 telligenda
1423 5290 1494 5335 esse
1526 5267 1653 5355 dicunt,
1687 5295 1745 5358 ego
1778 5275 1890 5339 fatcor.
1934 5272 2020 5337 Nam
2053 5272 2187 5339 initium
