<?xml version="1.0" encoding="UTF-8"?>
<!DOCTYPE html PUBLIC "-//W3C//DTD XHTML 1.0 Transitional//EN"
    "http://www.w3.org/TR/xhtml1/DTD/xhtml1-transitional.dtd">
<html xmlns="http://www.w3.org/1999/xhtml" xml:lang="en" lang="en">
 <head>
  <title>
</title>
<meta http-equiv="Content-Type" content="text/html;charset=utf-8" />
  <meta name='ocr-system' content='tesseract 3.04.00' />
  <meta name='ocr-capabilities' content='ocr_page ocr_carea ocr_par ocr_line ocrx_word'/>
</head>
<body>
  <div class='ocr_page' id='page_1' title='image "./corpusreformato04melagoog_0175.png"; bbox 0 0 4784 5970; ppageno 0'>
   <div class='ocr_carea' id='block_1_1' title="bbox 1185 344 2295 414">
    <p class='ocr_par' dir='ltr' id='par_1_1' title="bbox 1185 344 2295 414">
     <span class='ocr_line' id='line_1_1' title="bbox 1185 344 2295 414; baseline 0.011 -3"><span class='ocrx_word' id='word_1_1' title='bbox 1185 347 1234 412; x_wconf 82' lang='lat' dir='ltr'><strong>m</strong></span> <span class='ocrx_word' id='word_1_2' title='bbox 1256 345 1422 414; x_wconf 76' lang='lat' dir='ltr'><strong>Isaram</strong></span> <span class='ocrx_word' id='word_1_3' title='bbox 2232 344 2295 411; x_wconf 76' lang='lat'><strong>320</strong></span> 
     </span>
    </p>
   </div>
   <div class='ocr_carea' id='block_1_2' title="bbox 303 352 367 417">
    <p class='ocr_par' dir='ltr' id='par_1_2' title="bbox 303 352 367 417">
     <span class='ocr_line' id='line_1_2' title="bbox 303 352 367 417; baseline 0 -1"><span class='ocrx_word' id='word_1_4' title='bbox 303 352 367 417; x_wconf 84' lang='lat'><strong>319</strong></span> 
     </span>
    </p>
   </div>
   <div class='ocr_carea' id='block_1_3' title="bbox 291 532 2294 2333">
    <p class='ocr_par' dir='ltr' id='par_1_3' title="bbox 291 532 2294 2333">
     <span class='ocr_line' id='line_1_3' title="bbox 294 532 2294 619; baseline -0.003 -15"><span class='ocrx_word' id='word_1_5' title='bbox 294 540 367 606; x_wconf 90' lang='lat' dir='ltr'><strong>Hoc</strong></span> <span class='ocrx_word' id='word_1_6' title='bbox 389 539 475 604; x_wconf 93' lang='lat' dir='ltr'><strong>enim</strong></span> <span class='ocrx_word' id='word_1_7' title='bbox 498 540 617 603; x_wconf 84' lang='lat' dir='ltr'><strong>sufficit</strong></span> <span class='ocrx_word' id='word_1_8' title='bbox 640 536 680 601; x_wconf 89' lang='lat' dir='ltr'><strong>ad</strong></span> <span class='ocrx_word' id='word_1_9' title='bbox 703 548 840 615; x_wconf 91' lang='lat' dir='ltr'><strong>reatum,</strong></span> <span class='ocrx_word' id='word_1_10' title='bbox 861 535 947 619; x_wconf 93' lang='lat' dir='ltr'><strong>quod</strong></span> <span class='ocrx_word' id='word_1_11' title='bbox 964 538 1055 602; x_wconf 91' lang='lat' dir='ltr'><strong>Deus</strong></span> <span class='ocrx_word' id='word_1_12' title='bbox 1077 535 1177 600; x_wconf 88' lang='lat' dir='ltr'><strong>iudex</strong></span> <span class='ocrx_word' id='word_1_13' title='bbox 1196 536 1266 600; x_wconf 88' lang='lat' dir='ltr'><strong>ani·</strong></span> <span class='ocrx_word' id='word_1_14' title='bbox 1318 536 1429 619; x_wconf 90' lang='lat' dir='ltr'><strong>quitur</strong></span> <span class='ocrx_word' id='word_1_15' title='bbox 1451 534 1636 602; x_wconf 89' lang='lat' dir='ltr'><strong>consolatio.</strong></span> <span class='ocrx_word' id='word_1_16' title='bbox 1681 534 1778 616; x_wconf 78' lang='lat' dir='ltr'><strong>Quod</strong></span> <span class='ocrx_word' id='word_1_17' title='bbox 1801 534 1830 600; x_wconf 93' lang='lat' dir='ltr'><strong>si</strong></span> <span class='ocrx_word' id='word_1_18' title='bbox 1853 533 1937 600; x_wconf 89' lang='lat' dir='ltr'><strong>desit</strong></span> <span class='ocrx_word' id='word_1_19' title='bbox 1958 533 2176 618; x_wconf 87' lang='lat' dir='ltr'><strong>poenitentia,</strong></span> <span class='ocrx_word' id='word_1_20' title='bbox 2207 532 2294 598; x_wconf 80' lang='lat' dir='ltr'><strong>nulla</strong></span> 
     </span>
     <span class='ocr_line' id='line_1_4' title="bbox 294 617 2292 704; baseline -0.002 -15"><span class='ocrx_word' id='word_1_21' title='bbox 294 646 423 691; x_wconf 92' lang='lat' dir='ltr'><strong>morum</strong></span> <span class='ocrx_word' id='word_1_22' title='bbox 456 625 513 688; x_wconf 89' lang='lat' dir='ltr'><strong>sit:</strong></span> <span class='ocrx_word' id='word_1_23' title='bbox 547 644 605 688; x_wconf 91' lang='lat' dir='ltr'><strong>nec</strong></span> <span class='ocrx_word' id='word_1_24' title='bbox 638 632 766 687; x_wconf 89' lang='lat' dir='ltr'><strong>tantum</strong></span> <span class='ocrx_word' id='word_1_25' title='bbox 801 623 835 686; x_wconf 91' lang='lat' dir='ltr'><strong>in</strong></span> <span class='ocrx_word' id='word_1_26' title='bbox 869 633 1006 687; x_wconf 91' lang='lat' dir='ltr'><strong>externa</strong></span> <span class='ocrx_word' id='word_1_27' title='bbox 1038 621 1177 702; x_wconf 87' lang='lat' dir='ltr'><strong>scelera,</strong></span> <span class='ocrx_word' id='word_1_28' title='bbox 1209 620 1266 686; x_wconf 88' lang='lat' dir='ltr'><strong>sed</strong></span> <span class='ocrx_word' id='word_1_29' title='bbox 1317 622 1362 688; x_wconf 91' lang='lat' dir='ltr'><strong>ibi</strong></span> <span class='ocrx_word' id='word_1_30' title='bbox 1391 620 1489 700; x_wconf 88' lang='lat' dir='ltr'><strong>fides,</strong></span> <span class='ocrx_word' id='word_1_31' title='bbox 1522 620 1612 686; x_wconf 90' lang='lat' dir='ltr'><strong>nulla</strong></span> <span class='ocrx_word' id='word_1_32' title='bbox 1642 621 1821 687; x_wconf 89' lang='lat' dir='ltr'><strong>consolatio</strong></span> <span class='ocrx_word' id='word_1_33' title='bbox 1851 641 1924 685; x_wconf 90' lang='lat' dir='ltr'><strong>osse</strong></span> <span class='ocrx_word' id='word_1_34' title='bbox 1952 628 2070 704; x_wconf 87' lang='lat' dir='ltr'><strong>potest.</strong></span> <span class='ocrx_word' id='word_1_35' title='bbox 2115 617 2185 701; x_wconf 79' lang='lat' dir='ltr'><strong>Qui</strong></span> <span class='ocrx_word' id='word_1_36' title='bbox 2207 619 2292 685; x_wconf 88' lang='lat' dir='ltr'><strong>enim</strong></span> 
     </span>
     <span class='ocr_line' id='line_1_5' title="bbox 295 704 2291 791; baseline -0.003 -16"><span class='ocrx_word' id='word_1_37' title='bbox 295 711 392 775; x_wconf 88' lang='lat' dir='ltr'><strong>etiam</strong></span> <span class='ocrx_word' id='word_1_38' title='bbox 416 711 451 774; x_wconf 90' lang='lat' dir='ltr'><strong>in</strong></span> <span class='ocrx_word' id='word_1_39' title='bbox 475 730 591 791; x_wconf 80' lang='lat' dir='ltr'><strong>pravos</strong></span> <span class='ocrx_word' id='word_1_40' title='bbox 608 709 743 774; x_wconf 84' lang='lat' dir='ltr'><strong>affectus</strong></span> <span class='ocrx_word' id='word_1_41' title='bbox 759 723 790 772; x_wconf 89' lang='grc' dir='ltr'><strong>ιι</strong></span> <span class='ocrx_word' id='word_1_42' title='bbox 805 707 999 790; x_wconf 92' lang='lat' dir='ltr'><strong>cupiditates</strong></span> <span class='ocrx_word' id='word_1_43' title='bbox 1015 707 1265 772; x_wconf 88' lang='lat' dir='ltr'><strong>animadvertat.</strong></span> <span class='ocrx_word' id='word_1_44' title='bbox 1317 707 1379 773; x_wconf 92' lang='lat' dir='ltr'><strong>sibi</strong></span> <span class='ocrx_word' id='word_1_45' title='bbox 1403 728 1467 772; x_wconf 91' lang='lat' dir='ltr'><strong>non</strong></span> <span class='ocrx_word' id='word_1_46' title='bbox 1490 707 1664 789; x_wconf 73' lang='lat' dir='ltr'><strong>displicent</strong></span> <span class='ocrx_word' id='word_1_47' title='bbox 1684 708 1719 772; x_wconf 91' lang='lat' dir='ltr'><strong>in</strong></span> <span class='ocrx_word' id='word_1_48' title='bbox 1742 707 1833 772; x_wconf 85' lang='lat' dir='ltr'><strong>vitiis</strong></span> <span class='ocrx_word' id='word_1_49' title='bbox 1855 706 1939 786; x_wconf 87' lang='lat' dir='ltr'><strong>suis,</strong></span> <span class='ocrx_word' id='word_1_50' title='bbox 1968 705 2053 770; x_wconf 87' lang='lat' dir='ltr'>nihil</span> <span class='ocrx_word' id='word_1_51' title='bbox 2080 704 2171 771; x_wconf 85' lang='lat' dir='ltr'><strong>aliud</strong></span> <span class='ocrx_word' id='word_1_52' title='bbox 2194 725 2291 788; x_wconf 88' lang='lat' dir='ltr'><strong>qnam</strong></span> 
     </span>
     <span class='ocr_line' id='line_1_6' title="bbox 295 791 2291 877; baseline -0.004 -16"><span class='ocrx_word' id='word_1_53' title='bbox 295 796 467 862; x_wconf 80' lang='lat' dir='ltr'><strong>Caeterum</strong></span> <span class='ocrx_word' id='word_1_54' title='bbox 499 797 569 859; x_wconf 92' lang='lat' dir='ltr'><strong>iure</strong></span> <span class='ocrx_word' id='word_1_55' title='bbox 599 795 695 877; x_wconf 81' lang='lat' dir='ltr'><strong>plecti</strong></span> <span class='ocrx_word' id='word_1_56' title='bbox 729 794 899 870; x_wconf 89' lang='lat' dir='ltr'><strong>admonet,</strong></span> <span class='ocrx_word' id='word_1_57' title='bbox 933 805 969 858; x_wconf 97' lang='grc' dir='ltr'><strong>ιιι</strong></span> <span class='ocrx_word' id='word_1_58' title='bbox 1001 794 1114 876; x_wconf 89' lang='lat' dir='ltr'><strong>oulpee</strong></span> <span class='ocrx_word' id='word_1_59' title='bbox 1145 793 1266 859; x_wconf 88' lang='lat' dir='ltr'><strong>conscii</strong></span> <span class='ocrx_word' id='word_1_60' title='bbox 1316 794 1400 857; x_wconf 89' lang='lat' dir='ltr'><strong>iram</strong></span> <span class='ocrx_word' id='word_1_61' title='bbox 1440 794 1517 868; x_wconf 89' lang='lat' dir='ltr'><strong>Dei,</strong></span> <span class='ocrx_word' id='word_1_62' title='bbox 1564 802 1704 858; x_wconf 90' lang='lat' dir='ltr'><strong>terrores</strong></span> <span class='ocrx_word' id='word_1_63' title='bbox 1744 801 1776 856; x_wconf 89' lang='lat' dir='ltr'><strong>et</strong></span> <span class='ocrx_word' id='word_1_64' title='bbox 1813 791 2073 875; x_wconf 74' lang='lat' dir='ltr'><strong>desperationem</strong></span> <span class='ocrx_word' id='word_1_65' title='bbox 2122 793 2291 873; x_wconf 87' lang='lat' dir='ltr'><strong>concipere</strong></span> 
     </span>
     <span class='ocr_line' id='line_1_7' title="bbox 294 877 2290 966; baseline -0.001 -21"><span class='ocrx_word' id='word_1_66' title='bbox 294 880 484 966; x_wconf 80' lang='lat' dir='ltr'><strong>suppliciter</strong></span> <span class='ocrx_word' id='word_1_67' title='bbox 507 881 634 945; x_wconf 83' lang='lat' dir='ltr'><strong>veniam</strong></span> <span class='ocrx_word' id='word_1_68' title='bbox 657 880 882 961; x_wconf 80' lang='lat' dir='ltr'><strong>deprecentur.</strong></span> <span class='ocrx_word' id='word_1_69' title='bbox 1315 891 1448 959; x_wconf 92' lang='lat' dir='ltr'><strong>queunt.</strong></span> <span class='ocrx_word' id='word_1_70' title='bbox 1493 877 1678 945; x_wconf 72' lang='lat' dir='ltr'><strong>contextus</strong></span> <span class='ocrx_word' id='word_1_71' title='bbox 1704 898 1783 962; x_wconf 91' lang='lat' dir='ltr'><strong>ergo</strong></span> <span class='ocrx_word' id='word_1_72' title='bbox 1816 877 1997 960; x_wconf 86' lang='lat' dir='ltr'><strong>prophetae</strong></span> <span class='ocrx_word' id='word_1_73' title='bbox 2031 877 2201 943; x_wconf 90' lang='lat' dir='ltr'><strong>notandus</strong></span> <span class='ocrx_word' id='word_1_74' title='bbox 2234 888 2290 956; x_wconf 87' lang='lat' dir='ltr'><strong>est,</strong></span> 
     </span>
     <span class='ocr_line' id='line_1_8' title="bbox 380 963 2291 1052; baseline -0.002 -21"><span class='ocrx_word' id='word_1_75' title='bbox 380 966 544 1052; x_wconf 70' lang='lat' dir='ltr'><strong>(Permessi</strong></span> <span class='ocrx_word' id='word_1_76' title='bbox 575 986 661 1045; x_wconf 86' lang='lat' dir='ltr'><strong>eum,</strong></span> <span class='ocrx_word' id='word_1_77' title='bbox 694 964 863 1049; x_wconf 75' lang='grc' dir='ltr'>(ιόιιιιιᾶι.)</span> <span class='ocrx_word' id='word_1_78' title='bbox 918 963 1091 1045; x_wconf 85' lang='lat' dir='ltr'><strong>Significat</strong></span> <span class='ocrx_word' id='word_1_79' title='bbox 1123 963 1265 1044; x_wconf 88' lang='lat' dir='ltr'><strong>gratiam</strong></span> <span class='ocrx_word' id='word_1_80' title='bbox 1316 965 1371 1045; x_wconf 92' lang='lat' dir='ltr'><strong>qui</strong></span> <span class='ocrx_word' id='word_1_81' title='bbox 1393 965 1555 1029; x_wconf 89' lang='lat' dir='ltr'><strong>sanationi</strong></span> <span class='ocrx_word' id='word_1_82' title='bbox 1577 964 1834 1029; x_wconf 73' lang='lat' dir='ltr'><strong>consolationem</strong></span> <span class='ocrx_word' id='word_1_83' title='bbox 1862 985 1930 1027; x_wconf 91' lang='lat' dir='ltr'><strong>nou</strong></span> <span class='ocrx_word' id='word_1_84' title='bbox 1960 975 2081 1028; x_wconf 90' lang='lat' dir='ltr'><strong>temere</strong></span> <span class='ocrx_word' id='word_1_85' title='bbox 2110 963 2291 1047; x_wconf 87' lang='lat' dir='ltr'><strong>subiungit.</strong></span> 
     </span>
     <span class='ocr_line' id='line_1_9' title="bbox 294 1046 2291 1134; baseline -0.003 -16"><span class='ocrx_word' id='word_1_86' title='bbox 294 1074 386 1118; x_wconf 89' lang='lat' dir='ltr'><strong>suam</strong></span> <span class='ocrx_word' id='word_1_87' title='bbox 410 1051 451 1116; x_wconf 92' lang='lat' dir='ltr'><strong>ad</strong></span> <span class='ocrx_word' id='word_1_88' title='bbox 474 1062 601 1134; x_wconf 93' lang='lat' dir='ltr'><strong>tempus</strong></span> <span class='ocrx_word' id='word_1_89' title='bbox 623 1051 860 1133; x_wconf 87' lang='lat' dir='ltr'><strong>quodammodo</strong></span> <span class='ocrx_word' id='word_1_90' title='bbox 882 1060 1040 1115; x_wconf 87' lang='lat' dir='ltr'><strong>remotam</strong></span> <span class='ocrx_word' id='word_1_91' title='bbox 1068 1058 1101 1113; x_wconf 90' lang='lat' dir='ltr'><strong>et</strong></span> <span class='ocrx_word' id='word_1_92' title='bbox 1129 1048 1264 1114; x_wconf 90' lang='lat' dir='ltr'><strong>abscon·</strong></span> <span class='ocrx_word' id='word_1_93' title='bbox 1316 1049 1467 1130; x_wconf 78' lang='lat' dir='ltr'><strong>Quorum</strong></span> <span class='ocrx_word' id='word_1_94' title='bbox 1484 1050 1573 1114; x_wconf 92' lang='lat' dir='ltr'><strong>enim</strong></span> <span class='ocrx_word' id='word_1_95' title='bbox 1591 1052 1697 1115; x_wconf 89' lang='lat' dir='ltr'><strong>curati</strong></span> <span class='ocrx_word' id='word_1_96' title='bbox 1718 1059 1795 1116; x_wconf 91' lang='lat' dir='ltr'><strong>sunt</strong></span> <span class='ocrx_word' id='word_1_97' title='bbox 1817 1049 1931 1124; x_wconf 87' lang='lat' dir='ltr'><strong>morbi,</strong></span> <span class='ocrx_word' id='word_1_98' title='bbox 1953 1046 2051 1114; x_wconf 88' lang='lat' dir='ltr'><strong>simul</strong></span> <span class='ocrx_word' id='word_1_99' title='bbox 2073 1048 2180 1112; x_wconf 89' lang='lat' dir='ltr'><strong>animi</strong></span> <span class='ocrx_word' id='word_1_100' title='bbox 2201 1048 2291 1113; x_wconf 85' lang='lat' dir='ltr'><strong>laeti·</strong></span> 
     </span>
     <span class='ocr_line' id='line_1_10' title="bbox 295 1133 2292 1218; baseline -0.002 -15"><span class='ocrx_word' id='word_1_101' title='bbox 295 1139 393 1203; x_wconf 91' lang='lat' dir='ltr'><strong>ditam</strong></span> <span class='ocrx_word' id='word_1_102' title='bbox 417 1138 527 1202; x_wconf 88' lang='lat' dir='ltr'><strong>fuisse.</strong></span> <span class='ocrx_word' id='word_1_103' title='bbox 571 1137 734 1218; x_wconf 88' lang='lat' dir='ltr'><strong>Loquitur</strong></span> <span class='ocrx_word' id='word_1_104' title='bbox 756 1146 865 1201; x_wconf 87' lang='lat' dir='ltr'><strong>autem</strong></span> <span class='ocrx_word' id='word_1_105' title='bbox 889 1156 929 1199; x_wconf 91' lang='lat' dir='ltr'><strong>ex</strong></span> <span class='ocrx_word' id='word_1_106' title='bbox 952 1156 1051 1200; x_wconf 88' lang='lat' dir='ltr'><strong>seusu</strong></span> <span class='ocrx_word' id='word_1_107' title='bbox 1074 1135 1263 1199; x_wconf 83' lang='lat' dir='ltr'><strong>hominum:</strong></span> <span class='ocrx_word' id='word_1_108' title='bbox 1316 1138 1395 1199; x_wconf 90' lang='lat' dir='ltr'><strong>tiam</strong></span> <span class='ocrx_word' id='word_1_109' title='bbox 1419 1147 1452 1198; x_wconf 91' lang='lat' dir='ltr'><strong>et</strong></span> <span class='ocrx_word' id='word_1_110' title='bbox 1473 1134 1729 1201; x_wconf 89' lang='lat' dir='ltr'><strong>consolationem</strong></span> <span class='ocrx_word' id='word_1_111' title='bbox 1751 1136 1951 1218; x_wconf 89' lang='lat' dir='ltr'><strong>percipiunt,</strong></span> <span class='ocrx_word' id='word_1_112' title='bbox 1980 1153 2046 1216; x_wconf 89' lang='lat' dir='ltr'><strong>qna</strong></span> <span class='ocrx_word' id='word_1_113' title='bbox 2072 1133 2210 1199; x_wconf 81' lang='grc' dir='ltr'>ιιιιιιιιι</span> <span class='ocrx_word' id='word_1_114' title='bbox 2231 1135 2292 1217; x_wconf 92' lang='lat' dir='ltr'><strong>pri·</strong></span> 
     </span>
     <span class='ocr_line' id='line_1_11' title="bbox 294 1218 2292 1307; baseline -0.003 -17"><span class='ocrx_word' id='word_1_115' title='bbox 294 1224 378 1307; x_wconf 91' lang='lat' dir='ltr'><strong>quod</strong></span> <span class='ocrx_word' id='word_1_116' title='bbox 401 1223 564 1288; x_wconf 89' lang='lat' dir='ltr'><strong>infensum</strong></span> <span class='ocrx_word' id='word_1_117' title='bbox 588 1224 680 1287; x_wconf 90' lang='lat' dir='ltr'><strong>nobis</strong></span> <span class='ocrx_word' id='word_1_118' title='bbox 704 1231 736 1286; x_wconf 90' lang='lat' dir='ltr'><strong>et</strong></span> <span class='ocrx_word' id='word_1_119' title='bbox 757 1221 930 1286; x_wconf 86' lang='lat' dir='ltr'><strong>adversum</strong></span> <span class='ocrx_word' id='word_1_120' title='bbox 953 1221 1059 1285; x_wconf 91' lang='lat' dir='ltr'><strong>Deum</strong></span> <span class='ocrx_word' id='word_1_121' title='bbox 1083 1220 1264 1303; x_wconf 89' lang='lat' dir='ltr'><strong>apprehen·</strong></span> <span class='ocrx_word' id='word_1_122' title='bbox 1317 1223 1393 1285; x_wconf 89' lang='lat' dir='ltr'><strong>vati.</strong></span> <span class='ocrx_word' id='word_1_123' title='bbox 1428 1220 1493 1286; x_wconf 93' lang='lat' dir='ltr'><strong>Ubi</strong></span> <span class='ocrx_word' id='word_1_124' title='bbox 1516 1241 1594 1285; x_wconf 86' lang='lat' dir='ltr'><strong>vero</strong></span> <span class='ocrx_word' id='word_1_125' title='bbox 1617 1221 1768 1306; x_wconf 89' lang='lat' dir='ltr'><strong>adiungit</strong></span> <span class='ocrx_word' id='word_1_126' title='bbox 1788 1221 1933 1304; x_wconf 65' lang='lat' dir='ltr'><strong>lugentes,</strong></span> <span class='ocrx_word' id='word_1_127' title='bbox 1955 1219 2084 1285; x_wconf 78' lang='lat' dir='ltr'><strong>ridetur</strong></span> <span class='ocrx_word' id='word_1_128' title='bbox 2106 1218 2292 1301; x_wconf 74' lang='lat' dir='ltr'><strong>specialiter</strong></span> 
     </span>
     <span class='ocr_line' id='line_1_12' title="bbox 294 1305 2289 1391; baseline -0.002 -18"><span class='ocrx_word' id='word_1_129' title='bbox 294 1311 409 1374; x_wconf 90' lang='lat' dir='ltr'><strong>damus</strong></span> <span class='ocrx_word' id='word_1_130' title='bbox 442 1329 540 1391; x_wconf 91' lang='lat' dir='ltr'><strong>quum</strong></span> <span class='ocrx_word' id='word_1_131' title='bbox 572 1309 738 1373; x_wconf 88' lang='lat' dir='ltr'><strong>ulciscitur</strong></span> <span class='ocrx_word' id='word_1_132' title='bbox 767 1306 890 1373; x_wconf 90' lang='lat' dir='ltr'><strong>scelera</strong></span> <span class='ocrx_word' id='word_1_133' title='bbox 916 1317 1040 1371; x_wconf 90' lang='lat' dir='ltr'><strong>nostra:</strong></span> <span class='ocrx_word' id='word_1_134' title='bbox 1075 1307 1169 1370; x_wconf 89' lang='lat' dir='ltr'><strong>sicuti</strong></span> <span class='ocrx_word' id='word_1_135' title='bbox 1198 1307 1264 1370; x_wconf 87' lang='lat' dir='ltr'><strong>iam</strong></span> <span class='ocrx_word' id='word_1_136' title='bbox 1316 1319 1430 1370; x_wconf 90' lang='lat' dir='ltr'><strong>notare</strong></span> <span class='ocrx_word' id='word_1_137' title='bbox 1453 1310 1531 1387; x_wconf 89' lang='lat' dir='ltr'><strong>pios,</strong></span> <span class='ocrx_word' id='word_1_138' title='bbox 1554 1308 1610 1389; x_wconf 91' lang='lat' dir='ltr'><strong>qui</strong></span> <span class='ocrx_word' id='word_1_139' title='bbox 1633 1327 1769 1371; x_wconf 89' lang='lat' dir='ltr'><strong>numero</strong></span> <span class='ocrx_word' id='word_1_140' title='bbox 1790 1308 1885 1391; x_wconf 88' lang='lat' dir='ltr'><strong>pauci</strong></span> <span class='ocrx_word' id='word_1_141' title='bbox 1908 1314 2021 1370; x_wconf 88' lang='lat' dir='ltr'><strong>erant:</strong></span> <span class='ocrx_word' id='word_1_142' title='bbox 2049 1315 2087 1370; x_wconf 90' lang='lat' dir='ltr'><strong>ut</strong></span> <span class='ocrx_word' id='word_1_143' title='bbox 2108 1305 2193 1371; x_wconf 91' lang='lat' dir='ltr'><strong>satis</strong></span> <span class='ocrx_word' id='word_1_144' title='bbox 2214 1325 2289 1371; x_wconf 89' lang='lat' dir='ltr'><strong>con·</strong></span> 
     </span>
     <span class='ocr_line' id='line_1_13' title="bbox 294 1390 2289 1476; baseline -0.002 -18"><span class='ocrx_word' id='word_1_145' title='bbox 294 1394 415 1461; x_wconf 89' lang='lat' dir='ltr'><strong>dictum</strong></span> <span class='ocrx_word' id='word_1_146' title='bbox 446 1407 503 1458; x_wconf 90' lang='lat' dir='ltr'><strong>cst.</strong></span> <span class='ocrx_word' id='word_1_147' title='bbox 549 1393 659 1476; x_wconf 83' lang='lat' dir='ltr'><strong>Atque</strong></span> <span class='ocrx_word' id='word_1_148' title='bbox 688 1395 735 1457; x_wconf 88' lang='lat' dir='ltr'><strong>ita</strong></span> <span class='ocrx_word' id='word_1_149' title='bbox 762 1416 782 1457; x_wconf 90' lang='lat' dir='ltr'><strong>a</strong></span> <span class='ocrx_word' id='word_1_150' title='bbox 804 1394 897 1457; x_wconf 92' lang='lat' dir='ltr'><strong>uobis</strong></span> <span class='ocrx_word' id='word_1_151' title='bbox 926 1391 1126 1475; x_wconf 78' lang='lat' dir='ltr'><strong>apprehendi</strong></span> <span class='ocrx_word' id='word_1_152' title='bbox 1156 1393 1264 1474; x_wconf 90' lang='lat' dir='ltr'><strong>ipsum</strong></span> <span class='ocrx_word' id='word_1_153' title='bbox 1316 1399 1382 1456; x_wconf 88' lang='lat' dir='ltr'><strong>stat</strong></span> <span class='ocrx_word' id='word_1_154' title='bbox 1404 1413 1446 1456; x_wconf 92' lang='lat' dir='ltr'><strong>ex</strong></span> <span class='ocrx_word' id='word_1_155' title='bbox 1469 1392 1702 1475; x_wconf 87' lang='lat' dir='ltr'><strong>prophetarum</strong></span> <span class='ocrx_word' id='word_1_156' title='bbox 1722 1391 1948 1474; x_wconf 86' lang='lat' dir='ltr'><strong>querimoniis,</strong></span> <span class='ocrx_word' id='word_1_157' title='bbox 1979 1390 2093 1473; x_wconf 89' lang='lat' dir='ltr'><strong>quiin</strong></span> <span class='ocrx_word' id='word_1_158' title='bbox 2123 1401 2289 1473; x_wconf 76' lang='lat' dir='ltr'><strong>stuporem</strong></span> 
     </span>
     <span class='ocr_line' id='line_1_14' title="bbox 293 1475 2290 1562; baseline -0.002 -16"><span class='ocrx_word' id='word_1_159' title='bbox 293 1501 331 1546; x_wconf 90' lang='lat' dir='ltr'><strong>ao</strong></span> <span class='ocrx_word' id='word_1_160' title='bbox 360 1481 482 1562; x_wconf 89' lang='lat' dir='ltr'><strong>concipi</strong></span> <span class='ocrx_word' id='word_1_161' title='bbox 513 1500 645 1545; x_wconf 90' lang='lat' dir='ltr'><strong>necesse</strong></span> <span class='ocrx_word' id='word_1_162' title='bbox 677 1489 743 1553; x_wconf 88' lang='lat' dir='ltr'><strong>est,</strong></span> <span class='ocrx_word' id='word_1_163' title='bbox 778 1488 814 1542; x_wconf 92' lang='lat' dir='ltr'><strong>ut</strong></span> <span class='ocrx_word' id='word_1_164' title='bbox 848 1479 882 1542; x_wconf 94' lang='lat' dir='ltr'><strong>in</strong></span> <span class='ocrx_word' id='word_1_165' title='bbox 916 1498 1026 1543; x_wconf 87' lang='lat' dir='ltr'><strong>veram</strong></span> <span class='ocrx_word' id='word_1_166' title='bbox 1061 1488 1263 1559; x_wconf 86' lang='lat' dir='ltr'><strong>peccatorum</strong></span> <span class='ocrx_word' id='word_1_167' title='bbox 1316 1499 1379 1559; x_wconf 93' lang='lat' dir='ltr'><strong>quo</strong></span> <span class='ocrx_word' id='word_1_168' title='bbox 1401 1479 1523 1561; x_wconf 84' lang='lat' dir='ltr'><strong>passim</strong></span> <span class='ocrx_word' id='word_1_169' title='bbox 1547 1490 1715 1560; x_wconf 90' lang='lat' dir='ltr'><strong>correptus</strong></span> <span class='ocrx_word' id='word_1_170' title='bbox 1738 1490 1808 1543; x_wconf 87' lang='lat' dir='ltr'><strong>erat</strong></span> <span class='ocrx_word' id='word_1_171' title='bbox 1823 1476 1965 1561; x_wconf 87' lang='lat' dir='ltr'><strong>populus</strong></span> <span class='ocrx_word' id='word_1_172' title='bbox 1979 1475 2192 1542; x_wconf 87' lang='lat' dir='ltr'><strong>invehuntur.</strong></span> <span class='ocrx_word' id='word_1_173' title='bbox 2227 1477 2290 1542; x_wconf 81' lang='lat' dir='ltr'><strong>llos</strong></span> 
     </span>
     <span class='ocr_line' id='line_1_15' title="bbox 293 1562 2292 1648; baseline -0.002 -17"><span class='ocrx_word' id='word_1_174' title='bbox 293 1577 481 1631; x_wconf 87' lang='lat' dir='ltr'><strong>nostrorum</strong></span> <span class='ocrx_word' id='word_1_175' title='bbox 511 1565 711 1648; x_wconf 86' lang='lat' dir='ltr'><strong>agnitionem</strong></span> <span class='ocrx_word' id='word_1_176' title='bbox 741 1565 921 1628; x_wconf 83' lang='lat' dir='ltr'><strong>veniamne.</strong></span> <span class='ocrx_word' id='word_1_177' title='bbox 971 1563 1147 1645; x_wconf 89' lang='lat' dir='ltr'><strong>Nunquam</strong></span> <span class='ocrx_word' id='word_1_178' title='bbox 1177 1564 1263 1628; x_wconf 92' lang='lat' dir='ltr'><strong>enim</strong></span> <span class='ocrx_word' id='word_1_179' title='bbox 1315 1584 1393 1646; x_wconf 87' lang='lat' dir='ltr'><strong>ergo</strong></span> <span class='ocrx_word' id='word_1_180' title='bbox 1416 1563 1566 1647; x_wconf 87' lang='lat' dir='ltr'><strong>designat</strong></span> <span class='ocrx_word' id='word_1_181' title='bbox 1588 1584 1669 1645; x_wconf 90' lang='lat' dir='ltr'><strong>quos</strong></span> <span class='ocrx_word' id='word_1_182' title='bbox 1690 1565 1726 1627; x_wconf 93' lang='lat' dir='ltr'><strong>in</strong></span> <span class='ocrx_word' id='word_1_183' title='bbox 1749 1563 1915 1629; x_wconf 90' lang='lat' dir='ltr'><strong>communi</strong></span> <span class='ocrx_word' id='word_1_184' title='bbox 1942 1570 2036 1627; x_wconf 84' lang='lat' dir='ltr'><strong>reatu</strong></span> <span class='ocrx_word' id='word_1_185' title='bbox 2064 1562 2172 1627; x_wconf 90' lang='lat' dir='ltr'><strong>serius</strong></span> <span class='ocrx_word' id='word_1_186' title='bbox 2203 1563 2292 1628; x_wconf 89' lang='lat' dir='ltr'><strong>dolor</strong></span> 
     </span>
     <span class='ocr_line' id='line_1_16' title="bbox 294 1647 2292 1734; baseline -0.002 -18"><span class='ocrx_word' id='word_1_187' title='bbox 294 1653 363 1734; x_wconf 90' lang='lat' dir='ltr'><strong>ipsa</strong></span> <span class='ocrx_word' id='word_1_188' title='bbox 386 1652 471 1715; x_wconf 91' lang='lat' dir='ltr'><strong>serio</strong></span> <span class='ocrx_word' id='word_1_189' title='bbox 492 1670 750 1734; x_wconf 90' lang='lat' dir='ltr'><strong>agnosceremus,</strong></span> <span class='ocrx_word' id='word_1_190' title='bbox 783 1669 843 1713; x_wconf 90' lang='lat' dir='ltr'><strong>nec</strong></span> <span class='ocrx_word' id='word_1_191' title='bbox 870 1669 1100 1733; x_wconf 87' lang='lat' dir='ltr'><strong>pungeremur,</strong></span> <span class='ocrx_word' id='word_1_192' title='bbox 1129 1649 1195 1712; x_wconf 87' lang='lat' dir='ltr'><strong>nisi</strong></span> <span class='ocrx_word' id='word_1_193' title='bbox 1218 1671 1265 1713; x_wconf 89' lang='lat' dir='ltr'><strong>re·</strong></span> <span class='ocrx_word' id='word_1_194' title='bbox 1316 1649 1357 1713; x_wconf 92' lang='lat' dir='ltr'><strong>ad</strong></span> <span class='ocrx_word' id='word_1_195' title='bbox 1379 1647 1503 1713; x_wconf 91' lang='lat' dir='ltr'><strong>luctum</strong></span> <span class='ocrx_word' id='word_1_196' title='bbox 1527 1651 1680 1732; x_wconf 84' lang='lat' dir='ltr'><strong>cogebat,</strong></span> <span class='ocrx_word' id='word_1_197' title='bbox 1711 1661 1743 1714; x_wconf 93' lang='lat' dir='ltr'><strong>et</strong></span> <span class='ocrx_word' id='word_1_198' title='bbox 1772 1649 1828 1731; x_wconf 90' lang='lat' dir='ltr'><strong>qui</strong></span> <span class='ocrx_word' id='word_1_199' title='bbox 1858 1670 1923 1713; x_wconf 90' lang='lat' dir='ltr'><strong>uon</strong></span> <span class='ocrx_word' id='word_1_200' title='bbox 1954 1647 2049 1712; x_wconf 93' lang='lat' dir='ltr'><strong>modo</strong></span> <span class='ocrx_word' id='word_1_201' title='bbox 2070 1648 2184 1730; x_wconf 90' lang='lat' dir='ltr'><strong>populi</strong></span> <span class='ocrx_word' id='word_1_202' title='bbox 2208 1648 2292 1713; x_wconf 89' lang='lat' dir='ltr'><strong>mala</strong></span> 
     </span>
     <span class='ocr_line' id='line_1_17' title="bbox 293 1732 2289 1820; baseline -0.001 -19"><span class='ocrx_word' id='word_1_203' title='bbox 293 1748 486 1820; x_wconf 89' lang='lat' dir='ltr'><strong>putaremus</strong></span> <span class='ocrx_word' id='word_1_204' title='bbox 509 1736 571 1818; x_wconf 92' lang='lat' dir='ltr'><strong>ipsi</strong></span> <span class='ocrx_word' id='word_1_205' title='bbox 594 1736 775 1815; x_wconf 88' lang='lat' dir='ltr'><strong>nobiscum,</strong></span> <span class='ocrx_word' id='word_1_206' title='bbox 797 1745 894 1817; x_wconf 90' lang='lat' dir='ltr'><strong>atque</strong></span> <span class='ocrx_word' id='word_1_207' title='bbox 912 1735 1166 1817; x_wconf 84' lang='lat' dir='ltr'><strong>intelligeremus</strong></span> <span class='ocrx_word' id='word_1_208' title='bbox 1181 1735 1264 1798; x_wconf 89' lang='lat' dir='ltr'><strong>irum</strong></span> <span class='ocrx_word' id='word_1_209' title='bbox 1316 1735 1488 1811; x_wconf 91' lang='lat' dir='ltr'><strong>deflebant,</strong></span> <span class='ocrx_word' id='word_1_210' title='bbox 1511 1734 1568 1800; x_wconf 89' lang='lat' dir='ltr'><strong>sed</strong></span> <span class='ocrx_word' id='word_1_211' title='bbox 1591 1736 1688 1800; x_wconf 89' lang='lat' dir='ltr'><strong>anxie</strong></span> <span class='ocrx_word' id='word_1_212' title='bbox 1709 1735 1885 1819; x_wconf 90' lang='lat' dir='ltr'><strong>gemebant</strong></span> <span class='ocrx_word' id='word_1_213' title='bbox 1906 1732 1967 1800; x_wconf 92' lang='lat' dir='ltr'><strong>sub</strong></span> <span class='ocrx_word' id='word_1_214' title='bbox 1989 1753 2087 1798; x_wconf 88' lang='lat' dir='ltr'><strong>onere</strong></span> <span class='ocrx_word' id='word_1_215' title='bbox 2117 1732 2188 1798; x_wconf 88' lang='lat' dir='ltr'><strong>irae</strong></span> <span class='ocrx_word' id='word_1_216' title='bbox 2211 1734 2289 1800; x_wconf 90' lang='lat' dir='ltr'><strong>Dei:</strong></span> 
     </span>
     <span class='ocr_line' id='line_1_18' title="bbox 292 1819 1890 1903; baseline -0.001 -17"><span class='ocrx_word' id='word_1_217' title='bbox 292 1821 356 1887; x_wconf 91' lang='lat' dir='ltr'><strong>Dei</strong></span> <span class='ocrx_word' id='word_1_218' title='bbox 379 1843 399 1887; x_wconf 91' lang='lat' dir='ltr'><strong>a</strong></span> <span class='ocrx_word' id='word_1_219' title='bbox 421 1822 512 1886; x_wconf 91' lang='lat' dir='ltr'><strong>nobie</strong></span> <span class='ocrx_word' id='word_1_220' title='bbox 535 1833 743 1903; x_wconf 88' lang='lat' dir='ltr'><strong>provocatam</strong></span> <span class='ocrx_word' id='word_1_221' title='bbox 767 1842 845 1886; x_wconf 88' lang='lat' dir='ltr'><strong>esse.</strong></span> <span class='ocrx_word' id='word_1_222' title='bbox 890 1821 1016 1884; x_wconf 90' lang='lat' dir='ltr'><strong>Verum</strong></span> <span class='ocrx_word' id='word_1_223' title='bbox 1038 1831 1073 1884; x_wconf 88' lang='lat' dir='ltr'><strong>ut</strong></span> <span class='ocrx_word' id='word_1_224' title='bbox 1096 1819 1187 1884; x_wconf 90' lang='lat' dir='ltr'><strong>nobie</strong></span> <span class='ocrx_word' id='word_1_225' title='bbox 1210 1842 1265 1884; x_wconf 86' lang='lat' dir='ltr'><strong>ex·</strong></span> <span class='ocrx_word' id='word_1_226' title='bbox 1315 1842 1415 1902; x_wconf 90' lang='lat' dir='ltr'><strong>quum</strong></span> <span class='ocrx_word' id='word_1_227' title='bbox 1438 1821 1492 1883; x_wconf 87' lang='lat' dir='ltr'><strong>alii</strong></span> <span class='ocrx_word' id='word_1_228' title='bbox 1516 1842 1628 1886; x_wconf 87' lang='lat' dir='ltr'><strong>secure</strong></span> <span class='ocrx_word' id='word_1_229' title='bbox 1651 1820 1890 1885; x_wconf 89' lang='lat' dir='ltr'><strong>delitiarentur.</strong></span> 
     </span>
     <span class='ocr_line' id='line_1_19' title="bbox 291 1904 2291 1992; baseline -0.001 -20"><span class='ocrx_word' id='word_1_230' title='bbox 291 1907 383 1992; x_wconf 87' lang='lat' dir='ltr'><strong>pedit</strong></span> <span class='ocrx_word' id='word_1_231' title='bbox 415 1908 476 1973; x_wconf 84' lang='lat' dir='ltr'><strong>hod</strong></span> <span class='ocrx_word' id='word_1_232' title='bbox 510 1907 681 1972; x_wconf 86' lang='lat' dir='ltr'><strong>modoad</strong></span> <span class='ocrx_word' id='word_1_233' title='bbox 714 1906 946 1990; x_wconf 89' lang='lat' dir='ltr'><strong>poenitentiam</strong></span> <span class='ocrx_word' id='word_1_234' title='bbox 980 1906 1121 1985; x_wconf 87' lang='lat' dir='ltr'><strong>institui,</strong></span> <span class='ocrx_word' id='word_1_235' title='bbox 1152 1928 1265 1971; x_wconf 90' lang='lat' dir='ltr'><strong>rursus</strong></span> <span class='ocrx_word' id='word_1_236' title='bbox 1402 1905 1453 1971; x_wconf 88' lang='grc'><strong>19.</strong></span> <span class='ocrx_word' id='word_1_237' title='bbox 1486 1904 1577 1990; x_wconf 81' lang='lat' dir='ltr'><strong>(Grec</strong></span> <span class='ocrx_word' id='word_1_238' title='bbox 1606 1905 1765 1992; x_wconf 71' lang='lat' dir='ltr'><strong>fructum.)</strong></span> <span class='ocrx_word' id='word_1_239' title='bbox 1816 1904 2001 1988; x_wconf 81' lang='lat' dir='ltr'><strong>Explicatio</strong></span> <span class='ocrx_word' id='word_1_240' title='bbox 2030 1916 2082 1970; x_wconf 90' lang='lat' dir='ltr'><strong>est</strong></span> <span class='ocrx_word' id='word_1_241' title='bbox 2111 1906 2291 1987; x_wconf 84' lang='lat' dir='ltr'><strong>superioris</strong></span> 
     </span>
     <span class='ocr_line' id='line_1_20' title="bbox 293 1990 2289 2075; baseline -0.003 -16"><span class='ocrx_word' id='word_1_242' title='bbox 293 1994 477 2059; x_wconf 83' lang='lat' dir='ltr'><strong>cavendum</strong></span> <span class='ocrx_word' id='word_1_243' title='bbox 501 2003 559 2069; x_wconf 88' lang='lat' dir='ltr'><strong>est,</strong></span> <span class='ocrx_word' id='word_1_244' title='bbox 583 2015 624 2058; x_wconf 92' lang='lat' dir='ltr'><strong>ne</strong></span> <span class='ocrx_word' id='word_1_245' title='bbox 647 1994 674 2058; x_wconf 92' lang='lat' dir='ltr'><strong>si</strong></span> <span class='ocrx_word' id='word_1_246' title='bbox 694 1995 866 2057; x_wconf 87' lang='lat' dir='ltr'><strong>adversum</strong></span> <span class='ocrx_word' id='word_1_247' title='bbox 886 2014 906 2056; x_wconf 93' lang='lat' dir='ltr'><strong>a</strong></span> <span class='ocrx_word' id='word_1_248' title='bbox 924 1992 1017 2057; x_wconf 91' lang='lat' dir='ltr'><strong>nobis</strong></span> <span class='ocrx_word' id='word_1_249' title='bbox 1036 1993 1144 2056; x_wconf 91' lang='lat' dir='ltr'><strong>Deum</strong></span> <span class='ocrx_word' id='word_1_250' title='bbox 1162 1994 1267 2075; x_wconf 88' lang='lat' dir='ltr'><strong>finga-</strong></span> <span class='ocrx_word' id='word_1_251' title='bbox 1316 1993 1511 2065; x_wconf 85' lang='lat' dir='ltr'><strong>sententiae,</strong></span> <span class='ocrx_word' id='word_1_252' title='bbox 1541 2011 1605 2074; x_wconf 89' lang='lat' dir='ltr'><strong>qua</strong></span> <span class='ocrx_word' id='word_1_253' title='bbox 1626 1992 1777 2057; x_wconf 85' lang='lat' dir='ltr'><strong>videlicet</strong></span> <span class='ocrx_word' id='word_1_254' title='bbox 1802 1993 1929 2055; x_wconf 87' lang='lat' dir='ltr'><strong>ratione</strong></span> <span class='ocrx_word' id='word_1_255' title='bbox 1953 1990 2117 2055; x_wconf 89' lang='lat' dir='ltr'><strong>Dominus</strong></span> <span class='ocrx_word' id='word_1_256' title='bbox 2146 1990 2289 2056; x_wconf 72' lang='lat' dir='ltr'><strong>consola</strong></span> 
     </span>
     <span class='ocr_line' id='line_1_21' title="bbox 292 2075 2289 2160; baseline -0.001 -17"><span class='ocrx_word' id='word_1_257' title='bbox 292 2100 367 2143; x_wconf 91' lang='lat' dir='ltr'><strong>mus</strong></span> <span class='ocrx_word' id='word_1_258' title='bbox 390 2089 423 2143; x_wconf 90' lang='lat' dir='ltr'><strong>et</strong></span> <span class='ocrx_word' id='word_1_259' title='bbox 444 2080 696 2154; x_wconf 85' lang='lat' dir='ltr'><strong>inexorabilem,</strong></span> <span class='ocrx_word' id='word_1_260' title='bbox 727 2079 859 2142; x_wconf 89' lang='lat' dir='ltr'><strong>tristitia</strong></span> <span class='ocrx_word' id='word_1_261' title='bbox 882 2099 940 2142; x_wconf 92' lang='lat' dir='ltr'><strong>noe</strong></span> <span class='ocrx_word' id='word_1_262' title='bbox 969 2075 1149 2142; x_wconf 84' lang='lat' dir='ltr'><strong>absorbeat.</strong></span> <span class='ocrx_word' id='word_1_263' title='bbox 1194 2078 1265 2141; x_wconf 89' lang='lat' dir='ltr'><strong>Hos</strong></span> <span class='ocrx_word' id='word_1_264' title='bbox 1317 2078 1434 2141; x_wconf 91' lang='lat' dir='ltr'><strong>tionem</strong></span> <span class='ocrx_word' id='word_1_265' title='bbox 1457 2076 1534 2141; x_wconf 89' lang='lat' dir='ltr'><strong>huic</strong></span> <span class='ocrx_word' id='word_1_266' title='bbox 1556 2077 1674 2160; x_wconf 91' lang='lat' dir='ltr'><strong>populo</strong></span> <span class='ocrx_word' id='word_1_267' title='bbox 1698 2075 1880 2160; x_wconf 85' lang='lat' dir='ltr'><strong>praebebit:</strong></span> <span class='ocrx_word' id='word_1_268' title='bbox 1910 2076 1970 2141; x_wconf 88' lang='lat' dir='ltr'><strong>hoo</strong></span> <span class='ocrx_word' id='word_1_269' title='bbox 1993 2087 2053 2157; x_wconf 80' lang='lat' dir='ltr'><strong>est,</strong></span> <span class='ocrx_word' id='word_1_270' title='bbox 2077 2077 2155 2158; x_wconf 88' lang='lat' dir='ltr'><strong>quia</strong></span> <span class='ocrx_word' id='word_1_271' title='bbox 2178 2096 2289 2159; x_wconf 85' lang='lat' dir='ltr'><strong>paoem</strong></span> 
     </span>
     <span class='ocr_line' id='line_1_22' title="bbox 293 2162 2288 2248; baseline -0.001 -20"><span class='ocrx_word' id='word_1_272' title='bbox 293 2185 371 2248; x_wconf 88' lang='lat' dir='ltr'><strong>ergo</strong></span> <span class='ocrx_word' id='word_1_273' title='bbox 395 2163 583 2228; x_wconf 91' lang='lat' dir='ltr'><strong>immodicos</strong></span> <span class='ocrx_word' id='word_1_274' title='bbox 605 2164 758 2229; x_wconf 89' lang='lat' dir='ltr'><strong>horrores</strong></span> <span class='ocrx_word' id='word_1_275' title='bbox 781 2172 941 2245; x_wconf 88' lang='lat' dir='ltr'><strong>temperat</strong></span> <span class='ocrx_word' id='word_1_276' title='bbox 963 2163 1128 2245; x_wconf 87' lang='lat' dir='ltr'><strong>propheta,</strong></span> <span class='ocrx_word' id='word_1_277' title='bbox 1160 2168 1266 2226; x_wconf 87' lang='lat' dir='ltr'><strong>vetat·</strong></span> <span class='ocrx_word' id='word_1_278' title='bbox 1316 2165 1345 2226; x_wconf 94' lang='lat' dir='ltr'><strong>ei</strong></span> <span class='ocrx_word' id='word_1_279' title='bbox 1367 2164 1537 2243; x_wconf 86' lang='lat' dir='ltr'><strong>promittet</strong></span> <span class='ocrx_word' id='word_1_280' title='bbox 1559 2172 1655 2244; x_wconf 91' lang='lat' dir='ltr'><strong>atque</strong></span> <span class='ocrx_word' id='word_1_281' title='bbox 1678 2165 1800 2227; x_wconf 88' lang='lat' dir='ltr'><strong>offeret.</strong></span> <span class='ocrx_word' id='word_1_282' title='bbox 1845 2163 1929 2226; x_wconf 89' lang='lat' dir='ltr'><strong>Nam</strong></span> <span class='ocrx_word' id='word_1_283' title='bbox 1952 2162 2175 2244; x_wconf 79' lang='lat' dir='ltr'><strong>perfractum</strong></span> <span class='ocrx_word' id='word_1_284' title='bbox 2197 2162 2288 2227; x_wconf 80' lang='lat' dir='ltr'><strong>lobio</strong></span> 
     </span>
     <span class='ocr_line' id='line_1_23' title="bbox 293 2247 2290 2333; baseline -0.001 -18"><span class='ocrx_word' id='word_1_285' title='bbox 293 2271 356 2333; x_wconf 92' lang='lat' dir='ltr'><strong>que</strong></span> <span class='ocrx_word' id='word_1_286' title='bbox 379 2249 488 2314; x_wconf 92' lang='lat' dir='ltr'><strong>Deum</strong></span> <span class='ocrx_word' id='word_1_287' title='bbox 512 2272 553 2314; x_wconf 87' lang='lat' dir='ltr'><strong>ex</strong></span> <span class='ocrx_word' id='word_1_288' title='bbox 575 2251 707 2333; x_wconf 86' lang='lat' dir='ltr'><strong>ingenio</strong></span> <span class='ocrx_word' id='word_1_289' title='bbox 731 2261 843 2314; x_wconf 89' lang='lat' dir='ltr'><strong>nostro</strong></span> <span class='ocrx_word' id='word_1_290' title='bbox 872 2250 1052 2313; x_wconf 87' lang='lat' dir='ltr'><strong>aestimare.</strong></span> <span class='ocrx_word' id='word_1_291' title='bbox 1103 2247 1265 2328; x_wconf 80' lang='lat' dir='ltr'><strong>Quamvis</strong></span> <span class='ocrx_word' id='word_1_292' title='bbox 1315 2268 1387 2312; x_wconf 86' lang='lat' dir='ltr'><strong>rum</strong></span> <span class='ocrx_word' id='word_1_293' title='bbox 1409 2249 1571 2330; x_wconf 87' lang='lat' dir='ltr'><strong>significat</strong></span> <span class='ocrx_word' id='word_1_294' title='bbox 1592 2269 1626 2312; x_wconf 90' lang='grc' dir='ltr'><strong>ιι</strong></span> <span class='ocrx_word' id='word_1_295' title='bbox 1649 2250 1840 2313; x_wconf 89' lang='lat' dir='ltr'><strong>effecturum</strong></span> <span class='ocrx_word' id='word_1_296' title='bbox 1864 2258 1900 2312; x_wconf 89' lang='lat' dir='ltr'><strong>ut</strong></span> <span class='ocrx_word' id='word_1_297' title='bbox 1928 2247 1993 2330; x_wconf 91' lang='lat' dir='ltr'><strong>ipsi</strong></span> <span class='ocrx_word' id='word_1_298' title='bbox 2021 2247 2158 2311; x_wconf 90' lang='lat' dir='ltr'><strong>audiant</strong></span> <span class='ocrx_word' id='word_1_299' title='bbox 2190 2247 2290 2313; x_wconf 84' lang='lat' dir='ltr'><strong>laetos</strong></span> 
     </span>
    </p>
   </div>
   <div class='ocr_carea' id='block_1_4' title="bbox 293 2334 1269 3870">
    <p class='ocr_par' dir='ltr' id='par_1_4' title="bbox 293 2334 1266 2503">
     <span class='ocr_line' id='line_1_24' title="bbox 293 2334 1266 2419; baseline -0.004 -19"><span class='ocrx_word' id='word_1_300' title='bbox 293 2338 381 2400; x_wconf 92' lang='lat' dir='ltr'><strong>enim</strong></span> <span class='ocrx_word' id='word_1_301' title='bbox 405 2358 525 2419; x_wconf 89' lang='lat' dir='ltr'><strong>poenas</strong></span> <span class='ocrx_word' id='word_1_302' title='bbox 549 2336 587 2399; x_wconf 88' lang='lat' dir='ltr'><strong>du</strong></span> <span class='ocrx_word' id='word_1_303' title='bbox 611 2337 705 2401; x_wconf 91' lang='lat' dir='ltr'><strong>uobis</strong></span> <span class='ocrx_word' id='word_1_304' title='bbox 727 2345 851 2413; x_wconf 90' lang='lat' dir='ltr'><strong>sumat,</strong></span> <span class='ocrx_word' id='word_1_305' title='bbox 885 2355 949 2397; x_wconf 91' lang='lat' dir='ltr'><strong>non</strong></span> <span class='ocrx_word' id='word_1_306' title='bbox 981 2334 1101 2397; x_wconf 90' lang='lat' dir='ltr'><strong>desinit</strong></span> <span class='ocrx_word' id='word_1_307' title='bbox 1131 2340 1266 2415; x_wconf 89' lang='lat' dir='ltr'><strong>paterno</strong></span> 
     </span>
     <span class='ocr_line' id='line_1_25' title="bbox 294 2419 1264 2503; baseline -0.004 -16"><span class='ocrx_word' id='word_1_308' title='bbox 294 2422 415 2486; x_wconf 87' lang='lat' dir='ltr'><strong>affectu</strong></span> <span class='ocrx_word' id='word_1_309' title='bbox 434 2432 466 2485; x_wconf 91' lang='lat' dir='ltr'><strong>et</strong></span> <span class='ocrx_word' id='word_1_310' title='bbox 484 2443 593 2485; x_wconf 86' lang='lat' dir='ltr'><strong>amore</strong></span> <span class='ocrx_word' id='word_1_311' title='bbox 614 2422 765 2503; x_wconf 87' lang='lat' dir='ltr'><strong>prosequi</strong></span> <span class='ocrx_word' id='word_1_312' title='bbox 785 2442 864 2502; x_wconf 92' lang='lat' dir='ltr'><strong>quoe</strong></span> <span class='ocrx_word' id='word_1_313' title='bbox 883 2420 982 2484; x_wconf 90' lang='lat' dir='ltr'><strong>semel</strong></span> <span class='ocrx_word' id='word_1_314' title='bbox 1001 2419 1189 2501; x_wconf 89' lang='lat' dir='ltr'><strong>complexus</strong></span> <span class='ocrx_word' id='word_1_315' title='bbox 1207 2428 1264 2484; x_wconf 91' lang='lat' dir='ltr'><strong>est.</strong></span> 
     </span>
    </p>

    <p class='ocr_par' dir='ltr' id='par_1_5' title="bbox 293 2505 1266 3015">
     <span class='ocr_line' id='line_1_26' title="bbox 380 2505 1265 2592; baseline -0.001 -23"><span class='ocrx_word' id='word_1_316' title='bbox 380 2505 470 2591; x_wconf 79' lang='lat' dir='ltr'><strong>(lpse</strong></span> <span class='ocrx_word' id='word_1_317' title='bbox 492 2507 618 2592; x_wconf 63' lang='lat' dir='ltr'><strong>uuum.)</strong></span> <span class='ocrx_word' id='word_1_318' title='bbox 662 2508 753 2571; x_wconf 89' lang='lat' dir='ltr'><strong>Haec</strong></span> <span class='ocrx_word' id='word_1_319' title='bbox 780 2517 831 2570; x_wconf 91' lang='lat' dir='ltr'><strong>est</strong></span> <span class='ocrx_word' id='word_1_320' title='bbox 859 2505 1042 2588; x_wconf 85' lang='lat' dir='ltr'><strong>pervicacia</strong></span> <span class='ocrx_word' id='word_1_321' title='bbox 1069 2526 1163 2587; x_wconf 88' lang='lat' dir='ltr'><strong>quam</strong></span> <span class='ocrx_word' id='word_1_322' title='bbox 1191 2526 1265 2587; x_wconf 91' lang='lat' dir='ltr'><strong>prc-</strong></span> 
     </span>
     <span class='ocr_line' id='line_1_27' title="bbox 293 2591 1265 2675; baseline -0.001 -19"><span class='ocrx_word' id='word_1_323' title='bbox 293 2592 394 2675; x_wconf 86' lang='lat' dir='ltr'><strong>pheta</strong></span> <span class='ocrx_word' id='word_1_324' title='bbox 416 2591 626 2675; x_wconf 90' lang='lat' dir='ltr'><strong>reprehendit</strong></span> <span class='ocrx_word' id='word_1_325' title='bbox 649 2601 682 2656; x_wconf 90' lang='lat' dir='ltr'><strong>et</strong></span> <span class='ocrx_word' id='word_1_326' title='bbox 704 2603 850 2671; x_wconf 88' lang='lat' dir='ltr'><strong>accusat,</strong></span> <span class='ocrx_word' id='word_1_327' title='bbox 883 2592 967 2673; x_wconf 91' lang='lat' dir='ltr'><strong>quod</strong></span> <span class='ocrx_word' id='word_1_328' title='bbox 996 2591 1134 2675; x_wconf 91' lang='lat' dir='ltr'><strong>populus</strong></span> <span class='ocrx_word' id='word_1_329' title='bbox 1163 2591 1265 2655; x_wconf 91' lang='lat' dir='ltr'><strong>nihilo</strong></span> 
     </span>
     <span class='ocr_line' id='line_1_28' title="bbox 294 2676 1264 2760; baseline -0.001 -19"><span class='ocrx_word' id='word_1_330' title='bbox 294 2679 408 2742; x_wconf 92' lang='lat' dir='ltr'><strong>melior</strong></span> <span class='ocrx_word' id='word_1_331' title='bbox 429 2678 578 2743; x_wconf 90' lang='lat' dir='ltr'><strong>redditus</strong></span> <span class='ocrx_word' id='word_1_332' title='bbox 600 2680 659 2760; x_wconf 91' lang='lat' dir='ltr'><strong>sit,</strong></span> <span class='ocrx_word' id='word_1_333' title='bbox 695 2700 731 2743; x_wconf 90' lang='lat' dir='ltr'><strong>ac</strong></span> <span class='ocrx_word' id='word_1_334' title='bbox 757 2678 935 2760; x_wconf 89' lang='lat' dir='ltr'><strong>perstiterit</strong></span> <span class='ocrx_word' id='word_1_335' title='bbox 964 2678 999 2741; x_wconf 91' lang='lat' dir='ltr'><strong>in</strong></span> <span class='ocrx_word' id='word_1_336' title='bbox 1030 2676 1175 2758; x_wconf 87' lang='lat' dir='ltr'><strong>nequitia</strong></span> <span class='ocrx_word' id='word_1_337' title='bbox 1197 2699 1264 2741; x_wconf 90' lang='lat' dir='ltr'><strong>sua.</strong></span> 
     </span>
     <span class='ocr_line' id='line_1_29' title="bbox 294 2762 1266 2846; baseline 0 -19"><span class='ocrx_word' id='word_1_338' title='bbox 294 2762 448 2828; x_wconf 88' lang='lat' dir='ltr'><strong>Ostendit</strong></span> <span class='ocrx_word' id='word_1_339' title='bbox 470 2765 557 2828; x_wconf 91' lang='lat' dir='ltr'><strong>cuim</strong></span> <span class='ocrx_word' id='word_1_340' title='bbox 580 2763 768 2846; x_wconf 87' lang='lat' dir='ltr'><strong>desperatos</strong></span> <span class='ocrx_word' id='word_1_341' title='bbox 791 2784 870 2846; x_wconf 89' lang='lat' dir='ltr'><strong>esse,</strong></span> <span class='ocrx_word' id='word_1_342' title='bbox 893 2762 979 2845; x_wconf 92' lang='lat' dir='ltr'><strong>quod</strong></span> <span class='ocrx_word' id='word_1_343' title='bbox 997 2772 1144 2827; x_wconf 84' lang='lat' dir='ltr'><strong>extrema</strong></span> <span class='ocrx_word' id='word_1_344' title='bbox 1161 2784 1266 2827; x_wconf 90' lang='lat' dir='ltr'><strong>reme·</strong></span> 
     </span>
     <span class='ocr_line' id='line_1_30' title="bbox 295 2848 1264 2933; baseline -0.002 -19"><span class='ocrx_word' id='word_1_345' title='bbox 295 2849 348 2914; x_wconf 88' lang='lat' dir='ltr'><strong>dia</strong></span> <span class='ocrx_word' id='word_1_346' title='bbox 371 2870 454 2931; x_wconf 89' lang='lat' dir='ltr'><strong>quae</strong></span> <span class='ocrx_word' id='word_1_347' title='bbox 478 2851 638 2914; x_wconf 90' lang='lat' dir='ltr'><strong>Dominus</strong></span> <span class='ocrx_word' id='word_1_348' title='bbox 660 2861 814 2933; x_wconf 85' lang='lat' dir='ltr'><strong>expertus</strong></span> <span class='ocrx_word' id='word_1_349' title='bbox 836 2858 885 2914; x_wconf 87' lang='lat' dir='ltr'><strong>ost</strong></span> <span class='ocrx_word' id='word_1_350' title='bbox 907 2869 962 2914; x_wconf 86' lang='lat' dir='ltr'><strong>eos</strong></span> <span class='ocrx_word' id='word_1_351' title='bbox 989 2850 1022 2912; x_wconf 93' lang='lat' dir='ltr'><strong>in</strong></span> <span class='ocrx_word' id='word_1_352' title='bbox 1052 2849 1139 2913; x_wconf 90' lang='lat' dir='ltr'><strong>viam</strong></span> <span class='ocrx_word' id='word_1_353' title='bbox 1169 2848 1264 2913; x_wconf 90' lang='lat' dir='ltr'><strong>redu-</strong></span> 
     </span>
     <span class='ocr_line' id='line_1_31' title="bbox 295 2936 653 3015; baseline -0.003 -16"><span class='ocrx_word' id='word_1_354' title='bbox 295 2956 367 3000; x_wconf 88' lang='lat' dir='ltr'><strong>cere</strong></span> <span class='ocrx_word' id='word_1_355' title='bbox 390 2956 455 2997; x_wconf 91' lang='grc' dir='ltr'>ιιοιι</span> <span class='ocrx_word' id='word_1_356' title='bbox 480 2936 653 3015; x_wconf 88' lang='lat' dir='ltr'><strong>potuerint.</strong></span> 
     </span>
    </p>

    <p class='ocr_par' dir='ltr' id='par_1_6' title="bbox 296 3018 1269 3870">
     <span class='ocr_line' id='line_1_32' title="bbox 383 3018 1266 3105; baseline 0.001 -23"><span class='ocrx_word' id='word_1_357' title='bbox 383 3021 433 3084; x_wconf 89' lang='grc'><strong>18.</strong></span> <span class='ocrx_word' id='word_1_358' title='bbox 456 3019 556 3103; x_wconf 72' lang='lat' dir='ltr'><strong>(Viae</strong></span> <span class='ocrx_word' id='word_1_359' title='bbox 578 3023 646 3084; x_wconf 81' lang='lat' dir='ltr'><strong>cius</strong></span> <span class='ocrx_word' id='word_1_360' title='bbox 667 3019 758 3105; x_wconf 70' lang='lat' dir='ltr'><strong>virli.)</strong></span> <span class='ocrx_word' id='word_1_361' title='bbox 792 3020 856 3085; x_wconf 91' lang='lat' dir='ltr'><strong>Hic</strong></span> <span class='ocrx_word' id='word_1_362' title='bbox 880 3020 1041 3085; x_wconf 90' lang='lat' dir='ltr'><strong>Dominus</strong></span> <span class='ocrx_word' id='word_1_363' title='bbox 1064 3041 1107 3084; x_wconf 89' lang='lat' dir='ltr'><strong>ex</strong></span> <span class='ocrx_word' id='word_1_364' title='bbox 1129 3018 1266 3084; x_wconf 88' lang='lat' dir='ltr'><strong>adverso</strong></span> 
     </span>
     <span class='ocr_line' id='line_1_33' title="bbox 297 3103 1266 3187; baseline 0.002 -20"><span class='ocrx_word' id='word_1_365' title='bbox 297 3104 472 3185; x_wconf 85' lang='lat' dir='ltr'><strong>amplificat</strong></span> <span class='ocrx_word' id='word_1_366' title='bbox 503 3104 757 3169; x_wconf 88' lang='lat' dir='ltr'><strong>misericordiam</strong></span> <span class='ocrx_word' id='word_1_367' title='bbox 792 3125 902 3186; x_wconf 85' lang='lat' dir='ltr'><strong>suam,</strong></span> <span class='ocrx_word' id='word_1_368' title='bbox 935 3103 1017 3187; x_wconf 89' lang='lat' dir='ltr'><strong>quod</strong></span> <span class='ocrx_word' id='word_1_369' title='bbox 1051 3106 1107 3170; x_wconf 91' lang='lat' dir='ltr'><strong>isti</strong></span> <span class='ocrx_word' id='word_1_370' title='bbox 1139 3106 1266 3187; x_wconf 90' lang='lat' dir='ltr'><strong>populo,</strong></span> 
     </span>
     <span class='ocr_line' id='line_1_34' title="bbox 296 3190 1266 3272; baseline 0.001 -19"><span class='ocrx_word' id='word_1_371' title='bbox 296 3191 428 3254; x_wconf 90' lang='lat' dir='ltr'><strong>tametsi</strong></span> <span class='ocrx_word' id='word_1_372' title='bbox 446 3190 611 3253; x_wconf 88' lang='lat' dir='ltr'><strong>obstinato</strong></span> <span class='ocrx_word' id='word_1_373' title='bbox 629 3202 662 3254; x_wconf 92' lang='lat' dir='ltr'><strong>et</strong></span> <span class='ocrx_word' id='word_1_374' title='bbox 681 3190 852 3272; x_wconf 86' lang='lat' dir='ltr'><strong>pervicaci,</strong></span> <span class='ocrx_word' id='word_1_375' title='bbox 876 3191 920 3253; x_wconf 91' lang='lat' dir='ltr'><strong>eit</strong></span> <span class='ocrx_word' id='word_1_376' title='bbox 937 3190 1105 3271; x_wconf 90' lang='lat' dir='ltr'><strong>propitius,</strong></span> <span class='ocrx_word' id='word_1_377' title='bbox 1128 3211 1266 3271; x_wconf 88' lang='lat' dir='ltr'><strong>eumque</strong></span> 
     </span>
     <span class='ocr_line' id='line_1_35' title="bbox 296 3274 1267 3358; baseline 0.004 -21"><span class='ocrx_word' id='word_1_378' title='bbox 296 3276 403 3358; x_wconf 89' lang='lat' dir='ltr'><strong>gratia</strong></span> <span class='ocrx_word' id='word_1_379' title='bbox 424 3284 456 3338; x_wconf 89' lang='lat' dir='ltr'><strong>et</strong></span> <span class='ocrx_word' id='word_1_380' title='bbox 479 3276 698 3340; x_wconf 88' lang='lat' dir='ltr'><strong>misericordia</strong></span> <span class='ocrx_word' id='word_1_381' title='bbox 720 3296 779 3339; x_wconf 89' lang='lat' dir='ltr'><strong>sua</strong></span> <span class='ocrx_word' id='word_1_382' title='bbox 802 3276 1002 3358; x_wconf 89' lang='lat' dir='ltr'><strong>praeveniat.</strong></span> <span class='ocrx_word' id='word_1_383' title='bbox 1047 3279 1096 3340; x_wconf 89' lang='lat' dir='ltr'><strong>Au</strong></span> <span class='ocrx_word' id='word_1_384' title='bbox 1123 3275 1151 3339; x_wconf 93' lang='lat' dir='ltr'><strong>si</strong></span> <span class='ocrx_word' id='word_1_385' title='bbox 1180 3274 1267 3341; x_wconf 88' lang='lat' dir='ltr'><strong>dico·</strong></span> 
     </span>
     <span class='ocr_line' id='line_1_36' title="bbox 296 3359 1266 3445; baseline 0 -20"><span class='ocrx_word' id='word_1_386' title='bbox 296 3370 362 3425; x_wconf 88' lang='lat' dir='ltr'><strong>ret:</strong></span> <span class='ocrx_word' id='word_1_387' title='bbox 386 3361 458 3444; x_wconf 83' lang='lat' dir='ltr'><strong>Ego</strong></span> <span class='ocrx_word' id='word_1_388' title='bbox 480 3361 637 3443; x_wconf 88' lang='lat' dir='ltr'><strong>populum</strong></span> <span class='ocrx_word' id='word_1_389' title='bbox 661 3361 748 3425; x_wconf 91' lang='lat' dir='ltr'><strong>hunc</strong></span> <span class='ocrx_word' id='word_1_390' title='bbox 770 3360 910 3445; x_wconf 89' lang='lat' dir='ltr'><strong>flagellis</strong></span> <span class='ocrx_word' id='word_1_391' title='bbox 931 3360 1013 3424; x_wconf 92' lang='lat' dir='ltr'><strong>meis</strong></span> <span class='ocrx_word' id='word_1_392' title='bbox 1036 3359 1075 3424; x_wconf 88' lang='lat' dir='ltr'><strong>ad</strong></span> <span class='ocrx_word' id='word_1_393' title='bbox 1098 3361 1266 3443; x_wconf 90' lang='lat' dir='ltr'><strong>poeniten·</strong></span> 
     </span>
     <span class='ocr_line' id='line_1_37' title="bbox 296 3447 1268 3530; baseline 0.002 -20"><span class='ocrx_word' id='word_1_394' title='bbox 296 3447 376 3511; x_wconf 90' lang='lat' dir='ltr'><strong>tiam</strong></span> <span class='ocrx_word' id='word_1_395' title='bbox 399 3468 552 3512; x_wconf 85' lang='lat' dir='ltr'><strong>revocare</strong></span> <span class='ocrx_word' id='word_1_396' title='bbox 576 3447 666 3511; x_wconf 91' lang='lat' dir='ltr'><strong>nisus</strong></span> <span class='ocrx_word' id='word_1_397' title='bbox 689 3466 778 3511; x_wconf 88' lang='lat' dir='ltr'><strong>sum:</strong></span> <span class='ocrx_word' id='word_1_398' title='bbox 802 3467 901 3528; x_wconf 92' lang='lat' dir='ltr'><strong>quum</strong></span> <span class='ocrx_word' id='word_1_399' title='bbox 920 3465 1073 3528; x_wconf 88' lang='lat' dir='ltr'><strong>praeceps</strong></span> <span class='ocrx_word' id='word_1_400' title='bbox 1092 3447 1125 3509; x_wconf 94' lang='lat' dir='ltr'><strong>in</strong></span> <span class='ocrx_word' id='word_1_401' title='bbox 1148 3447 1268 3530; x_wconf 88' lang='lat' dir='ltr'><strong>cupidi-</strong></span> 
     </span>
     <span class='ocr_line' id='line_1_38' title="bbox 296 3531 1268 3597; baseline 0 0"><span class='ocrx_word' id='word_1_402' title='bbox 296 3542 381 3597; x_wconf 89' lang='lat' dir='ltr'><strong>tates</strong></span> <span class='ocrx_word' id='word_1_403' title='bbox 403 3553 480 3597; x_wconf 87' lang='lat' dir='ltr'><strong>suas</strong></span> <span class='ocrx_word' id='word_1_404' title='bbox 511 3542 636 3597; x_wconf 89' lang='lat' dir='ltr'><strong>rueret:</strong></span> <span class='ocrx_word' id='word_1_405' title='bbox 670 3531 727 3597; x_wconf 89' lang='lat' dir='ltr'><strong>sod</strong></span> <span class='ocrx_word' id='word_1_406' title='bbox 755 3540 978 3596; x_wconf 87' lang='lat' dir='ltr'><strong>contumacem</strong></span> <span class='ocrx_word' id='word_1_407' title='bbox 1010 3541 1044 3594; x_wconf 93' lang='lat' dir='ltr'><strong>et</strong></span> <span class='ocrx_word' id='word_1_408' title='bbox 1072 3531 1268 3597; x_wconf 89' lang='lat' dir='ltr'><strong>indomitum</strong></span> 
     </span>
     <span class='ocr_line' id='line_1_39' title="bbox 297 3617 1269 3701; baseline -0.002 -17"><span class='ocrx_word' id='word_1_409' title='bbox 297 3639 332 3684; x_wconf 91' lang='lat' dir='ltr'><strong>se</strong></span> <span class='ocrx_word' id='word_1_410' title='bbox 354 3618 520 3700; x_wconf 88' lang='lat' dir='ltr'><strong>praebuit:</strong></span> <span class='ocrx_word' id='word_1_411' title='bbox 545 3619 627 3682; x_wconf 93' lang='lat' dir='ltr'><strong>nihil</strong></span> <span class='ocrx_word' id='word_1_412' title='bbox 650 3617 782 3701; x_wconf 88' lang='lat' dir='ltr'><strong>profeci.</strong></span> <span class='ocrx_word' id='word_1_413' title='bbox 823 3618 958 3681; x_wconf 91' lang='lat' dir='ltr'><strong>Possem</strong></span> <span class='ocrx_word' id='word_1_414' title='bbox 982 3617 1131 3700; x_wconf 89' lang='lat' dir='ltr'><strong>equidem</strong></span> <span class='ocrx_word' id='word_1_415' title='bbox 1153 3621 1269 3683; x_wconf 90' lang='lat' dir='ltr'><strong>merito</strong></span> 
     </span>
     <span class='ocr_line' id='line_1_40' title="bbox 297 3703 1267 3784; baseline 0.002 -17"><span class='ocrx_word' id='word_1_416' title='bbox 297 3705 404 3784; x_wconf 90' lang='lat' dir='ltr'><strong>ipsum</strong></span> <span class='ocrx_word' id='word_1_417' title='bbox 439 3703 591 3784; x_wconf 87' lang='lat' dir='ltr'><strong>perdere:</strong></span> <span class='ocrx_word' id='word_1_418' title='bbox 630 3704 689 3768; x_wconf 88' lang='lat' dir='ltr'><strong>sed</strong></span> <span class='ocrx_word' id='word_1_419' title='bbox 721 3724 838 3768; x_wconf 86' lang='lat' dir='ltr'><strong>sanare</strong></span> <span class='ocrx_word' id='word_1_420' title='bbox 873 3711 906 3767; x_wconf 89' lang='lat' dir='ltr'><strong>et</strong></span> <span class='ocrx_word' id='word_1_421' title='bbox 942 3723 1136 3768; x_wconf 87' lang='lat' dir='ltr'><strong>conservare</strong></span> <span class='ocrx_word' id='word_1_422' title='bbox 1173 3704 1267 3770; x_wconf 89' lang='lat' dir='ltr'><strong>malo.</strong></span> 
     </span>
     <span class='ocr_line' id='line_1_41' title="bbox 297 3788 1268 3870; baseline 0.003 -19"><span class='ocrx_word' id='word_1_423' title='bbox 297 3788 371 3852; x_wconf 92' lang='lat' dir='ltr'><strong>Hoc</strong></span> <span class='ocrx_word' id='word_1_424' title='bbox 393 3799 503 3851; x_wconf 88' lang='lat' dir='ltr'><strong>antem</strong></span> <span class='ocrx_word' id='word_1_425' title='bbox 526 3790 596 3852; x_wconf 88' lang='lat' dir='ltr'><strong>fieri</strong></span> <span class='ocrx_word' id='word_1_426' title='bbox 621 3811 685 3852; x_wconf 91' lang='lat' dir='ltr'><strong>non</strong></span> <span class='ocrx_word' id='word_1_427' title='bbox 709 3799 813 3870; x_wconf 89' lang='lat' dir='ltr'><strong>potest</strong></span> <span class='ocrx_word' id='word_1_428' title='bbox 836 3789 900 3853; x_wconf 91' lang='lat' dir='ltr'><strong>nisi</strong></span> <span class='ocrx_word' id='word_1_429' title='bbox 925 3809 1055 3854; x_wconf 90' lang='lat' dir='ltr'><strong>summa</strong></span> <span class='ocrx_word' id='word_1_430' title='bbox 1083 3798 1116 3854; x_wconf 91' lang='lat' dir='ltr'><strong>et</strong></span> <span class='ocrx_word' id='word_1_431' title='bbox 1145 3789 1268 3854; x_wconf 91' lang='lat' dir='ltr'><strong>iucom-</strong></span> 
     </span>
    </p>
   </div>
   <div class='ocr_carea' id='block_1_5' title="bbox 1317 2332 2293 3873">
    <p class='ocr_par' dir='ltr' id='par_1_7' title="bbox 1317 2332 2292 3530">
     <span class='ocr_line' id='line_1_42' title="bbox 1318 2332 2290 2416; baseline 0.001 -19"><span class='ocrx_word' id='word_1_432' title='bbox 1318 2334 1450 2397; x_wconf 88' lang='lat' dir='ltr'><strong>nuntioe</strong></span> <span class='ocrx_word' id='word_1_433' title='bbox 1472 2333 1512 2398; x_wconf 92' lang='lat' dir='ltr'><strong>de</strong></span> <span class='ocrx_word' id='word_1_434' title='bbox 1535 2354 1623 2415; x_wconf 92' lang='lat' dir='ltr'><strong>pace,</strong></span> <span class='ocrx_word' id='word_1_435' title='bbox 1647 2357 1665 2398; x_wconf 90' lang='lat' dir='ltr'><strong>a</strong></span> <span class='ocrx_word' id='word_1_436' title='bbox 1688 2335 1805 2416; x_wconf 91' lang='lat' dir='ltr'><strong>quibus</strong></span> <span class='ocrx_word' id='word_1_437' title='bbox 1828 2332 2063 2398; x_wconf 87' lang='lat' dir='ltr'><strong>exhilarentur.</strong></span> <span class='ocrx_word' id='word_1_438' title='bbox 2097 2332 2183 2397; x_wconf 85' lang='lat' dir='ltr'><strong>Mihi</strong></span> <span class='ocrx_word' id='word_1_439' title='bbox 2205 2335 2290 2398; x_wconf 91' lang='lat' dir='ltr'><strong>enim</strong></span> 
     </span>
     <span class='ocr_line' id='line_1_43' title="bbox 1317 2416 2290 2502; baseline 0.002 -21"><span class='ocrx_word' id='word_1_440' title='bbox 1317 2419 1404 2500; x_wconf 91' lang='lat' dir='ltr'><strong>loqui</strong></span> <span class='ocrx_word' id='word_1_441' title='bbox 1418 2418 1549 2482; x_wconf 90' lang='lat' dir='ltr'><strong>videtur</strong></span> <span class='ocrx_word' id='word_1_442' title='bbox 1565 2419 1603 2483; x_wconf 92' lang='lat' dir='ltr'><strong>de</strong></span> <span class='ocrx_word' id='word_1_443' title='bbox 1619 2420 1838 2502; x_wconf 87' lang='lat' dir='ltr'><strong>publicatione</strong></span> <span class='ocrx_word' id='word_1_444' title='bbox 1853 2420 1950 2502; x_wconf 87' lang='lat' dir='ltr'><strong>pacis,</strong></span> <span class='ocrx_word' id='word_1_445' title='bbox 1967 2416 2053 2501; x_wconf 94' lang='lat' dir='ltr'><strong>quod</strong></span> <span class='ocrx_word' id='word_1_446' title='bbox 2068 2419 2290 2484; x_wconf 90' lang='lat' dir='ltr'><strong>ministerium</strong></span> 
     </span>
     <span class='ocr_line' id='line_1_44' title="bbox 1318 2502 2292 2587; baseline 0 -19"><span class='ocrx_word' id='word_1_447' title='bbox 1318 2506 1484 2587; x_wconf 90' lang='lat' dir='ltr'><strong>prophetis</strong></span> <span class='ocrx_word' id='word_1_448' title='bbox 1505 2507 1712 2570; x_wconf 85' lang='lat' dir='ltr'><strong>commissum</strong></span> <span class='ocrx_word' id='word_1_449' title='bbox 1739 2513 1824 2570; x_wconf 87' lang='lat' dir='ltr'><strong>erat:</strong></span> <span class='ocrx_word' id='word_1_450' title='bbox 1859 2526 1897 2570; x_wconf 90' lang='lat' dir='ltr'><strong>ac</strong></span> <span class='ocrx_word' id='word_1_451' title='bbox 1926 2502 2042 2569; x_wconf 88' lang='lat' dir='ltr'><strong>deinde</strong></span> <span class='ocrx_word' id='word_1_452' title='bbox 2073 2504 2232 2586; x_wconf 85' lang='lat' dir='ltr'><strong>apostolis</strong></span> <span class='ocrx_word' id='word_1_453' title='bbox 2259 2516 2292 2568; x_wconf 90' lang='lat' dir='ltr'><strong>et</strong></span> 
     </span>
     <span class='ocr_line' id='line_1_45' title="bbox 1317 2589 2292 2675; baseline 0.001 -21"><span class='ocrx_word' id='word_1_454' title='bbox 1317 2592 1391 2654; x_wconf 91' lang='lat' dir='ltr'><strong>aliis</strong></span> <span class='ocrx_word' id='word_1_455' title='bbox 1413 2592 1573 2656; x_wconf 89' lang='lat' dir='ltr'><strong>ministris</strong></span> <span class='ocrx_word' id='word_1_456' title='bbox 1596 2592 1757 2675; x_wconf 86' lang='lat' dir='ltr'><strong>evangelii</strong></span> <span class='ocrx_word' id='word_1_457' title='bbox 1779 2590 1971 2655; x_wconf 89' lang='lat' dir='ltr'><strong>mandatnm</strong></span> <span class='ocrx_word' id='word_1_458' title='bbox 1993 2599 2060 2654; x_wconf 90' lang='lat' dir='ltr'><strong>est:</strong></span> <span class='ocrx_word' id='word_1_459' title='bbox 2083 2589 2183 2655; x_wconf 87' lang='lat' dir='ltr'><strong>sicuti</strong></span> <span class='ocrx_word' id='word_1_460' title='bbox 2202 2590 2292 2655; x_wconf 84' lang='lat' dir='ltr'><strong>docet</strong></span> 
     </span>
     <span class='ocr_line' id='line_1_46' title="bbox 1319 2675 2291 2761; baseline 0 -22"><span class='ocrx_word' id='word_1_461' title='bbox 1319 2677 1442 2740; x_wconf 86' lang='lat' dir='ltr'><strong>Paulus</strong></span> <span class='ocrx_word' id='word_1_462' title='bbox 1470 2675 1514 2761; x_wconf 84' lang='lat'><strong>(2.</strong></span> <span class='ocrx_word' id='word_1_463' title='bbox 1538 2677 1610 2742; x_wconf 82' lang='lat' dir='ltr'><strong>(lor.</strong></span> <span class='ocrx_word' id='word_1_464' title='bbox 1635 2678 1665 2756; x_wconf 84' lang='lat'><strong>5,</strong></span> <span class='ocrx_word' id='word_1_465' title='bbox 1688 2678 1760 2757; x_wconf 80' lang='lat'><strong>20),</strong></span> <span class='ocrx_word' id='word_1_466' title='bbox 1800 2678 1889 2758; x_wconf 89' lang='lat' dir='ltr'><strong>ipsos</strong></span> <span class='ocrx_word' id='word_1_467' title='bbox 1919 2676 2080 2758; x_wconf 79' lang='lat' dir='ltr'><strong>legatione</strong></span> <span class='ocrx_word' id='word_1_468' title='bbox 2110 2677 2206 2760; x_wconf 87' lang='lat' dir='ltr'><strong>lungi</strong></span> <span class='ocrx_word' id='word_1_469' title='bbox 2235 2696 2291 2759; x_wconf 92' lang='lat' dir='ltr'><strong>pro</strong></span> 
     </span>
     <span class='ocr_line' id='line_1_47' title="bbox 1319 2760 2291 2843; baseline -0.004 -14"><span class='ocrx_word' id='word_1_470' title='bbox 1319 2761 1459 2839; x_wconf 82' lang='lat' dir='ltr'><strong>Christo,</strong></span> <span class='ocrx_word' id='word_1_471' title='bbox 1482 2762 1523 2826; x_wconf 87' lang='lat' dir='ltr'><strong>ad</strong></span> <span class='ocrx_word' id='word_1_472' title='bbox 1547 2762 1804 2829; x_wconf 88' lang='lat' dir='ltr'><strong>reconciliandos</strong></span> <span class='ocrx_word' id='word_1_473' title='bbox 1826 2763 1976 2830; x_wconf 89' lang='lat' dir='ltr'><strong>homiues</strong></span> <span class='ocrx_word' id='word_1_474' title='bbox 1998 2760 2079 2826; x_wconf 87' lang='lat' dir='ltr'><strong>Deo.</strong></span> <span class='ocrx_word' id='word_1_475' title='bbox 2125 2762 2291 2843; x_wconf 88' lang='lat' dir='ltr'><strong>Repetitio</strong></span> 
     </span>
     <span class='ocr_line' id='line_1_48' title="bbox 1318 2846 2290 2931; baseline -0.002 -19"><span class='ocrx_word' id='word_1_476' title='bbox 1318 2849 1353 2912; x_wconf 92' lang='lat' dir='ltr'><strong>in</strong></span> <span class='ocrx_word' id='word_1_477' title='bbox 1378 2868 1453 2913; x_wconf 89' lang='lat' dir='ltr'><strong>voce</strong></span> <span class='ocrx_word' id='word_1_478' title='bbox 1475 2849 1565 2931; x_wconf 87' lang='lat' dir='ltr'><strong>pacis</strong></span> <span class='ocrx_word' id='word_1_479' title='bbox 1588 2869 1653 2913; x_wconf 93' lang='lat' dir='ltr'><strong>non</strong></span> <span class='ocrx_word' id='word_1_480' title='bbox 1675 2848 1771 2914; x_wconf 88' lang='lat' dir='ltr'><strong>modo</strong></span> <span class='ocrx_word' id='word_1_481' title='bbox 1793 2848 1834 2911; x_wconf 90' lang='lat' dir='ltr'><strong>ad</strong></span> <span class='ocrx_word' id='word_1_482' title='bbox 1856 2846 2103 2925; x_wconf 89' lang='lat' dir='ltr'><strong>certitudinem,</strong></span> <span class='ocrx_word' id='word_1_483' title='bbox 2135 2848 2195 2912; x_wconf 89' lang='lat' dir='ltr'><strong>sed</strong></span> <span class='ocrx_word' id='word_1_484' title='bbox 2216 2867 2290 2913; x_wconf 90' lang='lat' dir='ltr'><strong>oon·</strong></span> 
     </span>
     <span class='ocr_line' id='line_1_49' title="bbox 1319 2932 2291 3008; baseline 0 -12"><span class='ocrx_word' id='word_1_485' title='bbox 1319 2936 1448 2998; x_wconf 91' lang='lat' dir='ltr'><strong>tinuum</strong></span> <span class='ocrx_word' id='word_1_486' title='bbox 1470 2935 1568 2998; x_wconf 90' lang='lat' dir='ltr'><strong>etiam</strong></span> <span class='ocrx_word' id='word_1_487' title='bbox 1592 2946 1735 2998; x_wconf 86' lang='lat' dir='ltr'><strong>tenorem</strong></span> <span class='ocrx_word' id='word_1_488' title='bbox 1760 2933 1940 2998; x_wconf 89' lang='lat' dir='ltr'><strong>notandum</strong></span> <span class='ocrx_word' id='word_1_489' title='bbox 1961 2932 2062 3008; x_wconf 83' lang='lat' dir='ltr'><strong>valet,</strong></span> <span class='ocrx_word' id='word_1_490' title='bbox 2093 2954 2132 2999; x_wconf 88' lang='lat' dir='ltr'><strong>ac</strong></span> <span class='ocrx_word' id='word_1_491' title='bbox 2154 2936 2184 2998; x_wconf 92' lang='lat' dir='ltr'><strong>si</strong></span> <span class='ocrx_word' id='word_1_492' title='bbox 2207 2933 2291 2997; x_wconf 87' lang='lat' dir='ltr'><strong>dice·</strong></span> 
     </span>
     <span class='ocr_line' id='line_1_50' title="bbox 1318 3017 2292 3103; baseline 0 -20"><span class='ocrx_word' id='word_1_493' title='bbox 1318 3026 1385 3083; x_wconf 91' lang='lat' dir='ltr'><strong>ret:</strong></span> <span class='ocrx_word' id='word_1_494' title='bbox 1418 3018 1510 3083; x_wconf 91' lang='lat' dir='ltr'><strong>Nihil</strong></span> <span class='ocrx_word' id='word_1_495' title='bbox 1546 3042 1632 3085; x_wconf 88' lang='lat' dir='ltr'><strong>nuuc</strong></span> <span class='ocrx_word' id='word_1_496' title='bbox 1665 3020 1786 3085; x_wconf 90' lang='lat' dir='ltr'><strong>auditis</strong></span> <span class='ocrx_word' id='word_1_497' title='bbox 1819 3030 1948 3103; x_wconf 89' lang='lat' dir='ltr'><strong>praeter</strong></span> <span class='ocrx_word' id='word_1_498' title='bbox 1975 3017 2149 3084; x_wconf 90' lang='lat' dir='ltr'><strong>horribiles</strong></span> <span class='ocrx_word' id='word_1_499' title='bbox 2179 3021 2292 3084; x_wconf 85' lang='lat' dir='ltr'><strong>minas</strong></span> 
     </span>
     <span class='ocr_line' id='line_1_51' title="bbox 1319 3104 2292 3189; baseline -0.002 -19"><span class='ocrx_word' id='word_1_500' title='bbox 1319 3105 1404 3170; x_wconf 83' lang='lat' dir='ltr'><strong>Silet</strong></span> <span class='ocrx_word' id='word_1_501' title='bbox 1436 3104 1582 3170; x_wconf 90' lang='lat' dir='ltr'><strong>doctrina</strong></span> <span class='ocrx_word' id='word_1_502' title='bbox 1614 3108 1739 3189; x_wconf 83' lang='lat' dir='ltr'><strong>gratiae</strong></span> <span class='ocrx_word' id='word_1_503' title='bbox 1772 3114 1806 3169; x_wconf 91' lang='lat' dir='ltr'><strong>et</strong></span> <span class='ocrx_word' id='word_1_504' title='bbox 1838 3106 1969 3171; x_wconf 83' lang='lat' dir='ltr'><strong>salutis:</strong></span> <span class='ocrx_word' id='word_1_505' title='bbox 2003 3104 2081 3187; x_wconf 89' lang='lat' dir='ltr'><strong>quia</strong></span> <span class='ocrx_word' id='word_1_506' title='bbox 2114 3126 2181 3170; x_wconf 90' lang='lat' dir='ltr'><strong>nou</strong></span> <span class='ocrx_word' id='word_1_507' title='bbox 2215 3106 2292 3170; x_wconf 87' lang='lat' dir='ltr'><strong>estis</strong></span> 
     </span>
     <span class='ocr_line' id='line_1_52' title="bbox 1319 3190 2290 3272; baseline 0.002 -19"><span class='ocrx_word' id='word_1_508' title='bbox 1319 3210 1460 3272; x_wconf 85' lang='lat' dir='ltr'><strong>capuces.</strong></span> <span class='ocrx_word' id='word_1_509' title='bbox 1506 3192 1626 3254; x_wconf 79' lang='lat' dir='ltr'><strong>Esset</strong></span> <span class='ocrx_word' id='word_1_510' title='bbox 1655 3192 1858 3257; x_wconf 86' lang='lat' dir='ltr'><strong>contumacia</strong></span> <span class='ocrx_word' id='word_1_511' title='bbox 1885 3201 2010 3268; x_wconf 88' lang='lat' dir='ltr'><strong>vestra,</strong></span> <span class='ocrx_word' id='word_1_512' title='bbox 2044 3201 2082 3254; x_wconf 88' lang='lat' dir='ltr'><strong>ut</strong></span> <span class='ocrx_word' id='word_1_513' title='bbox 2112 3190 2290 3256; x_wconf 89' lang='lat' dir='ltr'><strong>terroribus</strong></span> 
     </span>
     <span class='ocr_line' id='line_1_53' title="bbox 1319 3274 2291 3361; baseline 0.001 -21"><span class='ocrx_word' id='word_1_514' title='bbox 1319 3287 1353 3340; x_wconf 91' lang='lat' dir='ltr'><strong>et</strong></span> <span class='ocrx_word' id='word_1_515' title='bbox 1385 3277 1482 3340; x_wconf 92' lang='lat' dir='ltr'><strong>minis</strong></span> <span class='ocrx_word' id='word_1_516' title='bbox 1514 3278 1678 3342; x_wconf 87' lang='lat' dir='ltr'><strong>vobiscum</strong></span> <span class='ocrx_word' id='word_1_517' title='bbox 1714 3278 1874 3361; x_wconf 88' lang='lat' dir='ltr'><strong>agendum</strong></span> <span class='ocrx_word' id='word_1_518' title='bbox 1907 3278 1960 3343; x_wconf 87' lang='lat' dir='ltr'><strong>sit.</strong></span> <span class='ocrx_word' id='word_1_519' title='bbox 2015 3274 2082 3342; x_wconf 84' lang='lat' dir='ltr'><strong>Sed</strong></span> <span class='ocrx_word' id='word_1_520' title='bbox 2116 3276 2291 3359; x_wconf 86' lang='lat' dir='ltr'><strong>aliquando</strong></span> 
     </span>
     <span class='ocr_line' id='line_1_54' title="bbox 1320 3360 2292 3445; baseline 0.004 -21"><span class='ocrx_word' id='word_1_521' title='bbox 1320 3362 1488 3425; x_wconf 91' lang='lat' dir='ltr'><strong>restituam</strong></span> <span class='ocrx_word' id='word_1_522' title='bbox 1519 3361 1699 3428; x_wconf 88' lang='lat' dir='ltr'><strong>doctrinam</strong></span> <span class='ocrx_word' id='word_1_523' title='bbox 1734 3365 1839 3445; x_wconf 85' lang='lat' dir='ltr'><strong>pacis:</strong></span> <span class='ocrx_word' id='word_1_524' title='bbox 1873 3373 1905 3428; x_wconf 91' lang='lat' dir='ltr'><strong>et</strong></span> <span class='ocrx_word' id='word_1_525' title='bbox 1938 3362 2025 3427; x_wconf 90' lang='lat' dir='ltr'><strong>labia</strong></span> <span class='ocrx_word' id='word_1_526' title='bbox 2057 3360 2292 3445; x_wconf 82' lang='lat' dir='ltr'><strong>prophetarum</strong></span> 
     </span>
     <span class='ocr_line' id='line_1_55' title="bbox 1319 3447 2018 3530; baseline 0.003 -20"><span class='ocrx_word' id='word_1_527' title='bbox 1319 3447 1471 3529; x_wconf 86' lang='lat' dir='ltr'><strong>aperiam,</strong></span> <span class='ocrx_word' id='word_1_528' title='bbox 1495 3450 1550 3529; x_wconf 93' lang='lat' dir='ltr'><strong>qui</strong></span> <span class='ocrx_word' id='word_1_529' title='bbox 1573 3450 1676 3530; x_wconf 90' lang='lat' dir='ltr'><strong>ipsam</strong></span> <span class='ocrx_word' id='word_1_530' title='bbox 1701 3449 1791 3514; x_wconf 87' lang='lat' dir='ltr'><strong>vobis</strong></span> <span class='ocrx_word' id='word_1_531' title='bbox 1814 3451 2018 3513; x_wconf 87' lang='lat' dir='ltr'><strong>annuntient.</strong></span> 
     </span>
    </p>

    <p class='ocr_par' dir='ltr' id='par_1_8' title="bbox 1320 3531 2293 3873">
     <span class='ocr_line' id='line_1_56' title="bbox 1405 3531 2292 3620; baseline 0.002 -24"><span class='ocrx_word' id='word_1_532' title='bbox 1405 3531 1639 3620; x_wconf 71' lang='lat' dir='ltr'><strong>(Longinquis.)</strong></span> <span class='ocrx_word' id='word_1_533' title='bbox 1683 3535 1754 3601; x_wconf 89' lang='lat' dir='ltr'><strong>Hoc</strong></span> <span class='ocrx_word' id='word_1_534' title='bbox 1776 3534 1848 3599; x_wconf 89' lang='lat' dir='ltr'><strong>ideo</strong></span> <span class='ocrx_word' id='word_1_535' title='bbox 1871 3534 2016 3600; x_wconf 91' lang='lat' dir='ltr'><strong>additum</strong></span> <span class='ocrx_word' id='word_1_536' title='bbox 2040 3538 2100 3611; x_wconf 89' lang='lat' dir='ltr'><strong>est,</strong></span> <span class='ocrx_word' id='word_1_537' title='bbox 2129 3532 2218 3615; x_wconf 90' lang='lat' dir='ltr'><strong>quod</strong></span> <span class='ocrx_word' id='word_1_538' title='bbox 2239 3553 2292 3617; x_wconf 93' lang='lat' dir='ltr'><strong>po·</strong></span> 
     </span>
     <span class='ocr_line' id='line_1_57' title="bbox 1320 3618 2291 3702; baseline 0.001 -20"><span class='ocrx_word' id='word_1_539' title='bbox 1320 3618 1417 3702; x_wconf 91' lang='lat' dir='ltr'><strong>pulue</strong></span> <span class='ocrx_word' id='word_1_540' title='bbox 1446 3623 1502 3701; x_wconf 93' lang='lat' dir='ltr'><strong>qui</strong></span> <span class='ocrx_word' id='word_1_541' title='bbox 1530 3620 1562 3683; x_wconf 94' lang='lat' dir='ltr'><strong>in</strong></span> <span class='ocrx_word' id='word_1_542' title='bbox 1591 3620 1743 3685; x_wconf 87' lang='lat' dir='ltr'><strong>exsilium</strong></span> <span class='ocrx_word' id='word_1_543' title='bbox 1773 3619 1932 3686; x_wconf 88' lang='lat' dir='ltr'><strong>abductus</strong></span> <span class='ocrx_word' id='word_1_544' title='bbox 1962 3628 2046 3696; x_wconf 87' lang='lat' dir='ltr'><strong>erut,</strong></span> <span class='ocrx_word' id='word_1_545' title='bbox 2077 3619 2158 3685; x_wconf 88' lang='lat' dir='ltr'><strong>haec</strong></span> <span class='ocrx_word' id='word_1_546' title='bbox 2188 3618 2230 3684; x_wconf 86' lang='lat' dir='ltr'><strong>ad</strong></span> <span class='ocrx_word' id='word_1_547' title='bbox 2257 3639 2291 3683; x_wconf 91' lang='lat' dir='ltr'><strong>se</strong></span> 
     </span>
     <span class='ocr_line' id='line_1_58' title="bbox 1320 3702 2292 3788; baseline 0.001 -20"><span class='ocrx_word' id='word_1_548' title='bbox 1320 3706 1485 3787; x_wconf 90' lang='lat' dir='ltr'><strong>pertinere</strong></span> <span class='ocrx_word' id='word_1_549' title='bbox 1507 3726 1571 3770; x_wconf 93' lang='lat' dir='ltr'><strong>non</strong></span> <span class='ocrx_word' id='word_1_550' title='bbox 1594 3715 1739 3788; x_wconf 89' lang='lat' dir='ltr'><strong>putaret,</strong></span> <span class='ocrx_word' id='word_1_551' title='bbox 1774 3707 1851 3788; x_wconf 91' lang='lat' dir='ltr'><strong>quia</strong></span> <span class='ocrx_word' id='word_1_552' title='bbox 1878 3706 1974 3788; x_wconf 91' lang='lat' dir='ltr'><strong>longe</strong></span> <span class='ocrx_word' id='word_1_553' title='bbox 2003 3706 2133 3770; x_wconf 85' lang='lat' dir='ltr'><strong>aberat:</strong></span> <span class='ocrx_word' id='word_1_554' title='bbox 2165 3703 2225 3770; x_wconf 89' lang='lat' dir='ltr'><strong>sed</strong></span> <span class='ocrx_word' id='word_1_555' title='bbox 2251 3702 2292 3769; x_wconf 82' lang='lat' dir='ltr'><strong>ad</strong></span> 
     </span>
     <span class='ocr_line' id='line_1_59' title="bbox 1320 3791 2293 3873; baseline -0.002 -17"><span class='ocrx_word' id='word_1_556' title='bbox 1320 3811 1374 3856; x_wconf 90' lang='lat' dir='ltr'><strong>eos</strong></span> <span class='ocrx_word' id='word_1_557' title='bbox 1404 3791 1541 3856; x_wconf 83' lang='lat' dir='ltr'><strong>fortasse</strong></span> <span class='ocrx_word' id='word_1_558' title='bbox 1570 3795 1624 3873; x_wconf 93' lang='lat' dir='ltr'><strong>qui</strong></span> <span class='ocrx_word' id='word_1_559' title='bbox 1655 3793 1742 3857; x_wconf 94' lang='lat' dir='ltr'><strong>domi</strong></span> <span class='ocrx_word' id='word_1_560' title='bbox 1772 3801 1875 3857; x_wconf 90' lang='lat' dir='ltr'><strong>erant.</strong></span> <span class='ocrx_word' id='word_1_561' title='bbox 1926 3791 2011 3857; x_wconf 88' lang='lat' dir='ltr'><strong>Nam</strong></span> <span class='ocrx_word' id='word_1_562' title='bbox 2040 3791 2197 3856; x_wconf 87' lang='lat' dir='ltr'><strong>exsilium</strong></span> <span class='ocrx_word' id='word_1_563' title='bbox 2223 3800 2293 3855; x_wconf 85' lang='lat' dir='ltr'><strong>orat</strong></span> 
     </span>
    </p>
   </div>
   <div class='ocr_carea' id='block_1_6' title="bbox 297 3872 2319 5330">
    <p class='ocr_par' dir='ltr' id='par_1_9' title="bbox 297 3872 2319 5330">
     <span class='ocr_line' id='line_1_60' title="bbox 297 3872 2292 3960; baseline 0.003 -26"><span class='ocrx_word' id='word_1_564' title='bbox 297 3872 434 3954; x_wconf 87' lang='lat' dir='ltr'><strong>parabili</strong></span> <span class='ocrx_word' id='word_1_565' title='bbox 474 3874 703 3938; x_wconf 88' lang='lat' dir='ltr'><strong>misericordia.</strong></span> <span class='ocrx_word' id='word_1_566' title='bbox 771 3874 925 3939; x_wconf 91' lang='lat' dir='ltr'><strong>Desinam</strong></span> <span class='ocrx_word' id='word_1_567' title='bbox 965 3895 1043 3958; x_wconf 88' lang='lat' dir='ltr'><strong>ergo</strong></span> <span class='ocrx_word' id='word_1_568' title='bbox 1081 3874 1117 3938; x_wconf 92' lang='lat' dir='ltr'><strong>in</strong></span> <span class='ocrx_word' id='word_1_569' title='bbox 1162 3877 1269 3957; x_wconf 89' lang='lat' dir='ltr'><strong>ipsum</strong></span> <span class='ocrx_word' id='word_1_570' title='bbox 1320 3877 1424 3940; x_wconf 89' lang='lat' dir='ltr'><strong>veluti</strong></span> <span class='ocrx_word' id='word_1_571' title='bbox 1456 3878 1578 3960; x_wconf 88' lang='lat' dir='ltr'><strong>species</strong></span> <span class='ocrx_word' id='word_1_572' title='bbox 1611 3877 1832 3942; x_wconf 86' lang='lat' dir='ltr'><strong>abdicationis.</strong></span> <span class='ocrx_word' id='word_1_573' title='bbox 1881 3878 1982 3960; x_wconf 90' lang='lat' dir='ltr'><strong>Atqui</strong></span> <span class='ocrx_word' id='word_1_574' title='bbox 2017 3875 2193 3941; x_wconf 88' lang='lat' dir='ltr'><strong>denuntiat</strong></span> <span class='ocrx_word' id='word_1_575' title='bbox 2223 3896 2292 3959; x_wconf 80' lang='lat' dir='ltr'><strong>pro</strong></span> 
     </span>
     <span class='ocr_line' id='line_1_61' title="bbox 300 3958 2293 4047; baseline 0.002 -26"><span class='ocrx_word' id='word_1_576' title='bbox 300 3958 570 4022; x_wconf 80' lang='lat' dir='ltr'><strong>animadvertere.</strong></span> <span class='ocrx_word' id='word_1_577' title='bbox 622 3958 765 4023; x_wconf 90' lang='lat' dir='ltr'><strong>Proinde</strong></span> <span class='ocrx_word' id='word_1_578' title='bbox 798 3959 959 4042; x_wconf 84' lang='lat' dir='ltr'><strong>gradatim</strong></span> <span class='ocrx_word' id='word_1_579' title='bbox 999 3959 1176 4042; x_wconf 88' lang='lat' dir='ltr'><strong>amplificat</strong></span> <span class='ocrx_word' id='word_1_580' title='bbox 1207 3962 1269 4024; x_wconf 93' lang='lat' dir='ltr'><strong>mi·</strong></span> <span class='ocrx_word' id='word_1_581' title='bbox 1321 3962 1436 4043; x_wconf 88' lang='lat' dir='ltr'><strong>pheta,</strong></span> <span class='ocrx_word' id='word_1_582' title='bbox 1464 3965 1674 4044; x_wconf 88' lang='lat' dir='ltr'><strong>quantumvis</strong></span> <span class='ocrx_word' id='word_1_583' title='bbox 1697 3964 1793 4047; x_wconf 91' lang='lat' dir='ltr'><strong>longe</strong></span> <span class='ocrx_word' id='word_1_584' title='bbox 1816 3963 1920 4028; x_wconf 91' lang='lat' dir='ltr'><strong>dissiti</strong></span> <span class='ocrx_word' id='word_1_585' title='bbox 1942 3965 2026 4041; x_wconf 87' lang='lat' dir='ltr'><strong>sint,</strong></span> <span class='ocrx_word' id='word_1_586' title='bbox 2060 3962 2160 4027; x_wconf 90' lang='lat' dir='ltr'><strong>huius</strong></span> <span class='ocrx_word' id='word_1_587' title='bbox 2183 3970 2293 4027; x_wconf 86' lang='lat' dir='ltr'><strong>tamen</strong></span> 
     </span>
     <span class='ocr_line' id='line_1_62' title="bbox 300 4042 2293 4130; baseline 0.003 -22"><span class='ocrx_word' id='word_1_588' title='bbox 300 4042 506 4108; x_wconf 86' lang='lat' dir='ltr'><strong>sericordiam</strong></span> <span class='ocrx_word' id='word_1_589' title='bbox 530 4044 603 4119; x_wconf 93' lang='lat' dir='ltr'><strong>Dei,</strong></span> <span class='ocrx_word' id='word_1_590' title='bbox 634 4066 729 4126; x_wconf 93' lang='lat' dir='ltr'><strong>quem</strong></span> <span class='ocrx_word' id='word_1_591' title='bbox 752 4045 842 4108; x_wconf 90' lang='lat' dir='ltr'><strong>velut</strong></span> <span class='ocrx_word' id='word_1_592' title='bbox 864 4044 1026 4110; x_wconf 91' lang='lat' dir='ltr'><strong>medicum</strong></span> <span class='ocrx_word' id='word_1_593' title='bbox 1049 4044 1175 4110; x_wconf 87' lang='lat' dir='ltr'><strong>inducit</strong></span> <span class='ocrx_word' id='word_1_594' title='bbox 1195 4065 1269 4110; x_wconf 90' lang='lat' dir='ltr'><strong>con·</strong></span> <span class='ocrx_word' id='word_1_595' title='bbox 1321 4049 1444 4130; x_wconf 88' lang='lat' dir='ltr'><strong>gratiae</strong></span> <span class='ocrx_word' id='word_1_596' title='bbox 1473 4048 1542 4111; x_wconf 86' lang='lat' dir='ltr'><strong>fore</strong></span> <span class='ocrx_word' id='word_1_597' title='bbox 1571 4048 1751 4130; x_wconf 88' lang='lat' dir='ltr'><strong>participes.</strong></span> <span class='ocrx_word' id='word_1_598' title='bbox 1796 4049 1890 4113; x_wconf 78' lang='lat' dir='ltr'><strong>Finis</strong></span> <span class='ocrx_word' id='word_1_599' title='bbox 1918 4048 2049 4113; x_wconf 90' lang='lat' dir='ltr'><strong>demum</strong></span> <span class='ocrx_word' id='word_1_600' title='bbox 2079 4048 2132 4113; x_wconf 86' lang='lat' dir='ltr'><strong>vel</strong></span> <span class='ocrx_word' id='word_1_601' title='bbox 2159 4048 2293 4113; x_wconf 83' lang='lat' dir='ltr'><strong>effectus</strong></span> 
     </span>
     <span class='ocr_line' id='line_1_63' title="bbox 300 4129 2292 4216; baseline 0.003 -24"><span class='ocrx_word' id='word_1_602' title='bbox 300 4129 497 4193; x_wconf 89' lang='lat' dir='ltr'><strong>siderantem</strong></span> <span class='ocrx_word' id='word_1_603' title='bbox 538 4151 620 4211; x_wconf 90' lang='lat' dir='ltr'><strong>quae</strong></span> <span class='ocrx_word' id='word_1_604' title='bbox 660 4129 802 4193; x_wconf 88' lang='lat' dir='ltr'><strong>remedia</strong></span> <span class='ocrx_word' id='word_1_605' title='bbox 843 4129 987 4194; x_wconf 87' lang='lat' dir='ltr'><strong>sanando</strong></span> <span class='ocrx_word' id='word_1_606' title='bbox 1035 4131 1112 4195; x_wconf 92' lang='lat' dir='ltr'><strong>huic</strong></span> <span class='ocrx_word' id='word_1_607' title='bbox 1151 4132 1269 4213; x_wconf 90' lang='lat' dir='ltr'><strong>populo</strong></span> <span class='ocrx_word' id='word_1_608' title='bbox 1321 4132 1460 4208; x_wconf 90' lang='lat' dir='ltr'><strong>additur,</strong></span> <span class='ocrx_word' id='word_1_609' title='bbox 1483 4132 1568 4215; x_wconf 91' lang='lat' dir='ltr'><strong>quod</strong></span> <span class='ocrx_word' id='word_1_610' title='bbox 1592 4134 1669 4197; x_wconf 89' lang='lat' dir='ltr'><strong>velit</strong></span> <span class='ocrx_word' id='word_1_611' title='bbox 1690 4135 1781 4199; x_wconf 89' lang='lat' dir='ltr'><strong>Deus</strong></span> <span class='ocrx_word' id='word_1_612' title='bbox 1805 4134 1959 4216; x_wconf 89' lang='lat' dir='ltr'><strong>populum</strong></span> <span class='ocrx_word' id='word_1_613' title='bbox 1981 4155 2116 4216; x_wconf 88' lang='lat' dir='ltr'><strong>sanare,</strong></span> <span class='ocrx_word' id='word_1_614' title='bbox 2149 4133 2214 4198; x_wconf 90' lang='lat' dir='ltr'><strong>hou</strong></span> <span class='ocrx_word' id='word_1_615' title='bbox 2234 4144 2292 4207; x_wconf 86' lang='lat' dir='ltr'><strong>est,</strong></span> 
     </span>
     <span class='ocr_line' id='line_1_64' title="bbox 300 4214 2293 4303; baseline 0.002 -24"><span class='ocrx_word' id='word_1_616' title='bbox 300 4214 470 4297; x_wconf 87' lang='lat' dir='ltr'><strong>aptissima</strong></span> <span class='ocrx_word' id='word_1_617' title='bbox 489 4216 565 4278; x_wconf 89' lang='lat' dir='ltr'><strong>sint.</strong></span> <span class='ocrx_word' id='word_1_618' title='bbox 597 4214 801 4280; x_wconf 87' lang='lat' dir='ltr'><strong>Insuuabiles</strong></span> <span class='ocrx_word' id='word_1_619' title='bbox 821 4225 927 4279; x_wconf 89' lang='lat' dir='ltr'><strong>autem</strong></span> <span class='ocrx_word' id='word_1_620' title='bbox 946 4226 1024 4280; x_wconf 89' lang='lat' dir='ltr'><strong>sunt</strong></span> <span class='ocrx_word' id='word_1_621' title='bbox 1041 4215 1145 4281; x_wconf 90' lang='lat' dir='ltr'><strong>morbi</strong></span> <span class='ocrx_word' id='word_1_622' title='bbox 1158 4218 1269 4296; x_wconf 88' lang='lat' dir='ltr'><strong>nostri,</strong></span> <span class='ocrx_word' id='word_1_623' title='bbox 1321 4218 1448 4282; x_wconf 86' lang='lat' dir='ltr'><strong>salvum</strong></span> <span class='ocrx_word' id='word_1_624' title='bbox 1481 4232 1646 4299; x_wconf 89' lang='lat' dir='ltr'><strong>praestare</strong></span> <span class='ocrx_word' id='word_1_625' title='bbox 1675 4231 1708 4283; x_wconf 93' lang='lat' dir='ltr'><strong>et</strong></span> <span class='ocrx_word' id='word_1_626' title='bbox 1736 4221 1941 4286; x_wconf 90' lang='lat' dir='ltr'><strong>incolumem.</strong></span> <span class='ocrx_word' id='word_1_627' title='bbox 1984 4219 2080 4286; x_wconf 90' lang='lat' dir='ltr'><strong>Unde</strong></span> <span class='ocrx_word' id='word_1_628' title='bbox 2108 4218 2293 4303; x_wconf 75' lang='lat' dir='ltr'><strong>colligimus</strong></span> 
     </span>
     <span class='ocr_line' id='line_1_65' title="bbox 299 4300 2294 4388; baseline 0.002 -24"><span class='ocrx_word' id='word_1_629' title='bbox 299 4300 363 4364; x_wconf 88' lang='lat' dir='ltr'><strong>nisi</strong></span> <span class='ocrx_word' id='word_1_630' title='bbox 405 4319 464 4362; x_wconf 90' lang='lat' dir='ltr'><strong>nos</strong></span> <span class='ocrx_word' id='word_1_631' title='bbox 505 4301 727 4366; x_wconf 85' lang='lat' dir='ltr'><strong>misericordia</strong></span> <span class='ocrx_word' id='word_1_632' title='bbox 767 4322 826 4365; x_wconf 84' lang='lat' dir='ltr'><strong>sua</strong></span> <span class='ocrx_word' id='word_1_633' title='bbox 866 4300 1029 4365; x_wconf 91' lang='lat' dir='ltr'><strong>Dominus</strong></span> <span class='ocrx_word' id='word_1_634' title='bbox 1071 4303 1269 4383; x_wconf 89' lang='lat' dir='ltr'><strong>praeveniat.</strong></span> <span class='ocrx_word' id='word_1_635' title='bbox 1322 4304 1409 4385; x_wconf 93' lang='lat' dir='ltr'><strong>quod</strong></span> <span class='ocrx_word' id='word_1_636' title='bbox 1432 4324 1536 4385; x_wconf 86' lang='lat' dir='ltr'><strong>nuper</strong></span> <span class='ocrx_word' id='word_1_637' title='bbox 1558 4305 1667 4387; x_wconf 88' lang='lat' dir='ltr'><strong>attigi,</strong></span> <span class='ocrx_word' id='word_1_638' title='bbox 1697 4305 1854 4388; x_wconf 91' lang='lat' dir='ltr'><strong>quidquid</strong></span> <span class='ocrx_word' id='word_1_639' title='bbox 1876 4303 1917 4369; x_wconf 88' lang='lat' dir='ltr'><strong>ad</strong></span> <span class='ocrx_word' id='word_1_640' title='bbox 1940 4304 2072 4386; x_wconf 90' lang='lat' dir='ltr'><strong>plenam</strong></span> <span class='ocrx_word' id='word_1_641' title='bbox 2101 4317 2135 4371; x_wconf 89' lang='lat' dir='ltr'><strong>et</strong></span> <span class='ocrx_word' id='word_1_642' title='bbox 2155 4304 2294 4369; x_wconf 88' lang='lat' dir='ltr'><strong>solidam</strong></span> 
     </span>
     <span class='ocr_line' id='line_1_66' title="bbox 300 4384 2293 4472; baseline 0.002 -23"><span class='ocrx_word' id='word_1_643' title='bbox 300 4385 400 4449; x_wconf 91' lang='lat' dir='ltr'><strong>Nulla</strong></span> <span class='ocrx_word' id='word_1_644' title='bbox 422 4388 632 4466; x_wconf 87' lang='lat' dir='ltr'><strong>quantumvis</strong></span> <span class='ocrx_word' id='word_1_645' title='bbox 655 4386 770 4469; x_wconf 86' lang='lat' dir='ltr'><strong>gravia</strong></span> <span class='ocrx_word' id='word_1_646' title='bbox 791 4384 921 4470; x_wconf 87' lang='lat' dir='ltr'><strong>flagella</strong></span> <span class='ocrx_word' id='word_1_647' title='bbox 943 4408 1002 4449; x_wconf 89' lang='lat' dir='ltr'><strong>uos</strong></span> <span class='ocrx_word' id='word_1_648' title='bbox 1020 4386 1059 4450; x_wconf 92' lang='lat' dir='ltr'><strong>ad</strong></span> <span class='ocrx_word' id='word_1_649' title='bbox 1078 4389 1270 4469; x_wconf 91' lang='lat' dir='ltr'><strong>resipiscen-</strong></span> <span class='ocrx_word' id='word_1_650' title='bbox 1322 4388 1476 4453; x_wconf 87' lang='lat' dir='ltr'><strong>ecclesiae</strong></span> <span class='ocrx_word' id='word_1_651' title='bbox 1514 4389 1701 4455; x_wconf 82' lang='lat' dir='ltr'><strong>felicitatem</strong></span> <span class='ocrx_word' id='word_1_652' title='bbox 1743 4393 1901 4472; x_wconf 91' lang='lat' dir='ltr'><strong>pertinet,</strong></span> <span class='ocrx_word' id='word_1_653' title='bbox 1947 4411 2074 4455; x_wconf 90' lang='lat' dir='ltr'><strong>merum</strong></span> <span class='ocrx_word' id='word_1_654' title='bbox 2114 4411 2189 4455; x_wconf 88' lang='lat' dir='ltr'><strong>esse</strong></span> <span class='ocrx_word' id='word_1_655' title='bbox 2230 4387 2293 4453; x_wconf 92' lang='lat' dir='ltr'><strong>Dei</strong></span> 
     </span>
     <span class='ocr_line' id='line_1_67' title="bbox 300 4471 2294 4562; baseline 0.004 -27"><span class='ocrx_word' id='word_1_656' title='bbox 300 4473 381 4536; x_wconf 87' lang='lat' dir='ltr'><strong>tiam</strong></span> <span class='ocrx_word' id='word_1_657' title='bbox 404 4475 531 4552; x_wconf 89' lang='lat' dir='ltr'><strong>cogent,</strong></span> <span class='ocrx_word' id='word_1_658' title='bbox 555 4471 618 4535; x_wconf 89' lang='lat' dir='ltr'><strong>uisi</strong></span> <span class='ocrx_word' id='word_1_659' title='bbox 636 4471 799 4536; x_wconf 91' lang='lat' dir='ltr'><strong>Dominus</strong></span> <span class='ocrx_word' id='word_1_660' title='bbox 821 4471 937 4556; x_wconf 88' lang='lat' dir='ltr'><strong>spiritu</strong></span> <span class='ocrx_word' id='word_1_661' title='bbox 960 4492 1018 4536; x_wconf 90' lang='lat' dir='ltr'><strong>suo</strong></span> <span class='ocrx_word' id='word_1_662' title='bbox 1037 4493 1095 4536; x_wconf 93' lang='lat' dir='ltr'><strong>nos</strong></span> <span class='ocrx_word' id='word_1_663' title='bbox 1113 4473 1270 4554; x_wconf 87' lang='lat' dir='ltr'><strong>impellat.</strong></span> <span class='ocrx_word' id='word_1_664' title='bbox 1323 4472 1453 4539; x_wconf 87' lang='lat' dir='ltr'><strong>donum.</strong></span> <span class='ocrx_word' id='word_1_665' title='bbox 1516 4476 1642 4541; x_wconf 89' lang='lat' dir='ltr'><strong>Paulus</strong></span> <span class='ocrx_word' id='word_1_666' title='bbox 1681 4477 1810 4542; x_wconf 84' lang='lat' dir='ltr'><strong>videtur</strong></span> <span class='ocrx_word' id='word_1_667' title='bbox 1849 4477 1939 4542; x_wconf 92' lang='lat' dir='ltr'><strong>hunc</strong></span> <span class='ocrx_word' id='word_1_668' title='bbox 1986 4477 2091 4541; x_wconf 87' lang='lat' dir='ltr'><strong>locum</strong></span> <span class='ocrx_word' id='word_1_669' title='bbox 2136 4476 2294 4562; x_wconf 88' lang='lat' dir='ltr'><strong>attigisse,</strong></span> 
     </span>
     <span class='ocr_line' id='line_1_68' title="bbox 301 4556 2294 4645; baseline 0.002 -24"><span class='ocrx_word' id='word_1_670' title='bbox 301 4556 467 4638; x_wconf 82' lang='lat' dir='ltr'><strong>Sequetur</strong></span> <span class='ocrx_word' id='word_1_671' title='bbox 490 4558 576 4619; x_wconf 87' lang='lat' dir='ltr'><strong>enim</strong></span> <span class='ocrx_word' id='word_1_672' title='bbox 596 4558 699 4621; x_wconf 91' lang='lat' dir='ltr'><strong>maior</strong></span> <span class='ocrx_word' id='word_1_673' title='bbox 718 4557 909 4639; x_wconf 87' lang='lat' dir='ltr'><strong>pervicacia,</strong></span> <span class='ocrx_word' id='word_1_674' title='bbox 928 4566 1024 4638; x_wconf 87' lang='lat' dir='ltr'><strong>atque</strong></span> <span class='ocrx_word' id='word_1_675' title='bbox 1042 4557 1271 4623; x_wconf 88' lang='lat' dir='ltr'><strong>obstinatiores</strong></span> <span class='ocrx_word' id='word_1_676' title='bbox 1323 4559 1445 4641; x_wconf 83' lang='lat' dir='ltr'><strong>Ephes.</strong></span> <span class='ocrx_word' id='word_1_677' title='bbox 1462 4560 1482 4623; x_wconf 84' lang='lat'><em>2</em></span> <span class='ocrx_word' id='word_1_678' title='bbox 1502 4558 1546 4645; x_wconf 90' lang='lat' dir='ltr'><strong>(v.</strong></span> <span class='ocrx_word' id='word_1_679' title='bbox 1565 4563 1617 4642; x_wconf 83' lang='grc'><strong>17)</strong></span> <span class='ocrx_word' id='word_1_680' title='bbox 1641 4563 1696 4627; x_wconf 93' lang='lat' dir='ltr'><strong>ubi</strong></span> <span class='ocrx_word' id='word_1_681' title='bbox 1719 4562 1795 4628; x_wconf 89' lang='lat' dir='ltr'><strong>dicit</strong></span> <span class='ocrx_word' id='word_1_682' title='bbox 1817 4562 1987 4628; x_wconf 77' lang='lat' dir='ltr'><strong>Christum</strong></span> <span class='ocrx_word' id='word_1_683' title='bbox 2009 4561 2157 4627; x_wconf 87' lang='lat' dir='ltr'><strong>attulisse</strong></span> <span class='ocrx_word' id='word_1_684' title='bbox 2181 4582 2294 4644; x_wconf 83' lang='lat' dir='ltr'><strong>paoem</strong></span> 
     </span>
     <span class='ocr_line' id='line_1_69' title="bbox 301 4641 2294 4731; baseline 0.001 -24"><span class='ocrx_word' id='word_1_685' title='bbox 301 4642 483 4708; x_wconf 88' lang='lat' dir='ltr'><strong>reddemur.</strong></span> <span class='ocrx_word' id='word_1_686' title='bbox 518 4641 635 4723; x_wconf 88' lang='lat' dir='ltr'><strong>ltaque</strong></span> <span class='ocrx_word' id='word_1_687' title='bbox 657 4644 691 4705; x_wconf 92' lang='lat' dir='ltr'><strong>in</strong></span> <span class='ocrx_word' id='word_1_688' title='bbox 714 4643 827 4725; x_wconf 90' lang='lat' dir='ltr'><strong>populi</strong></span> <span class='ocrx_word' id='word_1_689' title='bbox 852 4642 948 4706; x_wconf 90' lang='lat' dir='ltr'><strong>huius</strong></span> <span class='ocrx_word' id='word_1_690' title='bbox 967 4642 1116 4725; x_wconf 87' lang='lat' dir='ltr'><strong>exemplu</strong></span> <span class='ocrx_word' id='word_1_691' title='bbox 1133 4643 1271 4708; x_wconf 89' lang='lat' dir='ltr'><strong>humani</strong></span> <span class='ocrx_word' id='word_1_692' title='bbox 1322 4646 1362 4708; x_wconf 89' lang='grc' dir='ltr'><strong>ιιι</strong></span> <span class='ocrx_word' id='word_1_693' title='bbox 1384 4646 1438 4726; x_wconf 91' lang='lat' dir='ltr'><strong>qui</strong></span> <span class='ocrx_word' id='word_1_694' title='bbox 1462 4667 1561 4729; x_wconf 89' lang='lat' dir='ltr'><strong>prope</strong></span> <span class='ocrx_word' id='word_1_695' title='bbox 1584 4663 1617 4711; x_wconf 91' lang='lat' dir='ltr'><strong>et</strong></span> <span class='ocrx_word' id='word_1_696' title='bbox 1639 4650 1679 4713; x_wconf 91' lang='lat' dir='ltr'><strong>iis</strong></span> <span class='ocrx_word' id='word_1_697' title='bbox 1701 4649 1756 4731; x_wconf 92' lang='lat' dir='ltr'><strong>qui</strong></span> <span class='ocrx_word' id='word_1_698' title='bbox 1778 4647 1902 4731; x_wconf 90' lang='lat' dir='ltr'><strong>prouul.</strong></span> <span class='ocrx_word' id='word_1_699' title='bbox 1935 4647 2099 4729; x_wconf 84' lang='lat' dir='ltr'><strong>Loquitur</strong></span> <span class='ocrx_word' id='word_1_700' title='bbox 2119 4657 2233 4713; x_wconf 90' lang='lat' dir='ltr'><strong>autem</strong></span> <span class='ocrx_word' id='word_1_701' title='bbox 2254 4645 2294 4711; x_wconf 90' lang='lat' dir='ltr'><strong>de</strong></span> 
     </span>
     <span class='ocr_line' id='line_1_70' title="bbox 301 4727 2294 4816; baseline 0.002 -23"><span class='ocrx_word' id='word_1_702' title='bbox 301 4728 432 4812; x_wconf 88' lang='lat' dir='ltr'><strong>generis</strong></span> <span class='ocrx_word' id='word_1_703' title='bbox 461 4727 637 4811; x_wconf 81' lang='lat' dir='ltr'><strong>imaginem</strong></span> <span class='ocrx_word' id='word_1_704' title='bbox 671 4727 885 4809; x_wconf 88' lang='lat' dir='ltr'><strong>contemplari</strong></span> <span class='ocrx_word' id='word_1_705' title='bbox 919 4728 1010 4793; x_wconf 89' lang='lat' dir='ltr'><strong>licet:</strong></span> <span class='ocrx_word' id='word_1_706' title='bbox 1044 4739 1083 4791; x_wconf 89' lang='lat' dir='ltr'><strong>ut</strong></span> <span class='ocrx_word' id='word_1_707' title='bbox 1115 4749 1196 4810; x_wconf 89' lang='lat' dir='ltr'><strong>quae</strong></span> <span class='ocrx_word' id='word_1_708' title='bbox 1229 4730 1272 4794; x_wconf 89' lang='lat' dir='ltr'><strong>sit</strong></span> <span class='ocrx_word' id='word_1_709' title='bbox 1323 4730 1475 4813; x_wconf 90' lang='lat' dir='ltr'><strong>gentibus</strong></span> <span class='ocrx_word' id='word_1_710' title='bbox 1498 4740 1530 4796; x_wconf 89' lang='lat' dir='ltr'><strong>et</strong></span> <span class='ocrx_word' id='word_1_711' title='bbox 1552 4732 1691 4797; x_wconf 89' lang='lat' dir='ltr'><strong>Iudaeis.</strong></span> <span class='ocrx_word' id='word_1_712' title='bbox 1734 4733 1819 4798; x_wconf 89' lang='lat' dir='ltr'><strong>Nam</strong></span> <span class='ocrx_word' id='word_1_713' title='bbox 1842 4733 1955 4797; x_wconf 85' lang='lat' dir='ltr'><strong>Iudaei</strong></span> <span class='ocrx_word' id='word_1_714' title='bbox 1978 4733 2152 4816; x_wconf 89' lang='lat' dir='ltr'><strong>propinqui</strong></span> <span class='ocrx_word' id='word_1_715' title='bbox 2183 4746 2294 4798; x_wconf 87' lang='lat' dir='ltr'><strong>erant:</strong></span> 
     </span>
     <span class='ocr_line' id='line_1_71' title="bbox 300 4812 2295 4903; baseline 0.003 -25"><span class='ocrx_word' id='word_1_716' title='bbox 300 4812 482 4895; x_wconf 87' lang='lat' dir='ltr'><strong>pervicacia</strong></span> <span class='ocrx_word' id='word_1_717' title='bbox 504 4824 536 4877; x_wconf 89' lang='lat' dir='ltr'><strong>et</strong></span> <span class='ocrx_word' id='word_1_718' title='bbox 558 4813 764 4878; x_wconf 86' lang='lat' dir='ltr'><strong>contumacia</strong></span> <span class='ocrx_word' id='word_1_719' title='bbox 787 4824 897 4878; x_wconf 90' lang='lat' dir='ltr'><strong>nostra</strong></span> <span class='ocrx_word' id='word_1_720' title='bbox 920 4814 953 4877; x_wconf 91' lang='grc' dir='ltr'><strong>ιιι</strong></span> <span class='ocrx_word' id='word_1_721' title='bbox 977 4813 1095 4890; x_wconf 86' lang='lat' dir='ltr'><strong>Deum,</strong></span> <span class='ocrx_word' id='word_1_722' title='bbox 1124 4827 1157 4877; x_wconf 91' lang='lat' dir='ltr'><strong>et</strong></span> <span class='ocrx_word' id='word_1_723' title='bbox 1187 4836 1270 4897; x_wconf 89' lang='lat' dir='ltr'><strong>quae</strong></span> <span class='ocrx_word' id='word_1_724' title='bbox 1323 4829 1494 4897; x_wconf 87' lang='lat' dir='ltr'><strong>propterea</strong></span> <span class='ocrx_word' id='word_1_725' title='bbox 1516 4820 1600 4898; x_wconf 91' lang='lat' dir='ltr'><strong>quod</strong></span> <span class='ocrx_word' id='word_1_726' title='bbox 1616 4818 1707 4883; x_wconf 91' lang='lat' dir='ltr'><strong>Deus</strong></span> <span class='ocrx_word' id='word_1_727' title='bbox 1729 4840 1803 4882; x_wconf 90' lang='lat' dir='ltr'><strong>cnm</strong></span> <span class='ocrx_word' id='word_1_728' title='bbox 1827 4819 1906 4901; x_wconf 89' lang='lat' dir='ltr'><strong>ipsis</strong></span> <span class='ocrx_word' id='word_1_729' title='bbox 1925 4818 2037 4884; x_wconf 77' lang='lat' dir='ltr'><strong>foedus</strong></span> <span class='ocrx_word' id='word_1_730' title='bbox 2054 4817 2194 4883; x_wconf 86' lang='lat' dir='ltr'><strong>inierat:</strong></span> <span class='ocrx_word' id='word_1_731' title='bbox 2217 4838 2295 4903; x_wconf 88' lang='lat' dir='ltr'><strong>gen-</strong></span> 
     </span>
     <span class='ocr_line' id='line_1_72' title="bbox 300 4898 2293 4985; baseline 0.003 -23"><span class='ocrx_word' id='word_1_732' title='bbox 300 4900 444 4963; x_wconf 89' lang='lat' dir='ltr'><strong>remedia</strong></span> <span class='ocrx_word' id='word_1_733' title='bbox 477 4898 599 4964; x_wconf 90' lang='lat' dir='ltr'><strong>morbis</strong></span> <span class='ocrx_word' id='word_1_734' title='bbox 632 4899 752 4962; x_wconf 90' lang='lat' dir='ltr'><strong>uostris</strong></span> <span class='ocrx_word' id='word_1_735' title='bbox 787 4900 939 4962; x_wconf 86' lang='lat' dir='ltr'><strong>curandis</strong></span> <span class='ocrx_word' id='word_1_736' title='bbox 980 4900 1162 4964; x_wconf 88' lang='lat' dir='ltr'><strong>necessaria</strong></span> <span class='ocrx_word' id='word_1_737' title='bbox 1195 4901 1270 4980; x_wconf 90' lang='lat' dir='ltr'><strong>sint,</strong></span> <span class='ocrx_word' id='word_1_738' title='bbox 1323 4916 1371 4965; x_wconf 88' lang='lat' dir='ltr'><strong>tea</strong></span> <span class='ocrx_word' id='word_1_739' title='bbox 1402 4914 1559 4982; x_wconf 87' lang='lat' dir='ltr'><strong>remotae,</strong></span> <span class='ocrx_word' id='word_1_740' title='bbox 1594 4903 1678 4985; x_wconf 92' lang='lat' dir='ltr'><strong>quod</strong></span> <span class='ocrx_word' id='word_1_741' title='bbox 1710 4903 1751 4968; x_wconf 89' lang='lat' dir='ltr'><strong>ab</strong></span> <span class='ocrx_word' id='word_1_742' title='bbox 1784 4924 1821 4966; x_wconf 92' lang='lat' dir='ltr'><strong>eo</strong></span> <span class='ocrx_word' id='word_1_743' title='bbox 1855 4903 1985 4969; x_wconf 88' lang='lat' dir='ltr'><strong>foedere</strong></span> <span class='ocrx_word' id='word_1_744' title='bbox 2018 4905 2145 4968; x_wconf 89' lang='lat' dir='ltr'><strong>alienae</strong></span> <span class='ocrx_word' id='word_1_745' title='bbox 2174 4914 2293 4970; x_wconf 88' lang='lat' dir='ltr'><strong>essent.</strong></span> 
     </span>
     <span class='ocr_line' id='line_1_73' title="bbox 301 4984 2294 5070; baseline 0.004 -23"><span class='ocrx_word' id='word_1_746' title='bbox 301 4984 430 5067; x_wconf 90' lang='lat' dir='ltr'><strong>planius</strong></span> <span class='ocrx_word' id='word_1_747' title='bbox 453 4984 690 5067; x_wconf 87' lang='lat' dir='ltr'><strong>intelligamus:</strong></span> <span class='ocrx_word' id='word_1_748' title='bbox 724 4985 808 5065; x_wconf 93' lang='lat' dir='ltr'><strong>quod</strong></span> <span class='ocrx_word' id='word_1_749' title='bbox 837 4984 973 5048; x_wconf 91' lang='lat' dir='ltr'><strong>morbidi</strong></span> <span class='ocrx_word' id='word_1_750' title='bbox 1002 4991 1035 5048; x_wconf 89' lang='lat' dir='ltr'><strong>et</strong></span> <span class='ocrx_word' id='word_1_751' title='bbox 1064 4985 1131 5048; x_wconf 84' lang='lat' dir='ltr'><strong>fere</strong></span> <span class='ocrx_word' id='word_1_752' title='bbox 1153 4986 1270 5065; x_wconf 90' lang='lat' dir='ltr'><strong>perditi</strong></span> <span class='ocrx_word' id='word_1_753' title='bbox 1323 4987 1424 5067; x_wconf 83' lang='lat' dir='ltr'><strong>Atqui</strong></span> <span class='ocrx_word' id='word_1_754' title='bbox 1447 4988 1602 5070; x_wconf 89' lang='lat' dir='ltr'><strong>propheta</strong></span> <span class='ocrx_word' id='word_1_755' title='bbox 1626 4990 1666 5053; x_wconf 91' lang='lat' dir='ltr'><strong>de</strong></span> <span class='ocrx_word' id='word_1_756' title='bbox 1688 4989 1820 5054; x_wconf 90' lang='lat' dir='ltr'><strong>Iudaeis</strong></span> <span class='ocrx_word' id='word_1_757' title='bbox 1847 4989 2071 5054; x_wconf 90' lang='lat' dir='ltr'><strong>tantummodo</strong></span> <span class='ocrx_word' id='word_1_758' title='bbox 2092 4988 2227 5056; x_wconf 82' lang='lat' dir='ltr'><strong>ridetur</strong></span> <span class='ocrx_word' id='word_1_759' title='bbox 2248 4991 2294 5054; x_wconf 89' lang='lat' dir='ltr'><strong>lo·</strong></span> 
     </span>
     <span class='ocr_line' id='line_1_74' title="bbox 300 5069 2294 5161; baseline 0.004 -27"><span class='ocrx_word' id='word_1_760' title='bbox 300 5090 464 5147; x_wconf 88' lang='lat' dir='ltr'><strong>sanamur,</strong></span> <span class='ocrx_word' id='word_1_761' title='bbox 494 5069 679 5136; x_wconf 91' lang='lat' dir='ltr'><strong>reducimur</strong></span> <span class='ocrx_word' id='word_1_762' title='bbox 701 5070 736 5133; x_wconf 94' lang='lat' dir='ltr'><strong>in</strong></span> <span class='ocrx_word' id='word_1_763' title='bbox 760 5070 856 5147; x_wconf 82' lang='lat' dir='ltr'><strong>viam,</strong></span> <span class='ocrx_word' id='word_1_764' title='bbox 886 5069 1002 5134; x_wconf 90' lang='lat' dir='ltr'><strong>deinde</strong></span> <span class='ocrx_word' id='word_1_765' title='bbox 1025 5070 1059 5133; x_wconf 95' lang='lat' dir='ltr'><strong>in</strong></span> <span class='ocrx_word' id='word_1_766' title='bbox 1090 5092 1128 5134; x_wconf 90' lang='grc' dir='ltr'><strong>ιι</strong></span> <span class='ocrx_word' id='word_1_767' title='bbox 1151 5080 1271 5151; x_wconf 88' lang='lat' dir='ltr'><strong>persta·</strong></span> <span class='ocrx_word' id='word_1_768' title='bbox 1322 5075 1386 5154; x_wconf 91' lang='lat' dir='ltr'><strong>qui.</strong></span> <span class='ocrx_word' id='word_1_769' title='bbox 1431 5073 1633 5155; x_wconf 85' lang='lat' dir='ltr'><strong>Respoudao,</strong></span> <span class='ocrx_word' id='word_1_770' title='bbox 1657 5075 1799 5139; x_wconf 87' lang='lat' dir='ltr'><strong>aPaulo</strong></span> <span class='ocrx_word' id='word_1_771' title='bbox 1821 5075 1955 5139; x_wconf 89' lang='lat' dir='ltr'><strong>retineri</strong></span> <span class='ocrx_word' id='word_1_772' title='bbox 1977 5095 2091 5141; x_wconf 80' lang='lat' dir='ltr'><strong>verum</strong></span> <span class='ocrx_word' id='word_1_773' title='bbox 2114 5076 2294 5161; x_wconf 85' lang='lat' dir='ltr'><strong>prophetae</strong></span> 
     </span>
     <span class='ocr_line' id='line_1_75' title="bbox 301 5154 2319 5244; baseline 0.004 -25"><span class='ocrx_word' id='word_1_774' title='bbox 301 5176 384 5219; x_wconf 90' lang='lat' dir='ltr'><strong>mus.</strong></span> <span class='ocrx_word' id='word_1_775' title='bbox 435 5154 606 5239; x_wconf 83' lang='lat' dir='ltr'><strong>Significat</strong></span> <span class='ocrx_word' id='word_1_776' title='bbox 636 5165 745 5220; x_wconf 89' lang='lat' dir='ltr'><strong>autem</strong></span> <span class='ocrx_word' id='word_1_777' title='bbox 775 5155 836 5220; x_wconf 90' lang='lat' dir='ltr'><strong>hoc</strong></span> <span class='ocrx_word' id='word_1_778' title='bbox 870 5165 973 5218; x_wconf 86' lang='lat' dir='ltr'><strong>totum</strong></span> <span class='ocrx_word' id='word_1_779' title='bbox 1009 5157 1173 5237; x_wconf 89' lang='lat' dir='ltr'><strong>proprium</strong></span> <span class='ocrx_word' id='word_1_780' title='bbox 1208 5157 1269 5221; x_wconf 91' lang='lat' dir='ltr'><strong>Dei</strong></span> <span class='ocrx_word' id='word_1_781' title='bbox 1322 5178 1471 5234; x_wconf 90' lang='lat' dir='ltr'><strong>sensum,</strong></span> <span class='ocrx_word' id='word_1_782' title='bbox 1505 5161 1533 5223; x_wconf 94' lang='lat' dir='ltr'><strong>ei</strong></span> <span class='ocrx_word' id='word_1_783' title='bbox 1562 5159 1655 5224; x_wconf 92' lang='lat' dir='ltr'><strong>modo</strong></span> <span class='ocrx_word' id='word_1_784' title='bbox 1690 5162 1750 5223; x_wconf 90' lang='lat' dir='ltr'><strong>rite</strong></span> <span class='ocrx_word' id='word_1_785' title='bbox 1783 5162 1893 5225; x_wconf 90' lang='lat' dir='ltr'><strong>omnia</strong></span> <span class='ocrx_word' id='word_1_786' title='bbox 1926 5161 2165 5244; x_wconf 88' lang='lat' dir='ltr'><strong>expendantur.</strong></span> <span class='ocrx_word' id='word_1_787' title='bbox 2216 5161 2319 5233; x_wconf 75' lang='lat' dir='ltr'><strong>Ideo,</strong></span> 
     </span>
     <span class='ocr_line' id='line_1_76' title="bbox 301 5242 2295 5330; baseline 0.004 -26"><span class='ocrx_word' id='word_1_788' title='bbox 301 5260 382 5323; x_wconf 90' lang='lat' dir='ltr'><strong>opus</strong></span> <span class='ocrx_word' id='word_1_789' title='bbox 402 5261 485 5317; x_wconf 88' lang='lat' dir='ltr'><strong>esse,</strong></span> <span class='ocrx_word' id='word_1_790' title='bbox 521 5248 559 5306; x_wconf 90' lang='lat' dir='ltr'><strong>ut</strong></span> <span class='ocrx_word' id='word_1_791' title='bbox 580 5261 756 5325; x_wconf 87' lang='lat' dir='ltr'><strong>pergamus</strong></span> <span class='ocrx_word' id='word_1_792' title='bbox 777 5242 814 5304; x_wconf 91' lang='lat' dir='ltr'><strong>in</strong></span> <span class='ocrx_word' id='word_1_793' title='bbox 836 5250 922 5306; x_wconf 89' lang='lat' dir='ltr'><strong>recto</strong></span> <span class='ocrx_word' id='word_1_794' title='bbox 949 5261 1056 5306; x_wconf 89' lang='lat' dir='ltr'><strong>cursu.</strong></span> <span class='ocrx_word' id='word_1_795' title='bbox 1101 5242 1189 5305; x_wconf 89' lang='lat' dir='ltr'><strong>Hinc</strong></span> <span class='ocrx_word' id='word_1_796' title='bbox 1218 5265 1269 5307; x_wconf 90' lang='lat' dir='ltr'><strong>se·</strong></span> <span class='ocrx_word' id='word_1_797' title='bbox 1323 5245 1409 5306; x_wconf 88' lang='lat' dir='ltr'><strong>enim</strong></span> <span class='ocrx_word' id='word_1_798' title='bbox 1434 5245 1604 5329; x_wconf 84' lang='lat' dir='ltr'><strong>longinqui</strong></span> <span class='ocrx_word' id='word_1_799' title='bbox 1627 5246 1778 5311; x_wconf 83' lang='lat' dir='ltr'><strong>dicuntur</strong></span> <span class='ocrx_word' id='word_1_800' title='bbox 1802 5248 1863 5312; x_wconf 90' lang='lat' dir='ltr'><strong>hoc</strong></span> <span class='ocrx_word' id='word_1_801' title='bbox 1885 5246 1954 5311; x_wconf 86' lang='lat' dir='ltr'><strong>loco</strong></span> <span class='ocrx_word' id='word_1_802' title='bbox 1976 5246 2100 5329; x_wconf 84' lang='lat' dir='ltr'><strong>Iudaei,</strong></span> <span class='ocrx_word' id='word_1_803' title='bbox 2123 5248 2212 5330; x_wconf 89' lang='lat' dir='ltr'><strong>quod</strong></span> <span class='ocrx_word' id='word_1_804' title='bbox 2228 5249 2295 5313; x_wconf 90' lang='lat' dir='ltr'><strong>Do-</strong></span> 
     </span>
    </p>
   </div>
   <div class='ocr_carea' id='block_1_7' title="bbox 0 0 2400 5970">
    <p class='ocr_par' dir='ltr' id='par_1_10' title="bbox 0 0 2400 5970">
     <span class='ocr_line' id='line_1_77' title="bbox 0 0 2400 5970; baseline 0 0"><span class='ocrx_word' id='word_1_805' title='bbox 0 0 2400 5970; x_wconf 95' lang='lat' dir='ltr'><strong> </strong></span> 
     </span>
    </p>
   </div>
  </div>
 </body>
</html>
