4784 5970
190 331 253 396 323
1066 331 1115 399 IN
1138 332 1301 399 lenient
2120 328 2181 395 324

190 519 426 586 macerandum
449 518 589 601 Iebooue,
619 538 652 583 eo
673 519 754 601 quoe
775 521 819 585 so
842 519 1029 604 inamabile,
1059 527 1087 585 ct
1108 520 1159 585 tc
1212 520 1404 585 nominatim
1431 520 1589 586 adversus
1618 517 1758 585 Iudaeos
1787 517 1911 603 stylum
1941 517 2096 601 stringit,
2127 519 2178 600 qni

190 624 294 669 amem
316 604 366 668 illi
386 603 543 681 tribueris,
566 610 600 670 at
622 625 681 670 aon
704 607 886 688 exsequaris
906 607 977 671 eice
998 611 1082 686 tace,
1108 627 1161 673 aec
1214 606 1275 671 Dei
1296 608 1427 671 nomine
1449 606 1684 688 gloriabantur,
1706 627 1741 671 se
1764 614 1873 669 tamen
1895 603 2058 669 adversus
2076 604 2177 685 ipsum

190 689 367 755 icomiatar
389 690 533 755 volumus
554 695 624 768 tao,
654 711 708 755 aec
728 691 872 774 loquare
891 693 995 773 fueris
1017 692 1161 758 rebam:
1212 691 1400 756 efferebant.
1444 692 1536 757 Haec
1559 691 1660 775 igitur
1682 690 1765 756 ratio
1788 689 1928 756 tenende
1948 701 2000 754 est
2020 689 2176 754 adversm

192 775 241 840 14.
267 775 354 840 Tunc
375 775 570 841 delectaberis
591 776 768 856 talebore,
789 783 816 842 et
836 779 976 860 equitare
996 777 1161 858 tesceiam
1211 777 1414 860 hypocritas,
1454 777 1511 860 qui
1550 777 1680 841 inanem
1723 796 1801 859 prae
1832 796 1867 840 se
1897 776 2009 840 lerunt
2040 775 2176 858 speciem

188 881 285 941 super
307 861 427 927 eccetee
448 867 565 926 terram
598 867 624 926 ct
647 882 780 944 pascam
807 863 1046 929 tebcereditatc
1069 864 1161 929 lomb
1210 864 1401 939 sanctitatis,
1424 863 1453 928 si
1475 861 1568 927 modo
1590 864 1652 926 rite
1673 872 1769 944 atque
1791 859 1916 925 utiliter
1935 860 2046 926 officio
2069 870 2175 925 nostro

184 945 294 1028 patris
314 948 380 1012 tui:
401 947 478 1029 quia
500 967 534 1012 oe
556 946 687 1012 Iebooce
707 948 866 1031 loquetura
887 954 940 1015 ese.
1183 948 1302 1057 1fungi
1326 948 1472 1013 velimus.
1516 946 1798 1028 Quemadmodum
1823 946 1985 1012 Dominus
2012 946 2076 1011 hoo
2106 946 2176 1011 belli

1184 1064 1188 1097 t
1211 1053 1330 1116 genere
1351 1034 1497 1099 exercuit
1519 1033 1703 1116 prophetas,
1725 1033 1771 1098 ite
1792 1043 1824 1097 et
1842 1053 1901 1097 nos
1919 1031 2016 1097 hodie
2033 1034 2176 1097 exemeri

1212 1137 1343 1184 necesse
1363 1129 1428 1195 est,
1458 1140 1498 1183 ne
1521 1118 1777 1195 dissimulemus,
1807 1125 1864 1182 aut
1885 1117 2107 1200 perfunctorie
2128 1137 2175 1180 er·

489 1202 539 1268 IN
561 1201 712 1270 CAPUT
734 1203 862 1270 LVIII.
1211 1224 1349 1285 guemus
1381 1205 1485 1287 ipsos:
1525 1203 1583 1270 sed
1615 1206 1702 1268 omni
1734 1203 1938 1268 contentione
1970 1202 2175 1268 invehamur.

1212 1286 1319 1356 Obiioi
1342 1300 1466 1371 posset,
1497 1288 1534 1355 Si
1558 1289 1718 1355 Dominus
1739 1288 1830 1354 iubet
1851 1288 1943 1372 argui
1964 1300 2102 1371 peccata
2121 1310 2176 1372 po·

278 1375 305 1439 l.
329 1371 482 1459 (Clamo.)
519 1375 607 1439 Male
630 1375 693 1439 fuit
711 1374 849 1441 divisum
870 1374 931 1440 hoc
948 1385 1058 1456 ceput:
1082 1394 1161 1456 quo·
1212 1374 1295 1456 puli,
1329 1377 1379 1440 oui
1409 1376 1569 1457 promittit
1598 1395 1726 1459 paoem:
1760 1373 1894 1439 dubium
1924 1394 1991 1440 non
2018 1384 2073 1439 eet
2101 1375 2175 1458 quin

72 1542 74 1546 Ι
190 1459 278 1524 nium
303 1459 382 1526 haec
404 1460 625 1542 superioribus
643 1460 827 1526 cohaerent.
864 1459 984 1541 Quare,
1006 1461 1033 1525 si
1048 1470 1159 1524 tenere
1211 1460 1368 1543 reliquam
1392 1461 1533 1525 voluerit
1554 1462 1584 1525 ei
1608 1460 1712 1525 lacere
1733 1480 1825 1543 spem
1842 1459 1968 1526 salutis.
2002 1459 2051 1523 Et
2070 1471 2175 1524 temen

189 1553 332 1610 mentem
354 1546 531 1628 prophetae
550 1547 697 1621 velimus,
719 1547 766 1611 sio
781 1567 800 1610 a
816 1547 909 1611 nobis
928 1546 1007 1611 haee
1023 1545 1160 1630 legenda
1211 1555 1334 1611 certum
1359 1557 1406 1611 est
1431 1548 1494 1611 iste
1522 1546 1683 1628 reprobis,
1712 1546 1829 1628 quibus
1858 1558 1953 1610 entes
1983 1544 2107 1609 bellum
2132 1546 2177 1610 in·

189 1640 284 1710 sunt,
318 1652 356 1696 ac
388 1632 416 1696 si
446 1632 535 1696 nulla
565 1632 664 1695 sectio
694 1632 778 1696 tacta
801 1643 894 1696 esset.
937 1632 1089 1697 Testatus
1111 1643 1160 1697 est
1211 1630 1355 1709 dixerat,
1389 1631 1563 1716 designari.
1607 1630 1818 1714 Respondeo,
1852 1640 1932 1695 tunc
1959 1630 2033 1713 pios
2061 1632 2176 1714 exiguo

190 1716 350 1799 propheta
376 1718 422 1781 sio
452 1718 651 1798 puniendum
680 1738 750 1782 esse
779 1717 953 1800 populum,
986 1728 1023 1782 ut
1048 1729 1159 1782 temen
1211 1717 1309 1781 luisse
1332 1738 1482 1783 numero:
1506 1717 1601 1799 pauci
1622 1718 1708 1781 enim
1731 1716 1874 1781 oblatam
1896 1715 1959 1781 sibi
1982 1734 2096 1796 peoem
2111 1737 2176 1781 em·

191 1803 280 1884 pacis
302 1821 317 1865 s
342 1822 376 1866 es
399 1802 522 1884 relique
549 1814 647 1868 esset:
676 1801 793 1868 deinde
820 1803 929 1885 impiis
959 1803 1014 1885 qui
1043 1804 1160 1885 supino
1212 1802 1443 1883 plectebantur.
1493 1801 1605 1883 Quum
1634 1823 1711 1886 ergo
1741 1802 1938 1885 propinquae
1967 1802 2060 1884 pecie
2088 1823 2175 1885 spem

192 1887 280 1951 festu
346 1908 421 1951 eum
455 1887 609 1968 eludunt,
649 1887 770 1953 bellum
804 1900 994 1971 perpetuum
1027 1888 1159 1952 indixit.
1211 1889 1286 1952 leoit
1307 1886 1425 1965 Iseias,
1454 1889 1611 1973 exiguum
1633 1889 1726 1953 illum
1748 1907 1881 1971 gregem
1901 1896 2044 1971 spectat:
2079 1907 2175 1970 quum

193 1970 289 2037 Nune
317 1974 488 2038 confirmat
517 1993 588 2037 eem
618 1973 812 2039 doctrinam:
847 1995 885 2039 ao
915 1974 1072 2039 divinitus
1097 1974 1159 2038 sibi
1212 1973 1331 2038 bellum
1364 1973 1493 2054 indicit,
1525 1973 1765 2039 multitudinem
1800 1982 1915 2052 terret,
1954 1992 2042 2055 quae
2074 1974 2176 2039 aliem

192 2057 252 2122 hes
274 2070 383 2139 partes
413 2059 506 2125 docet
528 2079 598 2124 esse
625 2060 803 2136 iniunctae,
832 2064 868 2124 at
893 2059 1000 2124 clamet
1026 2064 1159 2143 patim,
1211 2068 1282 2124 eret
1315 2080 1334 2123 a
1366 2061 1453 2136 Deo,
1492 2061 1665 2144 omniaque
1698 2059 1821 2123 monita
1852 2059 2094 2125 contemnebat.
2144 2058 2176 2123 Is

191 2141 254 2209 hoo
276 2145 430 2226 estquod
454 2145 552 2229 vulgo
574 2145 712 2210 dicimus
735 2145 874 2227 Aptera
899 2145 1009 2228 poete.
1054 2144 1160 2225 Quor·
1211 2144 1298 2208 enim
1322 2158 1392 2209 erat
1414 2145 1524 2227 populi
1546 2156 1659 2223 status,
1689 2144 1802 2209 utrix
1823 2143 2002 2226 quidquem
2025 2146 2101 2227 puri
2122 2160 2175 2208 ent

193 2228 344 2294 suntid?
379 2252 494 2312 nempe
517 2241 553 2295 ut
581 2231 756 2295 annuntiet
784 2230 903 2313 populo
933 2237 1064 2313 peccata
1091 2252 1159 2295 sue.
1210 2230 1333 2313 integri
1365 2241 1528 2307 maneret,
1570 2228 1841 2313 quemadmodum
1874 2250 1943 2312 cap.
1974 2230 1992 2294 1
2030 2229 2174 2295 vidimus

194 2314 269 2379 Non
292 2314 435 2397 loquitur
457 2316 496 2381 de
519 2316 586 2380 sola
608 2316 813 2381 contentione
844 2317 947 2395 vocis,
975 2313 1031 2380 sed
1065 2315 1160 2380 vehe—
1212 2316 1331 2379 Merito
1353 2315 1453 2399 igitur
1475 2317 1652 2380 nominavit
1674 2317 1800 2381 domam
1822 2313 1923 2393 Iacob,
1948 2334 2054 2397 quum
2077 2317 2176 2380 maior

193 2401 348 2463 mentiem
374 2401 462 2467 verbi
481 2414 513 2465 et
530 2403 736 2466 severitatem
752 2400 916 2484 intelligit,
940 2421 1003 2482 qua
1018 2401 1161 2465 maxime
1212 2400 1323 2484 populi
1347 2421 1422 2483 pers
1444 2412 1596 2484 corrupte
1619 2413 1678 2466 est.
1728 2400 1777 2466 Ao
1807 2400 1919 2466 sedulo
1948 2401 1983 2465 in
2012 2399 2177 2484 prophetis

194 2484 385 2568 hypocritae
407 2507 488 2569 opus
510 2487 638 2565 hebent,
662 2508 699 2552 ac
716 2488 744 2550 si
761 2486 853 2551 Deus
874 2486 1013 2551 fulmina
1035 2487 1159 2551 ecoelo
1214 2485 1355 2550 notanda
1378 2499 1427 2551 est
1449 2486 1529 2552 haso
1551 2487 1724 2564 distinctio,
1751 2485 1837 2569 quod
1861 2505 1948 2551 nunc
1970 2505 2070 2552 voces
2091 2507 2177 2570 sper·

194 2571 398 2637 iacularetur.
445 2573 514 2639 Sibi
538 2574 624 2636 enim
648 2572 776 2654 placent
803 2572 837 2636 in
867 2572 957 2637 vitiis
984 2572 1066 2646 suis,
1097 2573 1159 2637 nisi
1212 2580 1294 2656 gunt
1316 2572 1349 2635 in
1374 2581 1479 2637 totum
1503 2572 1638 2655 vulgus,
1666 2593 1752 2638 nunc
1774 2592 1955 2637 sermonem
1979 2573 2177 2657 restringant

194 2666 375 2740 arguentur
396 2659 554 2735 severius,
588 2670 684 2740 atque
711 2658 745 2722 in
775 2657 880 2723 lucem
910 2657 1159 2741 pertrahantur:
1212 2656 1253 2722 ad
1274 2678 1395 2740 paucos
1418 2657 1536 2723 fideles.
1577 2658 1644 2722 Neo
1666 2679 1744 2722 vero
1766 2657 1888 2741 absque
1909 2656 1994 2723 falsa
2013 2667 2049 2723 et
2070 2677 2177 2722 amare

194 2743 260 2806 imo
294 2744 357 2808 nisi
391 2744 550 2808 violenter
583 2745 734 2825 prostrati
763 2744 890 2809 cadent.
943 2742 1036 2823 Quod
1071 2742 1161 2807 addit
1211 2742 1466 2808 subsannatione
1487 2744 1643 2826 populum
1665 2764 1759 2808 suum
1782 2752 1816 2808 et
1836 2743 1921 2808 filios
1947 2742 2048 2809 Iacob
2078 2745 2176 2809 nomi·

195 2848 232 2893 ne
260 2827 414 2908 cohibeas,
444 2829 558 2894 modus
588 2840 637 2894 est
665 2828 817 2912 loquendi
847 2829 941 2893 valde
969 2829 1065 2894 tritus
1093 2829 1160 2893 He·
1213 2839 1284 2909 nat,
1325 2830 1380 2911 qui
1414 2829 1454 2895 eb
1487 2830 1612 2912 origine
1641 2849 1699 2894 sua
1732 2826 1935 2909 exciderant,
1974 2836 2007 2893 et
2041 2830 2177 2913 turpiter

195 2912 315 2977 brasis:
353 2915 484 2996 Loquor
506 2927 538 2977 et
561 2936 626 2977 non
649 2923 747 2978 taceo.
790 2914 901 2997 Vulgo
930 2915 1065 2979 dicimus
1090 2913 1162 2980 Grie
1211 2913 1414 2980 desciverant
1435 2933 1455 2978 a
1478 2926 1605 2997 patrum
1628 2914 1700 2980 lide.
1746 2914 1858 2996 Quare
1878 2914 2003 2980 ironice
2025 2928 2078 2980 est
2104 2936 2176 2981 oon·

194 3018 271 3063 sans
292 3019 466 3082 eepcrpner.
511 2998 665 3064 Diximus
687 2999 876 3082 prophetem
906 3019 972 3064 non
1003 2999 1090 3082 loqui
1121 2999 1160 3064 de
1212 3000 1323 3064 cessio.
1361 3004 1411 3064 Ao
1427 3000 1456 3063 si
1478 3000 1600 3064 diceret
1620 2999 1742 3065 nullam
1765 3001 2028 3084 praerogativam
2051 2998 2177 3066 obstare

195 3082 333 3167 simplici
357 3087 445 3150 vocis
468 3104 564 3163 sono,
593 3084 649 3150 sed
672 3085 929 3168 obiurgationem
958 3105 1105 3149 severam
1128 3095 1162 3149 ct
1213 3104 1277 3165 quo
1299 3085 1408 3150 minus
1431 3084 1566 3149 audiant
1588 3085 1671 3167 quod
1695 3095 1871 3151 merentur.

196 3189 343 3250 asperam
367 3170 565 3253 significare,
594 3189 659 3251 qua
682 3169 869 3252 hypocritas
892 3169 1022 3252 percelli
1044 3190 1160 3253 operes
1297 3169 1327 3234 2.
1357 3168 1425 3254 (Me
1446 3175 1548 3235 tornea
1570 3171 1705 3252 quotidie
1732 3169 1908 3257 quaeram)
1955 3169 2020 3237 Hic
2050 3190 2175 3237 omnem

195 3254 335 3404 getium
358 3267 417 3320 est.
461 3254 615 3337 Exempli
636 3255 750 3339 gratia,
773 3255 801 3317 si
824 3254 999 3337 prophetae
1029 3255 1068 3319 de
1090 3254 1161 3337 lege
1212 3253 1406 3336 obloquendi
1425 3257 1594 3320 materiam
1617 3256 1759 3321 adimere
1783 3256 1884 3321 voluit
1897 3255 2092 3341 hypocritis,
2113 3258 2177 3340 qui·

230 3341 330 3405 omini
363 3340 467 3406 solum
501 3340 599 3406 verba
631 3340 791 3417 fecerent,
825 3351 921 3422 atque
953 3340 1162 3405 ostenderent
1213 3342 1272 3405 bus
1295 3340 1501 3422 exceptiones
1522 3341 1604 3406 istae
1625 3342 1659 3405 in
1682 3352 1834 3425 promptu
1856 3352 1966 3421 erant,
1993 3341 2066 3407 Nos
2085 3341 2176 3407 dme-

196 3446 278 3510 quae
300 3427 342 3492 sit
365 3427 478 3510 regula
500 3426 581 3491 bene
603 3436 636 3490 et
657 3434 767 3490 sancte
790 3424 932 3506 vivendi,
955 3425 1161 3491 commende·
1212 3447 1285 3491 mus
1305 3426 1422 3505 Deum,
1440 3426 1585 3505 colimus,
1609 3448 1765 3505 amamus,
1787 3437 1884 3509 atque
1903 3448 1977 3492 sum
1992 3427 2178 3511 quaerimus

195 3522 270 3577 rent
291 3512 414 3578 cultum
434 3511 505 3590 Dei,
530 3513 610 3577 vitia
631 3532 757 3595 quoque
774 3509 1049 3594 reprehenderent
1071 3511 1161 3576 nulle
1213 3520 1279 3577 toto
1309 3512 1437 3576 effectu.
1485 3511 1556 3580 Gur
1585 3535 1644 3578 noe
1673 3524 1828 3596 tanquam
1858 3513 1974 3595 impios
2001 3512 2175 3598 obiurgas?

196 3598 341 3663 adhibite
363 3598 584 3675 vehementia,
616 3597 691 3680 qnid
715 3597 881 3661 efficerent
902 3597 988 3680 apud
1011 3597 1160 3679 hypocri·
1212 3617 1289 3661 nem
1305 3598 1474 3662 instituere
1489 3600 1591 3662 vitem
1608 3608 1751 3663 nostram
1764 3599 2177 3683 volumueexprsesoripto

196 3696 263 3756 tae,
295 3704 433 3766 quornm
456 3686 653 3748 conscientie
674 3684 719 3747 sic
748 3683 853 3764 sopita
881 3693 931 3747 est
957 3691 994 3746 ut
1020 3691 1161 3765 nequeat
1211 3682 1304 3765 legis.
1337 3682 1383 3748 Ut
1404 3693 1552 3749 occurret
1575 3684 1649 3747 huic
1670 3684 1861 3767 exceptioni,
1884 3695 1981 3768 negat
2001 3682 2176 3768 quidquam

197 3769 262 3833 nisi
285 3769 424 3834 admotis
450 3770 570 3835 aculeis
599 3766 757 3833 excitari?
801 3766 916 3849 Itaque
941 3767 1080 3850 simplex
1109 3767 1162 3832 do·
1211 3768 1252 3834 ab
1274 3769 1352 3852 ipsis
1374 3789 1455 3851 pure
1476 3776 1533 3834 ant
1554 3769 1679 3834 sincere
1701 3770 1769 3853 agi:
1803 3769 1912 3834 omnia
1938 3768 2018 3836 ficte
2047 3790 2119 3835 esse
2145 3778 2177 3835 et

197 3853 291 3920 cendi
313 3856 396 3919 ratio
419 3875 483 3918 non
505 3855 678 3930 sufficeret,
709 3853 773 3919 nisi
795 3854 900 3919 acrius
921 3853 1090 3934 instarent,
1112 3863 1161 3918 at·
1212 3854 1382 3920 simulate:
1405 3855 1515 3936 itaque
1537 3854 1659 3920 nullius
1681 3874 1751 3919 esse
1773 3855 1929 3920 momenti
1950 3854 2039 3939 apud
2061 3854 2176 3935 Deum,

196 3961 257 4020 que
301 3939 438 4003 fulmina
481 3939 653 4003 ¹verborum
696 3939 730 4003 in
774 3938 860 4021 ipsos
902 3944 1161 4021 contorquerent.
1213 3942 1267 4022 qui
1289 3940 1453 4022 integrum
1481 3939 1626 4003 animum
1653 3941 1800 4022 requirit.
1843 3940 2017 4006 Notandus
2046 3952 2097 4006 eet
2125 3940 2176 4005 hic

197 4025 318 4089 Paulus
341 4026 438 4089 etiam
462 4024 607 4088 imitatus
631 4023 811 4105 prophetae,
843 4034 1011 4106 postquem
1034 4026 1162 4088 univer·
1213 4024 1292 4089 ordo
1312 4044 1407 4105 quem
1431 4024 1588 4107 prophete
1611 4034 1769 4107 sequutus
1792 4037 1856 4090 est:
1889 4037 2062 4110 postquem
2091 4027 2176 4091 enim

197 4132 268 4176 sum
292 4131 395 4193 genus
417 4109 586 4174 hominum
609 4108 784 4186 damnavit,
811 4109 933 4173 meiere
956 4110 1163 4175 vehementia
1212 4110 1333 4175 bellum
1357 4109 1562 4173 denuntiavit
1583 4110 1689 4192 impiis
1711 4121 1745 4175 et
1767 4110 1955 4194 hypocritis,
1977 4131 2092 4177 severe
2114 4112 2176 4176 iem

196 4196 338 4278 insurgit
358 4196 393 4258 in
416 4216 469 4259 eos
491 4196 546 4277 qui
568 4197 706 4276 speciem
727 4193 866 4276 aliquem
885 4195 1066 4260 sanctitatis
1085 4215 1162 4277 prae
1213 4196 1300 4276 ipsos
1323 4195 1448 4277 arguit:
1471 4206 1567 4276 atque
1590 4206 1777 4277 praetextus
1799 4197 1921 4275 adimit,
1942 4205 1975 4261 et
1996 4196 2092 4263 fucos
2108 4199 2177 4281 qui·

196 4304 231 4347 se
253 4280 409 4359 ferebant,
432 4289 466 4344 et
487 4280 706 4345 abutebantur
726 4280 884 4361 patientia
906 4280 978 4356 Dei,
1008 4281 1102 4360 Ecce,
1124 4289 1161 4344 tu
1214 4282 1273 4345 bus
1295 4301 1329 4345 se
1351 4280 1552 4364 obtegebant.
1594 4279 1649 4346 Sic
1670 4283 1758 4346 enim
1781 4281 1943 4347 tractandi
1964 4292 2046 4349 sunt
2076 4283 2176 4367 hypo-

197 4367 338 4432 Iudaeus
361 4367 607 4448 cognomineris,
630 4377 662 4427 ot
685 4364 861 4447 acquiescis
883 4366 916 4428 in
938 4365 1019 4448 lege,
1042 4376 1074 4430 et
1096 4365 1162 4448 glo·
1213 4368 1324 4437 oritae,
1346 4376 1379 4428 et
1401 4365 1491 4430 velut
1513 4365 1669 4432 educendi
1691 4366 1873 4433 elatebrie:
1895 4368 1973 4451 quie
1988 4367 2074 4433 nihil
2090 4368 2175 4453 apud

197 4455 291 4518 riaris
314 4453 348 4516 in
371 4450 451 4526 Deo,
478 4462 510 4513 et
533 4453 615 4515 nosti
644 4451 862 4525 voluntetem,
893 4470 931 4515 ao
958 4450 1076 4532 probes
1104 4472 1161 4514 ex·
1213 4453 1298 4533 ipsos
1320 4451 1439 4533 alioqui
1462 4449 1609 4515 doctrine
1630 4454 1786 4534 proficere
1808 4460 1924 4535 posset
1959 4454 2028 4518 Nec
2049 4464 2176 4519 tantum

194 4539 283 4621 imia,
301 4537 470 4602 institutus
489 4557 529 4600 ex
549 4536 636 4619 legs:
658 4534 855 4617 confidisque
873 4542 904 4598 te
923 4535 1029 4617 ipsum
1048 4535 1162 4600 ducem
1214 4536 1267 4602 hic
1295 4535 1374 4600 ordo
1404 4537 1465 4618 piis
1494 4537 1676 4602 doctoribus
1705 4537 1863 4603 tenendus
1891 4548 1957 4603 est:
1990 4537 2049 4604 sed
2076 4559 2176 4605 unus·

196 4645 373 4699 caecorum,
398 4623 507 4686 lumen
531 4643 643 4686 eorum
667 4622 721 4703 qui
744 4622 778 4684 in
801 4618 943 4684 tenebris
965 4631 1058 4700 sunt,
1087 4642 1159 4686 eru·
1214 4623 1348 4704 quisque
1370 4621 1405 4684 in
1428 4641 1521 4685 usum
1545 4642 1639 4685 suum
1671 4622 1756 4687 hano
1785 4624 1920 4689 docendi
1942 4625 2103 4690 rationem
2124 4644 2176 4691 ac·

196 4711 331 4776 ditorem
350 4708 581 4790 insipientium,
604 4707 764 4773 doctorem
784 4705 1019 4787 imperitorum,
1042 4705 1161 4771 haben·
1213 4705 1416 4771 commodare
1438 4706 1549 4784 debet,
1582 4730 1622 4770 no
1644 4709 1704 4773 sibi
1733 4710 1870 4791 placeat,
1903 4718 1960 4774 eut
1989 4710 2081 4775 vitiis
2110 4712 2176 4775 suis

196 4808 258 4862 tem
292 4795 430 4859 formam
465 4793 659 4876 cognitionis
690 4799 722 4856 et
761 4790 908 4856 veritatis
949 4812 1006 4872 per
1044 4792 1159 4874 legem.
1213 4791 1413 4857 blandietur:
1448 4813 1488 4855 ne
1518 4793 1626 4857 fucum
1658 4792 1717 4857 sibi
1753 4795 1866 4875 faciat,
1900 4805 1957 4859 aut
1989 4796 2177 4881 praestigiis

196 4882 261 4963 Qui
284 4880 385 4963 igitur
408 4880 502 4945 doces
525 4879 639 4955 alium,
674 4887 706 4941 te
735 4877 839 4959 ipsum
871 4896 935 4939 non
962 4876 1071 4941 doces:
1106 4878 1159 4957 qui
1213 4878 1356 4942 Satanae
1377 4877 1470 4940 illudi
1494 4879 1642 4959 patiatur.
1687 4878 1857 4963 Integrum
1886 4901 1963 4963 ergo
1995 4889 2030 4944 et
2057 4901 2176 4964 purum

194 4966 360 5049 praedices
383 4987 450 5028 non
471 4962 656 5039 furandum,
678 4962 807 5039 furaris,
831 4971 889 5026 eto.
913 4960 1020 5046 (Rom.
1043 4962 1072 5039 2,
1097 4963 1160 5042 17).
1212 4963 1356 5026 animum
1388 4961 1519 5045 afforet,
1553 4965 1579 5026 si
1608 4965 1762 5044 proficere
1791 4967 1825 5028 in
1855 4965 2001 5030 doctrina
2032 4968 2122 5032 verbi
2145 4979 2176 5032 et

196 5052 327 5116 Talibus
357 5050 512 5116 iudicium
540 5049 601 5113 Dei
632 5059 665 5111 ot
694 5045 888 5112 horrendem
919 5047 1074 5111 ultionem
1105 5049 1159 5111 de·
1211 5047 1283 5110 Deo
1306 5056 1419 5129 gratus
1442 5069 1512 5111 esse
1535 5048 1623 5111 velit.
1657 5050 1727 5113 Etsi
1752 5063 1858 5114 eutem
1882 5050 2015 5133 perfidis
2038 5064 2177 5118 etmen-

195 5137 336 5200 nuntiat:
372 5135 456 5218 quod
480 5136 623 5200 bonitate
646 5134 714 5198 eius
737 5133 826 5198 abusi
855 5135 937 5215 sint,
971 5143 1068 5215 atque
1091 5134 1158 5196 ina·
1212 5133 1343 5197 denibus
1365 5134 1510 5198 concedit
1531 5133 1635 5198 Isaiae
1655 5135 1793 5217 aliquam
1818 5138 1998 5201 sanctitatis
2020 5140 2174 5222 speciem:

195 5224 279 5286 niter
301 5223 368 5286 eius
392 5223 521 5286 nominc
543 5243 577 5286 se
599 5221 730 5285 iactent.
763 5219 816 5283 Ita
836 5219 982 5283 hocloco
1002 5218 1157 5300 prophete
1212 5239 1324 5283 rursus
1347 5230 1456 5283 temen
1480 5219 1680 5285 amarulenta
1703 5222 1808 5305 figure
1831 5244 1884 5288 eos
1906 5223 2110 5308 perstringit,
2139 5244 2176 5290 eo
