4784 5970
187 372 252 438 299
1069 367 1120 435 IN
1141 366 1307 435 ISAIAM
2123 364 2188 433 Μ)

188 562 304 644 Itaque
324 557 406 624 nihil
434 566 483 623 est
511 555 595 639 quod
626 577 713 621 nuuc
746 556 918 638 prohibeat
950 564 1065 639 gentes
1098 557 1158 620 mi·
1208 555 1351 640 populus
1373 554 1434 620 sub
1456 554 1527 639 lege
1550 575 1663 621 verum
1688 555 1751 620 Dei
1780 554 1905 621 cultum
1935 553 2061 632 tenuit,
2095 554 2185 622 cuius

188 649 329 712 nistrare
348 643 428 721 Deo,
447 663 549 725 quum
571 643 605 706 in
625 641 794 724 templum,
816 640 878 708 hoo
897 648 955 722 est,
977 642 1159 725 inpiorum
1211 642 1317 726 gratia
1338 640 1547 724 peculiariter
1569 642 1599 706 ei
1622 639 1779 724 templum
1803 639 1943 707 dicatum
1971 647 2062 707 erat:
2097 661 2184 707 nuuc

188 742 317 800 coetum
340 740 473 795 vocatae
495 729 571 793 siut.
616 727 688 792 Imo
717 748 823 812 nuper
853 725 997 793 vidimus
1030 727 1159 792 atribu
1212 727 1363 793 omnibus
1382 727 1564 808 promiscue
1581 728 1761 810 patefactus
1778 735 1829 793 est
1845 725 1953 793 aditus
1969 727 2006 792 in
2025 725 2182 811 templum

188 817 321 883 levitica
355 814 573 881 sacerdotium
608 835 673 877 oon
706 815 802 878 modo
835 814 876 878 ad
911 821 1014 878 totum
1049 812 1158 896 populi
1211 812 1275 877 Dei
1297 821 1336 877 ut
1358 833 1439 895 pore
1461 813 1495 877 iu
1519 815 1598 896 ipso,
1627 813 1743 887 idest,
1776 811 1894 896 ubique
1923 812 2072 878 adorent.
2117 811 2182 877 No·

188 904 326 986 vulgus,
358 901 415 967 sed
443 900 485 966 ad
507 901 593 982 ipsos
616 907 744 964 exteros
765 899 945 964 transferri.
988 898 1160 979 Quantum
1212 895 1312 962 tanda
1339 907 1390 963 est
1418 910 1528 963 autem
1559 897 1711 981 loquendi
1741 899 1862 973 forma,
1895 918 1980 981 qnae
2013 896 2183 982 prophetia

188 988 303 1053 Iudaei
322 987 518 1052 abhorreant
538 984 579 1049 ab
596 985 658 1049 hac
675 985 847 1060 sententia,
871 985 949 1049 satis
967 997 1081 1049 uotum
1099 992 1158 1049 est
1211 984 1332 1049 usitata
1354 991 1404 1048 est
1425 994 1459 1048 et
1480 984 1668 1049 familiaris:
1689 991 1831 1049 utuntur
1851 984 1940 1050 enim
1962 983 2079 1068 liguria
2101 1004 2183 1067 qnae

189 1075 274 1140 Nam
297 1074 358 1138 etsi
379 1073 489 1154 legant
512 1071 591 1136 haec
613 1071 791 1154 prophetae
814 1069 928 1150 verba,
962 1084 1072 1135 tamen
1100 1089 1158 1150 pro
1211 1070 1311 1132 aetati
1333 1090 1412 1134 suae
1433 1071 1652 1149 conveniunt,
1682 1070 1777 1136 sicuti
1800 1071 1866 1136 iam
1889 1067 2053 1149 diximus,
2084 1080 2182 1152 atque

188 1180 318 1226 summo
350 1168 501 1241 portento
536 1156 675 1233 ducunt,
710 1165 825 1239 gentes
858 1156 898 1221 ad
932 1164 1063 1222 tantum
1094 1154 1159 1219 Dei
1182 1184 1187 1249 1
1211 1155 1443 1220 sacrificiorum
1466 1165 1499 1220 et
1525 1155 1636 1239 templi
1665 1157 1796 1220 nomine
1823 1176 1941 1238 purum
1964 1155 2030 1221 Dei
2056 1156 2180 1221 cultum

188 1245 383 1310 beneficium
399 1242 506 1308 vocari
527 1242 615 1324 quod
634 1243 842 1326 peculiariter
860 1241 940 1325 ipsis
958 1240 1159 1307 destinatum
1184 1264 1187 1275 ·
1211 1240 1393 1324 designaut.
1427 1238 1588 1325 Depingit
1602 1244 1690 1305 enim
1705 1241 1875 1322 spirituale
1890 1241 2017 1308 Obristi
2032 1261 2182 1325 regnum,

189 1342 267 1396 erat.
311 1330 372 1394 Est
405 1338 516 1393 tamen
548 1341 662 1412 aperta
693 1327 872 1411 prophetae
904 1327 1081 1393 sententia:
1121 1332 1160 1390 ut
1210 1327 1272 1389 sub
1295 1346 1358 1408 quo
1381 1346 1481 1408 puras
1504 1325 1623 1410 ubique
1646 1346 1762 1392 manus
1786 1326 1910 1406 tollere,
1940 1347 1979 1394 ac
2000 1326 2114 1393 Deum
2135 1328 2182 1392 in·

189 1425 339 1498 nequeat,
362 1415 424 1479 uisi
448 1435 577 1479 summa
599 1412 816 1496 impudentia,
848 1413 883 1477 in
905 1412 1039 1478 dubium
1070 1433 1159 1476 revo-
1211 1431 1327 1475 vocare
1360 1411 1451 1478 lieet:
1486 1433 1546 1478 uec
1579 1416 1642 1477 iam
1677 1413 1712 1476 in
1746 1413 1868 1495 templo
1900 1412 1973 1490 illo,
2007 1424 2046 1478 ut
2078 1413 2183 1496 inquit

189 1504 265 1566 cari.
322 1501 472 1567 Gratiam
505 1500 592 1564 hauc
625 1519 644 1562 a
677 1499 786 1564 fructu
820 1496 1044 1564 commendat:
1084 1498 1159 1580 quia
1212 1495 1365 1562 Ohristus
1399 1498 1485 1580 apud
1519 1498 1699 1563 Iohannem
1732 1497 1776 1582 (t,
1805 1495 1878 1583 21),
1910 1497 2103 1564 adorandus
2135 1509 2183 1564 eat

189 1587 270 1652 haec
292 1589 336 1651 sit
356 1607 436 1652 vera
456 1596 489 1650 et
510 1585 613 1650 solida
641 1584 795 1663 felicitae,
826 1585 967 1667 propitio
989 1584 1061 1648 Deo
1083 1583 1158 1648 frui.
1210 1581 1314 1665 Deus,
1336 1581 1392 1648 sed
1416 1586 1484 1648 veri
1507 1584 1694 1649 adoratores
1716 1584 1824 1666 ipsum
1847 1585 1986 1650 adorant
2007 1585 2043 1649 ic
2065 1585 2181 1667 spiritu

190 1673 322 1739 Scimus
344 1672 475 1753 quidem
497 1671 613 1753 impios
642 1670 766 1734 laetitia
796 1669 960 1735 diffluere:
992 1668 1047 1735 sed
1077 1689 1159 1752 quae
1211 1679 1245 1731 et
1268 1669 1414 1734 veritate.
1461 1668 1680 1750 Quamobrem
1703 1680 1835 1752 apertae
1865 1670 1964 1735 huius
1991 1670 2182 1754 prophetias

189 1761 330 1824 vertitur
351 1761 386 1821 in
409 1756 583 1823 stridorem
611 1756 776 1838 dentium,
810 1755 887 1838 quia
916 1755 1089 1820 maledicta
1110 1764 1160 1819 est
1210 1754 1484 1836 complementum
1523 1757 1703 1820 cernimus:
1744 1756 1829 1838 quod
1870 1756 1993 1821 scilicet
2033 1754 2182 1821 omnibus

189 1845 310 1909 aDeo.
356 1842 532 1908 Caeterum
562 1843 652 1906 Deus
681 1841 777 1906 corda
806 1842 934 1922 piorum
964 1840 1159 1907 suavimimo
1211 1841 1340 1920 populis
1362 1840 1563 1905 domusDei
1586 1841 1671 1905 loeta
1693 1840 1912 1907 alterationis
1934 1841 2061 1921 domus,
2084 1842 2181 1907 utab

189 1930 308 2013 gaudio
330 1928 511 2011 perfundit,
542 1949 607 1991 non
631 1927 736 1992 solum
759 1948 793 1992 ee
815 1927 880 1992 illis
902 1926 1066 2009 placatum
1089 1946 1159 1991 esse
1211 1926 1363 1990 omuibus
1376 1928 1544 1992 invocetur
1561 1927 1655 1992 Abba
1669 1938 1772 2009 pater,
1795 1926 1904 2011 idest,
1922 1929 2039 2010 quavis
2055 1926 2181 2011 lingua:

188 2014 373 2089 ostendens,
404 2015 461 2079 sed
483 2014 538 2078 ubi
560 2033 715 2095 prospero
746 2033 856 2076 rerum
885 2034 1036 2079 successu
1062 2010 1160 2077 bene·
1211 2032 1253 2074 ne
1276 2011 1427 2093 deinceps
1450 2012 1509 2076 soli
1531 2012 1647 2077 Iudaei
1668 2033 1704 2077 se
1720 2011 1829 2077 Deum
1852 2012 1973 2079 habers
1990 2012 2181 2097 glorientur.

188 2102 363 2166 volentiam
391 2120 485 2164 suam
515 2118 552 2163 ac
582 2100 725 2163 favorem
759 2095 919 2174 declarat,
951 2099 1159 2182 praecipuum
1211 2095 1329 2179 Itaque
1352 2097 1527 2179 prophetas
1544 2118 1728 2163 sermonem
1744 2119 1841 2163 suum
1862 2097 2110 2164 accommodare
2123 2118 2181 2162 suo

188 2197 297 2251 tamen
321 2199 370 2251 est
391 2185 549 2269 gaudium
570 2182 652 2248 illud
670 2206 711 2247 ex
731 2205 809 2265 pace
826 2184 1054 2263 conscientiae,
1075 2180 1160 2266 quod
1212 2183 1348 2263 tempori
1372 2192 1404 2246 et
1427 2183 1547 2247 usitato
1570 2185 1648 2249 ritui
1671 2203 1802 2248 necesso
1823 2184 1893 2259 fuit,
1917 2194 1954 2248 ut
1975 2185 2018 2249 ab
2034 2184 2181 2249 omnibus

189 2273 315 2337 Paulus
348 2270 503 2335 adscribit
535 2291 636 2353 regno
662 2270 739 2345 Dei,
775 2289 838 2351 quo
867 2269 991 2334 scilieet
1019 2269 1160 2333 fruimur
1212 2268 1486 2350 intelligerentur.
1537 2269 1606 2333 Neo
1639 2270 1726 2333 enim
1760 2269 1873 2334 aderat
1905 2282 2036 2352 tempus
2068 2269 2182 2352 plenae

189 2379 288 2441 quum
312 2356 384 2420 Deo
407 2378 464 2438 per
487 2355 657 2420 Christum
682 2353 882 2419 reconciliati
910 2375 1033 2419 sumus.
1078 2354 1159 2417 Pro·
1213 2353 1431 2435 revelationis,
1456 2354 1512 2418 sed
1535 2356 1641 2419 cultus
1656 2354 1720 2420 Dei
1737 2356 1836 2420 variis
1852 2355 1967 2438 figuris
1980 2356 2182 2420 convestitus

190 2444 292 2507 mittit
315 2443 413 2506 etiam
436 2442 498 2506 sibi
521 2450 615 2523 grata
637 2442 704 2504 lore
726 2440 893 2517 sacrificia,
924 2440 1076 2523 quoniam
1099 2438 1160 2504 hac
1213 2450 1292 2504 erat.
1343 2439 1517 2504 Caeterum
1552 2439 1686 2507 dubium
1721 2461 1785 2504 uon
1819 2460 1869 2504 est
1901 2441 1979 2524 quin
2014 2440 2182 2524 templum,

189 2528 262 2612 lege
285 2528 390 2592 vocati
413 2540 489 2591 sunt
512 2546 625 2589 omnes
647 2537 684 2590 ut
706 2547 740 2590 se
762 2536 795 2590 et
816 2546 876 2589 sua
890 2527 1005 2591 omnia
1022 2525 1161 2590 offerant
1212 2523 1299 2606 quod
1322 2526 1447 2588 nomini
1470 2525 1532 2590 Dei
1555 2538 1778 2591 consecratum
1799 2537 1878 2604 erat,
1908 2547 1984 2591 vere
2008 2526 2107 2592 luerit
2127 2525 2181 2590 do·

191 2615 272 2679 Deo.
315 2612 475 2694 Intelligit
508 2620 617 2676 autem
642 2612 870 2676 sacrificiorum
900 2612 1032 2676 nomine
1065 2610 1159 2693 spiri·
1213 2630 1286 2675 mus
1308 2611 1418 2692 ipsius.
1453 2612 1537 2676 Nam
1560 2633 1619 2694 per
1642 2613 1766 2677 Mosem
1789 2623 1926 2677 testatus
1946 2622 2027 2696 erat,
2050 2612 2181 2679 ubicun-

190 2699 313 2763 tualem
331 2699 453 2763 cultum
472 2698 535 2762 Dei
554 2698 658 2778 qualis
675 2699 709 2760 io
729 2697 901 2780 evangelio
920 2696 1159 2781 praescribitur.
1213 2715 1275 2776 que
1297 2697 1422 2760 nomini
1444 2719 1502 2761 suo
1524 2699 1712 2762 memoriam
1737 2699 1866 2777 laceret,
1889 2698 1934 2763 ibi
1952 2719 1988 2763 se
2004 2699 2180 2763 affuturum

191 2784 276 2850 Nam
300 2784 456 2866 propheta
478 2784 633 2847 usitatum
657 2784 708 2847 sui
732 2785 886 2865 temporis
903 2803 1027 2848 morem
1045 2803 1160 2864 eequu·
1212 2779 1330 2858 (llxod.
1354 2783 1405 2862 20,
1427 2782 1492 2868 24).
1526 2785 1571 2848 Et
1593 2784 1749 2849 Solomou
1772 2786 1807 2848 in
1830 2784 2033 2849 dedicatione
2055 2783 2181 2865 templi:

191 2881 245 2935 tus
269 2879 326 2943 est,
350 2892 412 2950 quo
434 2870 542 2934 cultus
562 2870 623 2933 Dei
647 2869 746 2933 variis
764 2871 974 2934 coeremoniis
992 2869 1161 2933 involutus
1214 2865 1326 2947 Quum
1350 2870 1482 2934 venient
1503 2870 1626 2934 oraturi
1649 2871 1682 2934 in
1706 2869 1799 2933 domo
1819 2870 1889 2946 ista,
1914 2881 1950 2933 tu
1973 2869 2133 2935 exaudies
2150 2870 2182 2933 in

192 2964 271 3019 erat.
316 2954 412 3019 Nunc
436 2974 512 3017 vero
536 2975 594 3036 pro
624 2955 791 3019 sacrificiis
817 2954 948 3032 laudes,
981 2955 1159 3038 gratiarum
1213 2953 1320 3035 coelis,
1342 2953 1377 3019 in
1400 2955 1584 3021 habitaculo
1605 2956 1785 3020 mansionis
1807 2968 1882 3021 toas
1903 2954 1948 3037 (l.
1968 2956 2049 3039 Reg.
2070 2955 2102 3039 8,
2119 2954 2181 3040 33).

192 3042 354 3117 actiones,
385 3040 470 3103 bona
491 3058 606 3121 opera,
638 3060 697 3102 nos
720 3038 858 3121 denique
880 3041 967 3122 ipsos
995 3041 1161 3104 offerimus
1214 3041 1323 3120 Atque
1334 3039 1406 3105 ideo
1419 3042 1572 3106 Christus
1584 3042 1760 3123 exprobrat
1771 3039 2110 3126 Iudaeis(b1atth.2l,
2121 3040 2182 3122 13),

192 3125 273 3190 Deo.
314 3123 410 3204 Quod
433 3131 527 3206 grata
554 3126 623 3188 lore
651 3125 828 3207 significat,
862 3145 903 3188 ue
931 3147 971 3189 ex
1002 3125 1161 3208 dignitate
1213 3123 1297 3205 quod
1321 3124 1451 3188 domum
1475 3128 1576 3208 patris
1606 3128 1826 3191 converterint
1855 3126 1889 3191 in
1919 3126 2111 3209 speluncam
2140 3127 2183 3191 la·

193 3221 250 3275 aut
272 3210 471 3292 praestantia
499 3210 642 3291 ipsorum
673 3210 705 3272 id
736 3210 881 3275 accidere
905 3220 1071 3292 putemus:
1104 3208 1160 3274 sed
1214 3220 1361 3275 tronum:
1385 3221 1482 3293 atque
1504 3213 1603 3278 istum
1626 3213 1733 3278 locum
1749 3212 1918 3296 coniungit
1932 3233 2008 3277 com
2024 3210 2183 3277 Ieremias

192 3297 337 3381 gratuita
368 3295 433 3360 Dei
467 3295 702 3359 benevolentia.
755 3295 876 3360 Merito
908 3297 996 3360 enim
1029 3296 1161 3360 reiicere
1214 3293 1349 3380 locoll,
1374 3298 1438 3380 11).
1482 3297 1589 3363 Vocat
1611 3309 1719 3363 autem
1743 3298 1895 3364 Christus
1923 3299 2084 3381 templum
2113 3318 2183 3363 ora·

192 3391 311 3468 posset,
334 3383 362 3447 si
384 3402 442 3464 per
464 3402 499 3446 se
521 3382 593 3464 ipsa
615 3379 812 3445 aesfimaret
845 3381 918 3446 Hoc
940 3390 1049 3445 autem
1073 3380 1162 3445 velut
1214 3379 1312 3444 tionis
1335 3380 1484 3459 domum,
1513 3383 1624 3449 habito
1646 3386 1715 3449 eius
1738 3384 1892 3466 temporis
1920 3395 2093 3467 respectu,
2121 3403 2182 3467 quo

192 3467 326 3535 stimulo
349 3488 407 3532 nos
438 3466 650 3532 vehementer
680 3466 721 3530 ad
751 3466 894 3531 studium
923 3467 1026 3533 divini
1052 3466 1161 3532 cultus
1214 3466 1422 3550 evangelium
1445 3469 1588 3533 noudum
1611 3469 1811 3553 publicatum
1834 3480 1921 3534 erat:
1943 3489 2020 3533 nam
2041 3470 2107 3536 etsi
2128 3468 2183 3533 ad·

191 3555 323 3621 incitari
345 3553 446 3632 decet,
469 3552 554 3636 quod
577 3573 675 3635 opera
698 3560 819 3631 nostra,
852 3573 934 3634 quae
955 3552 1053 3618 nihili
1074 3561 1162 3635 sunt,
1215 3562 1350 3616 venerat
1371 3554 1451 3635 ipse,
1483 3555 1627 3619 nondum
1650 3565 1758 3619 tumen
1788 3556 1985 3634 innotuerat,
2017 3574 2080 3619 nec
2103 3557 2183 3620 ritus

192 3651 229 3704 ut
252 3661 335 3722 pura
358 3641 515 3704 sacrificia
536 3638 609 3703 Deo
631 3645 762 3721 accepta
783 3659 854 3704 esse
875 3638 1049 3704 cernimus.
1094 3637 1162 3703 Ad·
1214 3637 1295 3720 legis
1324 3639 1471 3724 abrogati
1500 3650 1604 3706 eraut.
1649 3641 1758 3722 Quum
1790 3650 1900 3706 autem
1929 3640 2040 3706 velum
2070 3640 2184 3724 templi

193 3725 240 3788 dit
262 3745 356 3804 cuper
386 3727 504 3789 altore:
536 3726 701 3805 quianon
731 3733 881 3807 poterant
907 3725 1003 3790 aliter
1031 3735 1163 3807 accepta
1214 3724 1352 3789 scissum
1374 3736 1432 3802 est,
1455 3736 1552 3808 atque
1574 3728 1774 3792 annunciata
1795 3736 1846 3791 est
1866 3726 2014 3792 remhsio
2036 3738 2184 3809 peccato·

193 3831 264 3875 esse
286 3808 374 3886 Deo,
408 3810 472 3872 nisi
499 3811 533 3872 in
563 3811 676 3888 altari,
710 3832 750 3873 ex
779 3830 843 3892 quo
874 3811 1163 3876 sanctificationem
1215 3830 1306 3891 rum,
1342 3810 1420 3874 haec
1451 3812 1564 3894 templi
1593 3812 1741 3877 encomia
1768 3832 1843 3877 cum
1871 3811 1944 3877 aliis
1969 3812 2183 3877 caeremoniis

193 3916 287 3959 suam
317 3894 489 3959 habebant.
533 3893 585 3957 Ita
607 3893 763 3976 quidquid
795 3896 965 3960 offerimus
997 3895 1163 3979 impurum
1215 3911 1394 3961 cessarunt.
1440 3898 1491 3962 Ab
1514 3898 1666 3962 omnibus
1688 3900 1775 3962 enim
1797 3897 1927 3981 populis
1949 3897 2042 3963 Deus
2064 3898 2184 3982 ubique

196 3982 273 4054 erit,
308 3980 369 4042 uisi
392 4001 433 4043 ex
456 3970 589 4044 (lhristo
611 3979 707 4044 altari
730 3990 841 4045 nostro
870 3981 1163 4046 sanctificationem
1215 3981 1359 4045 invocari
1389 3983 1505 4062 coepit.
1552 3984 1618 4048 Hic
1647 3985 1773 4048 interea
1802 3982 1984 4048 comodum
2014 3993 2079 4062 est,
2113 3982 2184 4049 ideo

196 4073 376 4129 mutuetur.
1216 4086 1275 4129 nos
1296 4066 1331 4129 in
1353 4065 1520 4132 ecclesiam
1543 4069 1654 4133 vocari
1675 4079 1714 4133 ut
1732 4069 1840 4134 Deum
1862 4069 2065 4136 invocemus.
2099 4068 2184 4134 Nam

281 4147 451 4233 (Qttoeiom
488 4151 598 4214 domas
629 4147 720 4233 meo.)
781 4150 877 4214 Prius
916 4152 995 4216 eolis
1034 4151 1164 4216 Iudaeis
1215 4151 1359 4214 inaniter
1380 4150 1580 4233 gloriantur,
1615 4155 1670 4235 qui
1694 4155 1849 4238 neglectis
1871 4155 2023 4238 precibus
2048 4162 2086 4220 et
2108 4175 2186 4221 vera

197 4236 395 4302 destinatum
428 4244 498 4298 erat
531 4235 705 4316 templum,
747 4254 766 4297 a
798 4237 915 4317 quibus
955 4238 1164 4319 peculiariter
1216 4237 1431 4313 invocatione,
1455 4236 1561 4301 locum
1584 4240 1618 4302 in
1634 4240 1770 4305 eeclesia
1784 4237 1941 4306 obtinent.
1976 4240 2185 4324 Quocunque

195 4323 346 4387 voluerat
383 4321 545 4384 Dominus
580 4321 734 4385 invocari.
790 4320 874 4384 Nam
908 4343 1007 4402 quum
1040 4323 1164 4387 Paulus
1215 4322 1315 4403 igitur
1337 4323 1370 4385 in
1393 4321 1462 4387 loco
1484 4323 1593 4401 simus,
1626 4347 1666 4389 ne
1688 4326 1750 4391 hoc
1771 4325 1849 4392 fidei
1870 4325 2062 4391 exercitium
2085 4347 2106 4391 a
2127 4349 2186 4393 uo·

195 4407 303 4493 (Rom.
327 4407 357 4481 9,
380 4405 414 4490 4)
444 4406 587 4470 ostendit
616 4405 754 4470 Iudaeos
780 4405 973 4470 antecellere
1002 4409 1163 4490 gentibus,
1215 4405 1265 4470 bis
1287 4407 1487 4490 negligatur:
1522 4409 1650 4491 quando
1671 4432 1713 4475 ex
1735 4411 1845 4476 verbis
1866 4411 1971 4477 Isaiae
2001 4411 2186 4497 colligimus

196 4495 243 4560 ait
265 4494 408 4575 ipsorum
431 4511 501 4555 esse
521 4490 678 4574 λατρείαν,
700 4490 733 4555 id
757 4498 817 4573 est,
839 4491 964 4556 cultum
982 4492 1056 4556 Dei.
1091 4491 1165 4557 Sin·
1216 4511 1380 4555 summum
1403 4501 1435 4556 et
1457 4494 1766 4561 excellentissimum
1796 4498 1859 4561 hoo
1887 4517 1958 4563 esse
1986 4496 2186 4564 sacrificium

195 4579 303 4664 gulari
326 4578 427 4660 igitur
450 4576 618 4659 privilegio
643 4576 801 4658 templum
823 4575 909 4658 apud
932 4576 1019 4658 ipsos
1046 4579 1163 4641 consti·
1216 4578 1300 4659 quod
1320 4577 1409 4641 Deus
1432 4580 1551 4661 exigit:
1572 4583 1656 4646 sicut
1678 4581 1775 4647 etiam
1799 4581 1921 4648 dicitur
1938 4582 2074 4651 Psalmo
2094 4583 2187 4668 quin·

196 4677 302 4731 tutum
326 4671 411 4726 erat:
436 4682 535 4744 quum
559 4662 691 4744 reliquis
714 4661 902 4726 nationibus
924 4661 1009 4726 idem
1027 4664 1164 4745 permis·
1216 4662 1403 4745 quagesimo
1420 4662 1464 4748 (v.
1485 4664 1547 4750 15),
1569 4675 1606 4730 ut
1626 4667 1661 4730 iu
1684 4689 1721 4732 eo
1744 4673 1908 4733 statuatur
1929 4668 2045 4750 templi
2067 4669 2188 4736 macti·

196 4772 269 4818 sum
310 4769 375 4812 non
408 4759 500 4812 esset.
551 4747 648 4811 Nunc
687 4768 764 4812 vero
803 4745 930 4811 sublato
969 4747 1163 4824 discrimine,
1217 4755 1266 4813 tes
1289 4747 1317 4812 si
1338 4747 1405 4813 illic
1428 4749 1561 4832 vigeant
1583 4772 1702 4833 preces.

196 4834 348 4904 omuibus
378 4831 582 4911 hominibus,
621 4832 843 4914 cuiuscunque
876 4833 983 4914 gentis
1015 4842 1071 4896 aut
1104 4834 1163 4899 loci
1302 4833 1330 4898 8.
1361 4832 1463 4915 (Dicit
1482 4835 1640 4901 Dotnious
1669 4836 1806 4924 ledaco.)
1857 4839 1981 4902 Iterum
2013 4843 2189 4906 confirmat

196 4923 327 4998 luerint,
349 4921 383 4983 iu
407 4917 572 5000 templum,
595 4916 657 4982 hoc
679 4928 737 5000 est,
760 4918 795 4981 in
817 4917 948 4981 domum
972 4917 1035 4982 Dei
1058 4939 1164 4983 acces·
1216 4916 1315 4982 lsaias
1347 4919 1431 5001 quod
1466 4921 1555 5001 prius
1590 4922 1629 4985 de
1662 4925 1867 4988 restitutione
1900 4923 2012 5007 populi
2047 4935 2187 4992 testatus

197 5029 252 5072 sus
286 5015 385 5090 patet.
441 5005 504 5069 Est
538 5003 624 5067 enim
659 5003 738 5066 adeo
771 5001 1002 5084 amplificatum
1038 5012 1075 5067 ut
1107 5025 1164 5086 per
1217 5011 1274 5066 est.
1322 5003 1405 5067 Nom
1437 5007 1609 5088 magnifice
1639 5008 1771 5088 quidem
1800 5007 1920 5074 extulit
1947 5010 2187 5093 gratiam'Dei,

196 5113 308 5158 omnes
332 5091 431 5156 totius
454 5090 541 5155 orbis
564 5097 672 5171 partes
694 5087 898 5152 extendatur.
933 5086 1057 5152 Omnes
1076 5089 1163 5152 enim
1216 5109 1281 5170 qua
1303 5089 1457 5171 populum
1482 5089 1675 5156 liberaturus
1698 5104 1784 5160 erat:
1811 5095 1869 5161 sed
1891 5092 1966 5158 talis
1989 5106 2063 5161 erat
2084 5097 2187 5164 ecole-

197 5178 345 5243 uationes
368 5185 501 5240 vocatae
523 5185 602 5240 sunt
625 5174 665 5238 od
684 5172 806 5237 cultum
826 5173 898 5236 Dei.
932 5172 997 5237 Hic
1015 5184 1163 5254 apertum
1216 5175 1282 5238 siae
1300 5183 1403 5239 status
1421 5186 1458 5237 ut
1476 5175 1614 5241 ridicula
1630 5177 1785 5244 eiusmodi
1804 5180 1965 5263 promissa
1982 5181 2187 5249 viderentur.

197 5262 371 5329 discrimen
393 5262 551 5327 habemus
573 5261 654 5345 legis
683 5267 716 5324 ct
743 5258 915 5342 evangelii.
960 5257 1055 5324 Unus
1078 5260 1162 5324 onim
1216 5258 1290 5323 Non
1302 5271 1380 5324 sunt
1398 5260 1499 5343 igitur
1516 5282 1774 5343 supervacaneae
1793 5265 1950 5331 eiusmodi
1962 5270 2188 5352 repetitiones,
