4784 5970
257 337 317 403 abl
1065 338 1453 407 PRAELEO'PIONES
2198 336 2262 403 552

257 527 361 609 ipsius
383 527 446 591 Dei
469 544 596 609 natura,
620 529 703 608 qued
727 529 850 593 scilicet
871 548 933 593 twtt
954 533 1054 594 seroet
1069 528 1104 592 ἑο
1121 548 1232 611 perpe-
1256 536 1260 691 ι
1284 528 1463 613 rebellem.)
1514 527 1656 610 Profecto
1683 532 1726 591 est
1754 528 1828 609 ipsa
1855 546 1951 608 saper
1977 546 2096 592 omnem
2125 533 2262 591 monam

258 619 356 692 taam,
379 633 473 693 neque
495 613 645 678 custodiat
667 615 702 678 ta
723 615 893 680 saeculam.
927 614 1021 679 Haec
1044 616 1153 690 verba,
1177 613 1232 677 ubi
1284 614 1452 697 excelsum,
1486 619 1514 679 et
1546 615 1654 679 sabtaa
1684 634 1803 678 emerem
1831 613 1974 678 arborem
1999 613 2204 696 frondosam,
2235 619 2264 677 et

259 699 450 781 simpliciter
481 712 663 781 ponuntur,
695 700 880 781 significant
914 701 1091 764 vindictam
1125 703 1233 765 lovere
1284 706 1421 765 scortata
1443 704 1486 765 est
1508 700 1583 765 tato.

257 785 291 848 in
316 784 441 848 anime:
464 802 496 850 et
519 785 632 866 lingua
656 800 768 850 nostra
791 787 955 850 imitamur
978 786 1123 867 phrasim
1143 785 1233 849 illam
1371 787 1399 852 t.
1424 785 1470 851 Et
1483 786 1563 863 atat,
1583 784 1659 850 Post
1671 785 1773 866 facere
1789 786 1894 867 ipsam
1911 783 1986 869 (hoe
2003 797 2062 861 est,
2086 794 2262 867 postquam

259 870 463 951 hebraicam,
497 872 534 935 Il
557 871 612 954 lay
638 872 746 953 parde.
791 871 877 935 Illud
904 873 1002 954 parde
1031 892 1132 954 quum
1161 872 1233 936 sine
1285 872 1361 937 lecit
1382 874 1492 937 emnia
1516 870 1608 955 haee)
1631 871 1673 936 ad
1694 891 1742 935 me
1762 875 1909 935 sacrare
1930 867 2047 955 (aliiiu
2066 872 2165 934 tertia
2190 891 2262 951 per·

257 956 412 1021 adiuncto
446 960 591 1039 ponitur,
634 958 814 1040 signifieat,
854 957 1126 1039 quemadmodum
1167 958 1232 1020 iam
1284 978 1364 1021 sena
1394 956 1551 1033 reddunt,
1586 956 1814 1042 Revertatur),
1848 960 1965 1021 etuoa
1993 975 2119 1023 rwersa
2142 962 2203 1021 est:
2236 962 2264 1021 et

259 1042 340 1122 dixi,
365 1043 539 1107 vindictam
564 1045 597 1107 in
620 1046 728 1106 animo
758 1045 933 1124 repositam
964 1045 1082 1107 lovere.
1127 1043 1232 1123 Atqui
1257 1032 1260 1145 )
1283 1045 1364 1108 eiua
1382 1042 1509 1124 perlida
1530 1044 1598 1108 aas
1619 1062 1707 1108 soror
1729 1041 1884 1108 Iebadab.

260 1130 341 1192 nihil
366 1145 414 1193 est
445 1131 549 1211 magis
577 1130 777 1193 eontrarium
810 1139 944 1193 naturae
975 1130 1052 1206 Dei,
1085 1130 1260 1257 sequitur*
1370 1129 1400 1194 8.
1429 1129 1474 1194 Et
1494 1129 1575 1204 otti,
1607 1129 1688 1211 quod
1717 1149 1812 1209 saper
1839 1128 1890 1192 bis
1917 1126 2059 1192 omnibus
2094 1127 2174 1209 (hee
2203 1143 2264 1202 est,

258 1214 390 1279 ludaeis
414 1216 541 1278 nullum
571 1216 676 1280 maius
706 1237 774 1279 esse
802 1215 1024 1296 obstaculum,
1058 1216 1120 1279 nisi
1146 1213 1231 1295 quod
1257 1276 1259 1281 ,
1285 1215 1370 1297 quod
1395 1226 1526 1298 propter
1545 1216 1633 1293 haec,
1656 1235 1773 1295 nempe
1791 1226 1872 1281 matt
1888 1214 2050 1296 signifieat
2065 1215 2263 1286 mersiones,

259 1303 429 1383 refugiunt
451 1301 577 1375 Deum,
608 1312 640 1364 et
670 1311 706 1364 ut
735 1309 814 1365 stitit
837 1300 956 1366 addicti
978 1322 1056 1365 suae
1079 1301 1231 1375 malitiae,
1257 1298 1260 1373 l
1287 1302 1337 1364 vel
1360 1300 1498 1384 causas),
1528 1301 1607 1381 qaia
1627 1305 1759 1365 scortata
1781 1304 1848 1364 erat
1877 1297 2000 1387 redebio
2022 1298 2140 1377 Israel,
2170 1299 2264 1363 dimi·

258 1389 306 1452 ita
335 1388 453 1451 nolunt
482 1389 632 1468 amplecti
660 1389 802 1462 veniam,
837 1409 919 1469 quae
946 1387 1025 1467 ipsis
1056 1386 1233 1451 liberaliter
1283 1388 1381 1451 serim
1401 1388 1505 1468 ipsam
1527 1384 1804 1471 (repudiaverim),
1826 1390 1854 1450 et
1875 1384 2013 1450 dederim
2033 1383 2152 1449 tiorum
2170 1404 2264 1464 repa-

256 1474 404 1538 offertur.
460 1473 556 1552 Quod
597 1474 637 1536 ad
673 1473 849 1538 secundum
885 1473 1061 1536 membrum
1098 1486 1231 1554 spectat,
1284 1473 1410 1537 dieram
1431 1474 1500 1538 etas
1519 1471 1660 1557 (repudii
1684 1471 1769 1557 eius)
1789 1470 1848 1549 illi,
1878 1476 1909 1535 et
1928 1490 1991 1536 aon
2010 1469 2118 1535 timuit
2134 1470 2266 1551 perfida

257 1559 382 1624 duabus
406 1561 509 1623 medis
533 1573 639 1641 potest
668 1560 797 1640 exponi.
843 1558 927 1622 Nam
958 1579 1129 1639 pessumus
1160 1558 1232 1622 sub·
1286 1557 1430 1624 letaaat
1456 1579 1542 1624 soror
1569 1559 1653 1635 eius,
1686 1561 1713 1622 et
1736 1557 1879 1639 prosecta
1907 1560 1967 1635 ea,
1999 1561 2027 1621 et
2055 1560 2193 1621 scortata
2222 1561 2266 1621 eat

258 1647 372 1710 audire
402 1645 596 1726 particulam
627 1645 887 1719 adversativam,
923 1644 1072 1725 quamvis
1103 1644 1234 1724 loquuta
1284 1646 1379 1709 etiam
1399 1645 1481 1727 ipsa.

258 1733 314 1813 sis,
338 1743 372 1794 et
394 1730 516 1803 feceris,
541 1732 630 1813 quasi
654 1731 776 1794 diceret
795 1730 885 1795 Deus
907 1752 942 1794 se
965 1733 1032 1794 fore
1055 1730 1232 1812 propitium

260 1817 402 1897 ludaeis,
432 1819 641 1898 quantumvis
663 1818 815 1882 atrociter
839 1816 1053 1897 peccaverint.
1100 1815 1166 1881 Sed
1186 1817 1234 1878 vi·
1373 1816 1437 1881 Hic
1459 1817 1643 1899 ingreditur
1666 1816 1824 1899 propheta
1845 1832 1966 1879 nevum
1984 1831 2189 1878 sermenem:
2213 1833 2266 1877 re·

259 1906 356 1968 detur
379 1903 462 1966 alter
482 1924 597 1966 sensus
619 1903 805 1983 simplicior,
829 1901 913 1984 quod
936 1900 1234 1967 seilicethieDeus
1287 1901 1350 1965 tert
1372 1904 1457 1966 enim
1488 1902 1566 1984 quid
1597 1902 1658 1967 sibi
1689 1901 1802 1966 aDeo
1833 1899 2024 1969 mandatum
2054 1899 2175 1974 luerit,
2208 1899 2265 1964 sed

260 2000 416 2072 queratur
445 1989 570 2052 nullam
600 2010 671 2053 esse
700 2010 791 2069 spem
823 1990 1049 2065 correctionis,
1083 1987 1232 2069 quoniam
1288 1998 1417 2069 tempus
1439 1988 1599 2071 designat,
1623 2008 1740 2070 nempe
1762 1998 1921 2073 regnante
1943 1985 2038 2049 lesia.
2084 1985 2192 2051 Porro
2214 2005 2267 2050 ea·

259 2074 474 2140 obduruerint
496 2075 537 2138 ad
560 2095 619 2138 sua
642 2076 772 2138 seelera.
819 2073 964 2154 Loqaata
993 2094 1034 2150 ea,
1064 2074 1178 2155 inquit,
1209 2077 1236 2137 et
1289 2075 1331 2138 tis
1363 2087 1476 2138 netum
1511 2086 1575 2149 eat,
1618 2086 1694 2139 tune
1733 2083 1904 2157 purgatam
1944 2071 2045 2135 luisse
2085 2081 2213 2136 terram
2246 2092 2267 2134 a

256 2163 373 2244 tacisti,
404 2162 589 2240 etpotaistt'.
635 2160 760 2223 Iterum
784 2160 880 2223 etiam
905 2160 958 2224 hie
980 2159 1110 2223 variant
1132 2160 1233 2223 inter·
1288 2161 1588 2241 superstitionibus:
1635 2161 1707 2242 pius
1740 2160 1827 2224 enim
1860 2158 1917 2223 ille
1951 2177 2010 2221 rex
2042 2167 2185 2222 conatus
2218 2170 2268 2220 est

259 2260 378 2329 pratee.
434 2248 519 2311 Nam
553 2247 667 2328 copula
702 2247 876 2310 resolvitur
917 2267 937 2310 a
971 2244 1162 2327 quibusdam
1200 2245 1233 2307 in
1288 2247 1458 2311 restituere
1476 2267 1592 2311 verum
1610 2245 1673 2310 Dei
1695 2245 1831 2315 cultum.
1854 2254 1888 2308 et
1908 2243 2037 2307 abolere
2058 2241 2173 2307 sordes
2195 2262 2266 2307 em·

259 2333 449 2416 particulam
473 2332 703 2406 similitudinis,
728 2331 779 2396 vel
802 2344 907 2409 abab,
938 2330 1116 2397 seeundum
1139 2331 1234 2412 qued,
1288 2351 1347 2396 nes
1385 2342 1417 2395 et
1458 2332 1720 2414 inquinamenta,
1768 2331 1887 2413 quibus
1926 2338 2117 2410 corruptum
2159 2329 2266 2392 fuerat

259 2420 367 2502 quoad
391 2420 541 2500 potuisti,
576 2432 612 2480 tu
644 2419 838 2499 perpetrasti
869 2417 1008 2483 seelera:
1042 2416 1097 2480 alii
1125 2428 1233 2480 autem
1289 2418 1462 2499 templum,
1491 2430 1525 2482 et
1547 2427 1616 2481 tota
1639 2417 1761 2501 religio.
1805 2413 1949 2481 Strenue
1979 2416 2080 2497 igit-ur
2110 2414 2147 2477 in
2178 2414 2267 2478 haue

259 2506 440 2587 simplicius
463 2515 495 2567 et
516 2506 644 2574 rectius,
669 2525 739 2566 tneo
762 2502 897 2567 iudicio:
921 2503 971 2566 Tu
994 2503 1083 2567 fuisti
1101 2523 1235 2584 praeva·
1288 2523 1358 2566 rem
1382 2503 1582 2569 incubuerat.
1628 2503 1696 2568 Nee
1719 2503 1849 2567 dubium
1873 2504 2024 2582 estquis
2052 2511 2133 2565 tane
2155 2498 2266 2582 aliqua

261 2591 338 2671 lida,
371 2591 430 2655 hee
451 2603 509 2664 est,
541 2603 608 2654 tote
631 2591 755 2671 irnpetn
781 2605 812 2652 te
835 2589 1007 2672 proiecisti,
1039 2589 1085 2653 ita
1115 2600 1150 2651 ut
1179 2610 1234 2652 ex·
1289 2588 1403 2655 melior
1425 2591 1548 2671 speeies
1570 2590 1700 2673 pietatis
1723 2590 1758 2652 in
1781 2599 1868 2653 terra
1889 2587 2026 2670 vigeret.
2071 2584 2141 2651 Sed
2172 2586 2266 2649 vide·

259 2692 354 2761 perta
377 2679 421 2741 sis
444 2697 557 2740 omnes
588 2683 661 2739 tuas
691 2677 777 2739 vires
806 2677 840 2738 in
869 2675 1053 2756 maleficiis,
1082 2673 1235 2756 quemad·
1289 2675 1396 2739 bimus
1419 2696 1572 2758 magnam
1596 2688 1721 2756 partem
1745 2675 1853 2756 pepuli
1871 2675 2022 2738 retortam
2043 2671 2265 2736 fuissesimu-

259 2763 392 2829 medum
417 2763 518 2826 latine
541 2763 689 2842 dicimus,
711 2783 769 2843 pro
794 2762 890 2836 virili,
915 2763 974 2826 hoe
997 2774 1056 2840 est,
1079 2774 1235 2843 quantum
1288 2760 1408 2824 latione
1431 2769 1464 2824 et
1493 2761 1645 2838 fallaciis,
1678 2757 1951 2843 quemadmodum
1984 2758 2053 2822 fieri
2086 2757 2173 2822 solet
2210 2756 2266 2821 ubi

259 2849 386 2914 ferebat
410 2860 466 2912 tua
489 2849 642 2929 facultas,
674 2850 761 2911 luisti
793 2847 923 2912 addicta
949 2847 1135 2911 sceleribus.
1180 2845 1236 2911 Sia
1290 2848 1501 2928 magistratus
1524 2848 1660 2928 cupiunt
1683 2846 1806 2912 eultum
1831 2844 1895 2910 Dei
1918 2846 2080 2926 integrum
2102 2843 2203 2926 tueri,
2233 2852 2265 2906 et

260 2939 362 3018 igitur
396 2935 608 3014 interpretor:
655 2935 744 2996 Deus
776 2945 947 3015 postquam
981 2931 1087 2996 induit
1127 2945 1237 3015 partes
1289 2954 1430 3016 purgare
1460 2934 1500 2997 ab
1529 2935 1618 2997 omni
1646 2932 1841 3014 corruptela.
1887 2930 2025 3012 Semper
2052 2928 2144 2994 enim
2168 2928 2264 2993 multi

262 3020 420 3093 delentis,
451 3033 483 3082 et
506 3022 639 3083 comiter
662 3019 810 3083 hortatus
833 3032 883 3083 cst
906 3018 1060 3101 populum
1087 3018 1127 3081 ad
1158 3018 1234 3082 resi·
1289 3030 1366 3083 sunt
1394 3019 1596 3103 hypocritae,
1629 3019 1685 3099 qui
1715 3018 1756 3082 ad
1786 3027 1918 3098 tempus
1946 3015 2173 3080 dissimulant:
2208 3013 2265 3079 sed

261 3107 463 3188 placentiam,
486 3122 518 3165 et
541 3126 575 3167 se
599 3105 638 3166 ad
660 3107 786 3167 veniam
802 3124 997 3186 propensum
1015 3105 1082 3166 tore
1098 3115 1236 3168 testatus
1288 3106 1412 3169 interca
1446 3119 1556 3169 manet
1596 3106 1709 3169 eadem
1746 3103 1919 3168 obstinatia
1952 3099 2110 3166 adversus
2145 3100 2263 3165 Deum.

263 3202 330 3271 est,
360 3203 393 3252 et
415 3190 510 3253 simul
534 3189 676 3252 ostendit
698 3192 730 3252 in
755 3211 890 3271 genere,
920 3211 954 3253 ee
985 3189 1056 3252 ideo
1079 3188 1144 3252 illis
1167 3189 1236 3252 fore
1288 3190 1377 3255 'Palis
1400 3191 1501 3273 igitur
1523 3191 1585 3254 luit
1607 3204 1685 3254 tune
1708 3190 1818 3271 pepuli
1841 3200 1961 3252 status:
1984 3199 2018 3252 et
2037 3186 2100 3251 hee
2123 3185 2265 3268 diligen·

262 3276 465 3358 placabilem,
490 3276 565 3357 quia
588 3290 705 3338 natura
727 3277 770 3336 sit
793 3295 974 3357 propensus
996 3275 1036 3338 ad
1056 3275 1237 3338 misericor·
1288 3288 1338 3339 ter
1363 3276 1540 3341 natandum
1564 3288 1625 3355 est,
1648 3277 1725 3358 quia
1747 3277 1851 3357 potuit
1870 3274 1973 3338 videri
1992 3272 2149 3338 Ieremias
2166 3270 2265 3354 paula

263 3362 367 3426 diam:
402 3377 573 3442 postquam
595 3361 697 3442 igitur
721 3361 800 3425 haee
823 3360 933 3424 omnia
954 3361 1121 3442 exposuit,
1151 3379 1237 3424 nune
1289 3363 1456 3426 duriuset
1485 3360 1622 3444 rigidius
1650 3372 1848 3445 cumgente
1876 3380 1936 3425 sua
1964 3377 2070 3441 agere.
2115 3357 2206 3422 Nam
2231 3357 2264 3421 in

262 3447 395 3513 subiicit
425 3469 459 3511 ee
488 3447 659 3527 desperare
689 3447 728 3510 de
758 3446 877 3528 popule
906 3445 976 3519 illo,
1012 3446 1087 3527 quia
1114 3446 1237 3512 scilieet
1287 3468 1343 3512 ore
1365 3449 1515 3512 omuibus
1538 3458 1609 3512 erat
1632 3447 1835 3511 reformatio:
1866 3443 2140 3527 quemadmodum
2163 3446 2265 3507 etiam

262 3534 424 3616 gloriatus
448 3535 598 3597 fueritin
623 3532 834 3597 suamalitie.
881 3532 985 3615 Loqui
1009 3533 1096 3595 enim
1126 3542 1159 3595 et
1189 3533 1236 3596 la·
1288 3533 1383 3597 hodie
1417 3532 1529 3613 multi,
1562 3535 1617 3615 qui
1652 3533 1771 3597 relictis
1804 3530 2088 3614 superstitionibus
2122 3542 2266 3612 papatus

262 3640 346 3696 eere,
371 3619 560 3682 tantundem
584 3619 681 3689 valet,
704 3638 740 3681 ae
761 3618 788 3682 si
812 3619 948 3683 dixisset
966 3618 1118 3700 populum
1138 3619 1236 3685 fuisse
1289 3621 1352 3685 visi
1374 3632 1450 3686 sunt
1468 3621 1560 3683 initio
1579 3620 1730 3702 amplecti
1751 3618 1913 3701 evangelii
1931 3615 2123 3693 doctrinam,
2146 3614 2266 3680 volunt

265 3716 359 3768 tanta
382 3706 592 3784 impudentia,
616 3716 650 3765 ut
673 3704 806 3768 iactaret
829 3725 864 3767 se
888 3703 1040 3767 rebellem
1063 3725 1133 3768 esse
1155 3703 1235 3783 Dee,
1288 3727 1375 3771 nune
1406 3727 1519 3771 Omnes
1549 3726 1619 3770 esse
1650 3714 1821 3770 contentos
1854 3702 2071 3785 qualicunque
2104 3701 2264 3765 reforma·

264 3801 299 3854 et
321 3789 454 3852 auderet
485 3791 634 3851 tenebras
666 3810 779 3853 vocare
809 3789 927 3854 lucem:
961 3788 1236 3871 quemadmodum
1287 3793 1383 3869 tiene,
1402 3813 1498 3873 quam
1518 3792 1655 3856 iactant:
1674 3787 2113 3870 iutereaexeutiuntiugam
2126 3786 2265 3863 Christi,

264 3877 385 3940 seimus
408 3875 650 3955 superstitiosos
673 3875 743 3936 sine
769 3875 837 3937 ulle
868 3874 989 3956 pudore
1019 3875 1150 3957 gloriari
1182 3875 1235 3938 ad·
1288 3899 1347 3944 nee
1370 3879 1592 3943 sustinentes
1615 3872 2264 3957 subiicerediscipliuaereuperentde·

268 3981 381 4023 versus
406 3959 521 4023 Dauni.
568 3958 656 4022 Talis
680 3969 787 4022 autem
812 3972 883 4023 erat
905 3960 1046 4025 eeuditie
1068 3959 1158 4023 illius
1181 3982 1236 4042 po·
1289 3965 1386 4046 nique
1409 3984 1558 4028 eversum
1581 3982 1709 4026 omnem
1732 3961 1897 4029 ordinem:
1932 3974 1967 4023 et
1996 3969 2108 4023 tamen
2140 3957 2264 4023 audent

267 4046 351 4128 puli:
386 4066 460 4106 narn
493 4048 551 4108 hee
581 4045 752 4125 praecipue
782 4044 873 4109 Deus
904 4046 935 4107 iu
966 4046 1032 4108 illis
1062 4045 1237 4110 damnabat
1289 4062 1478 4131 praetexere
1502 4047 1632 4113 titulum
1652 4047 1907 4113 reformationis:
1929 4045 2056 4128 quoties
2069 4045 2264 4127 coarguitur

266 4151 324 4214 per
346 4152 421 4193 sues
444 4131 633 4211 prophetes,
667 4130 750 4210 quod
774 4143 983 4212 corruperant
1012 4151 1132 4212 purum
1155 4131 1237 4214 legis
1288 4156 1401 4200 eorum
1424 4135 1583 4218 impietas.
1628 4134 1703 4198 Non
1728 4131 1862 4198 dubium
1884 4140 1935 4197 est
1955 4131 2033 4211 quin
2063 4129 2126 4194 hoe
2154 4142 2263 4193 ecrta·

265 4217 409 4284 cultum:
443 4215 492 4277 illi
522 4228 630 4278 autem
661 4216 845 4278 meretricia
868 4221 974 4278 t‘rente
995 4215 1158 4282 audebant
1180 4238 1235 4300 op·
1289 4242 1363 4285 men
1387 4222 1581 4285 sustinuerit
1604 4220 1770 4294 Ieremias,
1800 4239 1863 4301 quo
1886 4216 1981 4281 hodie
2006 4215 2170 4280 Dominus
2193 4236 2262 4279 ser-

265 4324 387 4386 ponere
410 4323 486 4365 suas
512 4301 710 4378 devotiones,
734 4317 765 4363 et
786 4301 885 4364 bonas
901 4304 1105 4376 intentiones,
1128 4324 1237 4384 quem·
1290 4328 1347 4373 vos
1381 4328 1455 4371 sues
1488 4319 1627 4372 exercet.
1683 4305 1760 4370 Ideo
1793 4303 1948 4386 exprimit
1977 4301 2040 4367 sibi
2070 4300 2130 4367 boe
2158 4300 2264 4383 faisse

265 4388 439 4454 admodum
466 4386 561 4467 vulgo
585 4387 771 4466 lequuntur.
817 4385 926 4465 Quium
951 4408 1028 4467 erge
1050 4388 1096 4449 ita
1115 4399 1236 4455 temere
1287 4393 1470 4458 mactatam
1492 4392 1721 4457 dtebaaleat'ae
1742 4390 1833 4473 repis,
1857 4409 1956 4471 quum
1978 4387 2103 4452 scilieet
2125 4406 2188 4451 rex
2211 4406 2263 4452 ea·

264 4496 324 4542 sua
347 4474 470 4555 flagitia
494 4472 713 4546 defenderent,
744 4473 796 4535 hic
818 4473 1025 4552 conqueritur
1048 4472 1147 4546 Deus,
1173 4497 1236 4537 non
1289 4491 1385 4542 uatus
1417 4492 1503 4541 esset
1532 4479 1657 4561 erigere
1687 4496 1804 4559 purum
1838 4474 1898 4539 Dei
1928 4473 2067 4556 cultum,
2101 4484 2136 4537 et
2163 4492 2263 4537 name

264 4582 335 4627 esse
359 4561 424 4623 ullo
447 4559 543 4621 modo
566 4557 742 4633 sanabiles,
776 4572 808 4621 et
831 4557 902 4621 ideo
926 4556 1082 4640 relinquit
1106 4579 1162 4637 pro
1184 4561 1234 4623 de·
1287 4564 1422 4628 auderet
1451 4564 1617 4638 resistere,
1651 4559 1923 4645 quemadmodum
1954 4560 2104 4624 videmus
2130 4558 2263 4642 publiea

264 4647 410 4730 ploratis.
456 4645 551 4707 Hauc
580 4644 730 4705 existimo
760 4646 934 4725 genuinum
962 4665 1032 4706 esse
1058 4645 1236 4794 prophetae
1287 4668 1447 4713 censensu
1471 4658 1549 4712 tune
1572 4648 1679 4713 Deum
1704 4647 1804 4713 fuisse
1832 4647 2021 4711 invocatum
2051 4645 2176 4727 absque
2206 4666 2262 4710 ex·

264 4742 419 4797 mentem.
464 4731 508 4793 Et
531 4729 643 4792 eodem
667 4730 763 4790 etiam
785 4729 927 4810 pertinet
949 4728 1034 4791 istud
1078 4741 1153 4801 :tat
1188 4731 1236 4795 Ta
1288 4736 1390 4798 ternis
1413 4735 1614 4815 corruptelle.
1661 4734 1748 4814 Quid
1773 4743 1881 4797 autem
1903 4732 2050 4797 continet
2076 4729 2138 4795 hee
2168 4750 2261 4794 man·

257 4819 410 4900 potuisti,
441 4816 562 4897 inquit,
595 4815 655 4878 lroe
679 4825 743 4894 cet,
776 4814 883 4877 nullus
908 4816 968 4878 tuit
992 4814 1049 4877 tihi
1081 4816 1234 4896 peccandi
1288 4818 1422 4883 datum?
1475 4820 1644 4899 Vidistine,
1679 4822 1803 4901 inquit,
1837 4817 1915 4899 qaid
1944 4817 2050 4899 feteat
2081 4817 2262 4881 aversatrix

264 4906 396 4982 modus,
436 4902 492 4967 sed
527 4902 633 4983 petius
666 4899 801 4963 ell'raeni
836 4900 965 4964 lieentia
1000 4915 1030 4961 tc
1062 4902 1234 4981 proiecisti.
1288 4905 1416 4969 Israel?
1469 4905 1644 4988 Comparat
1685 4906 1736 4970 hie
1772 4907 1862 4968 Deus
1899 4903 2010 4969 decem
2044 4903 2150 4967 tribus
2186 4922 2259 4966 eum

264 4991 361 5056 Nune
383 4989 539 5069 sequitur,
1259 5034 1262 5047 .
1286 5010 1388 5071 regno
1412 4991 1578 5069 Iehudah,
1611 4994 1663 5056 eui
1687 4991 1821 5055 dimidia
1851 4990 1956 5054 tribus
1978 4989 2154 5054 Beniamin
2184 5009 2260 5051 eon-

1259 5056 1261 5113 Ι
1287 5077 1395 5140 iuncta
1418 5086 1503 5156 erat,
1532 5084 1569 5139 ut
1598 5081 1677 5141 satis
1709 5088 1821 5141 netum
1852 5087 1910 5140 est.
1956 5075 2133 5158 (lamparet
2156 5075 2260 5156 igitur

351 5162 380 5223 6.
411 5158 455 5223 Et
475 5160 558 5223 atra
581 5158 716 5222 Ioltoeab
739 5157 780 5220 att
803 5175 849 5217 tac
871 5155 905 5217 ia
932 5155 1040 5218 diebus
1063 5156 1167 5218 lasiae
1187 5179 1234 5221 rc·
1285 5161 1440 5225 Israelem
1465 5182 1536 5224 cum
1562 5165 1647 5227 tribu
1670 5163 1834 5240 Iehudah,
1858 5183 1895 5226 ae
1919 5161 2010 5239 dicit,
2041 5163 2152 5226 Nouae
2173 5160 2261 5227 vides

261 5249 325 5331 pis,
354 5266 397 5309 aa
418 5246 527 5310 oidtste'
549 5245 624 5325 qtad
644 5244 750 5325 feeerit
773 5241 976 5305 conteraris?
1008 5242 1075 5324 (alii
1102 5256 1234 5307 vertunt
1258 5248 1261 5298 l
1284 5247 1360 5328 qaid
1378 5248 1484 5327 [eona
1504 5248 1624 5312 rebellis
1646 5249 1774 5313 Israel?
1814 5248 1945 5313 Indueit
1967 5260 2077 5313 autem
2100 5246 2162 5314 sub
2185 5266 2260 5327 per·
