4784 5970
196 357 257 423 201
1045 364 1196 431 CAPUT
1218 363 1347 430 xulx.
2127 365 2192 432 202

199 567 315 633 gemm
343 547 427 613 nihil
449 559 578 634 praeter
601 549 843 632 dissipationem
873 564 905 614 et
929 552 1114 617 vastitatem
1137 553 1172 614 in
1224 552 1394 617 cacumina
1416 552 1574 616 montium
1598 563 1635 616 ut
1656 551 1836 634 plurimum
1859 551 1949 617 arida
1973 574 2043 618 esse
2061 554 2191 620 scimus.

201 631 324 699 mundo
357 653 437 699 essa.
492 634 638 699 Mittitur
676 638 763 700 euim
803 634 974 714 Christus,
1014 649 1049 701 ut
1089 658 1173 719 quae
1224 636 1277 700 Ita
1305 637 1507 720 gubernatur
1533 637 1668 703 ecclesia
1696 637 1887 717 aChristo,
1920 649 1957 703 ut
1987 659 2050 703 nou
2080 641 2193 721 procul

202 729 365 803 prostrata
387 730 465 785 sunt
487 732 520 783 et
549 718 660 785 diruta
689 723 858 787 instauret.
904 720 940 787 Si
968 724 1097 807 integra
1122 743 1172 786 es·
1224 723 1308 787 absit
1336 721 1378 786 ab
1407 724 1540 788 incursu
1570 732 1603 787 et
1625 723 1744 787 iniuria
1768 723 1925 788 hostium:
1960 724 2006 791 sic
2036 726 2193 808 pasoitur,

200 816 275 872 sent
310 807 434 885 omnia,
470 807 592 870 trustra
626 806 779 873 Christus
812 806 852 871 ad
886 829 944 872 nos
977 809 1172 873 mitteretur.
1225 823 1262 872 ut
1282 808 1316 872 iu
1340 808 1480 872 horridis
1503 817 1613 873 tamen
1634 817 1667 873 et
1688 808 1821 873 incultis
1844 829 1940 892 saepe
1962 809 2040 874 locis
2059 810 2192 875 habitet.

204 893 320 974 Itaque
342 890 515 974 diligenter
537 891 772 956 consideranda
800 902 851 958 est
879 902 989 959 nostra
1016 893 1171 959 conditio:
1225 893 1409 970 Caeterum,
1432 894 1581 974 quamvis
1602 895 1795 958 immineant
1817 895 1936 971 hostes,
1965 895 2130 962 Dominus
2152 897 2192 961 ab

203 977 357 1061 quoniam
380 977 478 1041 alieni
497 978 612 1057 aDeo,
633 979 702 1042 vita
725 979 881 1058 destituti,
904 988 1000 1062 atque
1022 980 1062 1043 ab
1084 980 1173 1043 omni
1225 998 1337 1044 eorum
1360 980 1392 1044 vi
1416 989 1448 1043 et
1469 980 1589 1044 iniuria
1611 999 1669 1044 nos
1698 986 1834 1044 tutatur.
1878 979 1917 1044 si
1946 983 2105 1046 esurimus
2136 990 2193 1045 aut

203 1085 260 1146 spe
282 1062 398 1126 salutis
421 1063 545 1128 exclusi
568 1083 692 1128 sumus.
738 1062 804 1131 Sed
826 1084 846 1127 a
868 1065 1000 1130 Christo
1031 1067 1173 1129 restitui·
1225 1066 1408 1129 laboramus
1439 1065 1562 1147 inopia,
1596 1070 1723 1148 praesto
1760 1074 1810 1130 est
1846 1064 1886 1129 ad
1916 1065 2193 1131 subministranda

198 1171 275 1213 mur
307 1149 340 1210 in
372 1149 539 1233 integrum
568 1160 601 1212 et
633 1150 720 1231 patri
753 1151 881 1215 coelesti
916 1150 1171 1214 reconciliamur.
1225 1151 1354 1216 abunde
1376 1152 1485 1215 omnia
1507 1171 1588 1233 quae
1610 1148 1651 1214 ad
1675 1151 1796 1215 victum
1816 1161 1848 1214 et
1865 1150 1990 1216 cultum
2011 1154 2194 1217 necessaria

201 1233 364 1314 Adiungit
384 1236 482 1298 etiam
505 1234 609 1299 Isaiae
633 1234 788 1301 beneficia
813 1257 895 1318 quae
924 1256 982 1317 per
1004 1236 1172 1301 Christum
1225 1248 1311 1301 sunt.
1360 1238 1470 1317 Atque
1499 1238 1532 1299 in
1560 1236 1745 1301 huiusmodi
1775 1237 2020 1302 difficultatibus
2049 1248 2081 1300 et
2108 1239 2194 1320 peri·

204 1321 442 1400 consequimur,
465 1330 634 1402 postquam
657 1319 728 1385 Deo
752 1322 949 1386 renonciliati
970 1342 1091 1387 sumus.
1225 1323 1306 1388 culis
1328 1322 1445 1386 melius
1468 1321 1720 1387 sollicitudiuem
1744 1323 1812 1386 eius
1835 1330 1868 1385 et
1897 1341 2008 1386 curam
2037 1325 2193 1406 perspici-

286 1406 317 1469 9.
356 1404 416 1489 (Ut
443 1405 534 1471 duas
561 1405 697 1491 cludis.)
748 1407 955 1472 Describitur
984 1406 1034 1472 his
1064 1407 1173 1472 verbis
1225 1428 1305 1483 mus,
1329 1426 1426 1489 quam
1445 1409 1473 1470 si
1491 1418 1585 1471 extra
1602 1427 1732 1471 omnem
1751 1407 1885 1488 periculi
1903 1408 2007 1471 aleam
2026 1411 2193 1474 constituti

205 1491 344 1557 mutatio
368 1511 450 1571 quae
473 1490 598 1556 Christi
620 1492 763 1557 adventu
786 1493 933 1576 contigit.
978 1493 1093 1574 Neque
1123 1502 1171 1556 ta·
1223 1514 1377 1558 essemus.

203 1598 278 1642 men
310 1576 443 1641 dubium
474 1586 524 1642 est
556 1578 633 1658 quin
667 1578 827 1661 propheta
859 1578 991 1643 Iudaeis
1021 1578 1172 1643 solatium
1312 1579 1361 1644 10.
1385 1578 1473 1662 (Non
1490 1577 1647 1662 sacient.)
1690 1577 1977 1659 Confirmatquod
2001 1579 2195 1642 dictumest

203 1664 321 1727 afferre
344 1662 424 1727 velit
446 1663 480 1725 iu
504 1662 603 1727 rebus
624 1663 770 1745 perditis,
800 1684 842 1727 ne
865 1665 1026 1729 restitutio
1048 1665 1081 1728 in
1105 1685 1173 1728 me·
1225 1666 1391 1748 superiore
1413 1685 1519 1746 versu,
1548 1683 1618 1728 esse
1641 1666 1673 1726 iu
1697 1662 1759 1727 Dei
1783 1684 1879 1727 mauu
1901 1663 2065 1738 alimenta,
2096 1686 2137 1728 ne
2159 1666 2194 1727 in

201 1750 265 1813 lius
288 1747 353 1813 illis
376 1748 418 1812 sit
440 1747 654 1814 incredibilis:
678 1750 802 1831 quiase
818 1750 942 1814 excidio
958 1751 1024 1814 fere
1040 1748 1173 1814 devotos
1225 1752 1342 1814 itinere
1365 1749 1503 1813 Iudaeos
1527 1749 1681 1815 viaticum
1705 1747 1843 1813 deficiat.
1889 1749 1956 1813 Nec
1986 1748 2118 1814 dubium
2145 1761 2195 1814 est

205 1855 276 1901 esse
299 1832 443 1898 videant.
488 1834 621 1898 Interea
643 1835 676 1897 in
701 1855 820 1918 genere
842 1835 986 1901 ostendit
1015 1835 1109 1918 quale
1132 1836 1174 1900 sit
1225 1837 1302 1917 quin
1327 1836 1513 1900 revocatio
1537 1835 1740 1911 memoriam,
1769 1855 1868 1915 quum
1891 1836 1926 1898 iu
1950 1834 2077 1899 deserto
2100 1837 2194 1918 panis

201 1920 344 1986 officium
360 1919 504 1984 Christi:
526 1941 563 1984 ac
586 1920 700 1983 definit
723 1919 800 2002 quid
818 1921 859 1983 sit
875 1923 1046 1986 restituere
1061 1920 1174 1985 haere·
1226 1932 1259 1985 et
1280 1921 1424 1986 ciborum
1449 1920 1595 1984 omnium
1618 1921 1755 2001 penuria
1777 1931 1914 1984 mortem
1936 1918 2083 2003 patribus
2101 1921 2196 1984 mini·

202 2004 504 2070 ditatesdesolatas.
538 2006 623 2069 Nam
644 2007 831 2087 priusquam
848 2007 998 2071 adveniat
1012 2006 1174 2086 Christus,
1227 2016 1369 2084 teretur,
1402 2005 1510 2069 Deum
1541 2026 1598 2087 per
1620 2005 1695 2069 XL.
1720 2025 1823 2069 anuos
1854 2006 1998 2088 quotidie
2026 2026 2147 2070 manna
2177 2029 2195 2069 o

205 2092 267 2156 suh
290 2091 409 2154 misero
433 2092 509 2174 iugo
533 2092 643 2167 vincti,
664 2100 760 2174 atque
783 2093 818 2155 in
841 2093 984 2157 tenebris
1006 2093 1175 2158 constituti
1227 2091 1316 2157 coelo
1339 2091 1481 2167 dedisse,
1511 2091 1605 2155 sicuti
1629 2092 1725 2154 etiam
1748 2092 1901 2155 contiuuo
1923 2103 1996 2173 post
2018 2090 2057 2154 de
2080 2092 2195 2156 umbra

202 2196 325 2240 sumus.
369 2175 434 2240 His
456 2175 723 2243 similitudinibus
745 2177 908 2260 siguificat
931 2200 997 2249 nos,
1021 2176 1173 2260 quamdiu
1226 2189 1339 2243 contra
1368 2177 1445 2241 solis
1471 2185 1596 2241 aestum
1630 2175 1766 2256 loquens
1799 2176 1916 2240 alludit
1949 2176 1988 2240 ad
2023 2175 2194 2240 historiam

202 2281 353 2327 caremus
376 2261 527 2344 Christo,
557 2263 718 2327 malorum
749 2264 892 2328 omnium
923 2265 1075 2347 congerie
1104 2285 1175 2328 esse
1227 2283 1311 2345 quae
1333 2262 1476 2327 refertur
1497 2282 1516 2325 a
1538 2262 1629 2326 Mose
1652 2262 1693 2324 de
1721 2260 1873 2325 columna
1902 2262 2015 2339 nubis,
2045 2282 2108 2345 qua
2132 2262 2196 2326 Do·

203 2349 347 2413 obrutos.
383 2347 467 2411 Nam
491 2368 549 2430 per
569 2348 708 2413 umbros
730 2349 874 2414 excludit
896 2350 1005 2414 omnia
1028 2370 1110 2431 quae
1133 2349 1174 2413 ad
1228 2350 1336 2412 miuus
1358 2346 1512 2431 populum
1536 2368 1630 2411 suum
1654 2346 1797 2429 tegebat,
1829 2369 1869 2412 ne
1891 2348 1969 2412 solis
1992 2347 2106 2411 ardore
2135 2359 2197 2413 tor-

203 2453 341 2516 reguum
366 2431 490 2498 Christi
514 2434 695 2515 pertinent:
729 2434 837 2514 fidem,
867 2435 1033 2512 iustitiam,
1057 2436 1175 2499 verita·
1227 2444 1364 2499 reretur.
1399 2433 1472 2497 Hoc
1495 2433 1582 2496 enim
1606 2431 1740 2496 solenne
1763 2434 1929 2515 prophetis
1951 2453 2022 2498 esse
2045 2433 2198 2512 diximus,

205 2534 285 2596 tem,
319 2518 558 2593 innocentiam,
593 2533 625 2582 et
658 2520 826 2585 eiusmodi.
879 2521 1002 2586 Sumus
1032 2541 1110 2604 ergo
1140 2521 1174 2584 iu
1227 2533 1264 2584 ut
1286 2531 1539 2585 commemorent
1558 2519 1682 2583 exitum
1702 2518 1813 2599 populi
1831 2541 1871 2583 ex
1890 2520 2051 2603 Aegypto,
2074 2520 2198 2600 quotics

203 2602 355 2679 tenebris,
379 2603 481 2670 donec
504 2604 658 2669 Christus
682 2605 768 2670 dicat
790 2607 935 2671 ostendite
956 2626 1018 2671 vos.
1053 2604 1175 2671 Sumus
1228 2605 1475 2669 beneficentiam
1500 2601 1563 2666 Dei
1586 2616 1619 2667 et
1651 2603 1777 2687 publice
1807 2625 1884 2687 erga
1912 2625 2039 2682 omues,
2069 2613 2103 2667 et
2132 2606 2196 2686 pri·

204 2692 322 2764 vincti,
361 2689 463 2755 donee
498 2689 583 2754 dicat
616 2692 705 2754 exite.
761 2690 944 2755 Plurimum
980 2711 1057 2755 vero
1091 2693 1176 2756 inest
1229 2693 1330 2754 vatim
1350 2710 1428 2773 erga
1447 2709 1707 2771 unumquemque
1726 2690 1919 2754 confirmare
1936 2689 2063 2753 volunt.
2096 2688 2199 2771 Super

203 2775 356 2859 ponderis
386 2775 420 2837 in
453 2775 552 2839 verbo
574 2760 673 2852 rusb,
702 2781 736 2839 at
758 2775 854 2840 dicas.
905 2775 1060 2841 Ostendit
1087 2776 1174 2840 enim
1227 2777 1441 2857 scatertptees.
1485 2773 1614 2838 Alludit
1636 2776 1733 2838 etiam
1756 2774 1796 2838 ad
1819 2795 1919 2856 aquas
1949 2773 2020 2838 illas
2050 2795 2133 2855 quae
2156 2796 2196 2838 ex

204 2859 477 2943 praedicationem
491 2861 652 2944 evangelii
669 2860 800 2925 modum
821 2883 890 2926 esse
908 2884 970 2943 quo
987 2861 1174 2926 liberamur.
1228 2883 1308 2941 rupe
1340 2863 1525 2939 fluxerunt,
1565 2881 1661 2941 quum
1704 2858 1840 2941 populus
1882 2862 1947 2925 fere
1980 2860 2034 2922 siti
2066 2861 2196 2942 periret.

204 2946 240 3010 Si
265 2966 343 3028 ergo
373 2945 576 3023 libertatem,
610 2946 637 3008 si
667 2945 771 3011 lucem
801 2947 893 3030 regni
922 2949 983 3012 Dei
1014 2958 1173 3029 optamus,
1228 2947 1297 3011 Nec
1326 2946 1411 3009 enim
1443 2947 1507 3009 ista
1537 2945 1725 3010 acciderunt
1755 2944 1788 3007 in
1817 2945 2038 3028 redemptione
2067 2945 2198 3029 babylo-

204 3031 375 3097 audiamus
409 3031 577 3109 Christum
613 3033 817 3113 loquentem:
859 3032 978 3116 alioqui
1018 3043 1175 3115 perpetua
1227 3035 1317 3108 nica,
1358 3032 1414 3095 sed
1449 3034 1753 3096 commemoratione
1787 3033 1933 3113 priorum
1967 3030 2196 3096 beneficiorum

207 3117 350 3184 Satanae
374 3116 547 3199 tyrannide
569 3121 799 3199 opprimemur.
844 3117 908 3184 Ubi
932 3139 1019 3182 nuuc
1042 3127 1092 3182 est
1122 3139 1174 3181 ar·
1228 3118 1374 3201 potentia
1403 3117 1466 3179 Dei
1497 3116 1530 3179 in
1560 3116 1762 3197 procuranda
1791 3117 1894 3183 saluto
1921 3117 2074 3182 ecclesiae
2103 3138 2197 3199 prae·

205 3202 294 3268 bitrii
327 3204 431 3266 nostri
461 3201 617 3268 libertas?
663 3202 820 3286 Quisquis
852 3205 940 3268 euim
974 3203 1035 3267 sibi
1069 3204 1173 3268 lucem
1228 3205 1366 3268 dicatur.

204 3296 260 3353 aut
283 3289 442 3352 rationem
464 3301 498 3352 et
515 3287 763 3373 intelligentiam
783 3302 923 3372 arrogat,
947 3291 1031 3354 hauc
1051 3288 1175 3354 Christi
1315 3289 1365 3352 11.
1395 3285 1452 3372 (Et
1467 3308 1584 3369 potuim
1607 3307 1711 3353 omues
1731 3284 1874 3369 moretm.)
1917 3286 1983 3352 Hic
2005 3289 2137 3370 proprie
2160 3310 2197 3352 ac

206 3373 429 3437 liberationem
458 3373 599 3455 experiri
630 3396 695 3437 nou
726 3375 854 3455 poterit.
905 3375 1057 3439 Libertas
1087 3377 1174 3439 enim
1228 3375 1421 3438 nominatim
1452 3374 1491 3437 de
1522 3374 1629 3438 reditu
1659 3375 1769 3456 populi
1800 3380 1931 3438 tractat:
1966 3393 2042 3436 nam
2076 3372 2197 3438 frustra

205 3482 269 3522 nou
305 3459 376 3523 aliis
408 3461 623 3542 promittitur,
663 3460 728 3524 nisi
760 3460 815 3541 qui
857 3481 890 3524 se
930 3462 1071 3543 captivos
1105 3481 1175 3525 esse
1227 3466 1353 3525 tautam
1387 3459 1540 3524 ecclesiae
1574 3458 1762 3523 felicitatem
1803 3457 2025 3540 promitteret,
2065 3457 2127 3521 nisi
2161 3460 2195 3521 iu

205 3555 404 3628 agnoscunt:
438 3545 495 3609 lux
517 3557 549 3609 ct
572 3544 668 3621 salus,
691 3545 746 3628 qui
769 3567 804 3610 se
829 3547 861 3608 iu
885 3546 1027 3610 tenebris
1050 3547 1175 3609 demar-
1227 3547 1397 3630 pristinam
1431 3545 1613 3609 libertatem
1647 3544 1866 3608 restituendus
1899 3543 2013 3606 fuisset
2047 3541 2195 3624 populus.

203 3652 256 3696 sos
284 3650 354 3695 esse
383 3633 591 3696 confitentur.
636 3631 739 3695 Porro
773 3631 827 3695 ubi
861 3632 1024 3713 promittit
1056 3652 1176 3712 pascua
1227 3632 1399 3714 Significat
1422 3639 1529 3694 autem
1549 3650 1584 3693 se
1600 3629 1805 3693 sublaturum
1824 3626 2058 3711 impedimenta
2076 3628 2196 3705 omnia,

204 3717 282 3781 filiis
304 3715 368 3780 Dei
391 3717 460 3781 iore
481 3718 609 3800 pervia,
640 3726 672 3780 et
693 3737 791 3799 super
813 3719 973 3780 montium
996 3719 1174 3792 cacumina,
1227 3728 1260 3781 et
1283 3715 1490 3779 difficultates
1512 3734 1594 3796 quae
1616 3726 1768 3796 poterant
1791 3713 1900 3796 populi
1924 3712 2062 3776 reditum
2087 3712 2197 3796 prohi-

205 3802 257 3866 his
288 3801 485 3883 metaphoris
516 3804 679 3886 significat
712 3823 767 3865 eos
802 3801 882 3865 bene
917 3801 1086 3866 habituros
1119 3803 1175 3883 qui
1228 3804 1319 3880 berc:
1355 3812 1452 3881 atquc
1476 3811 1602 3863 montes
1625 3801 1755 3882 pervios
1786 3800 2004 3878 redditurum,
2031 3801 2085 3880 qui
2115 3800 2196 3863 invii

205 3889 265 3951 sub
289 3885 393 3950 tutela
416 3886 540 3951 Christi
563 3901 668 3952 erunt.
712 3889 774 3952 Est
797 3888 881 3951 euim
906 3901 1015 3970 pastor
1037 3886 1175 3970 diligens
1227 3908 1298 3951 esse
1315 3885 1523 3949 videbantur:
1547 3884 1684 3967 denique
1702 3886 1984 3968 complanaturum
2000 3895 2032 3948 et
2043 3897 2197 3949 montosa

205 3993 242 4038 ac
276 3970 451 4046 sollicitus,
485 3974 593 4037 omuis
622 3975 713 4056 gregi
742 3975 924 4037 necessaria
955 3972 1173 4054 suppeditans,
1227 3984 1259 4037 ct
1281 3991 1423 4036 concava
1446 3971 1528 4046 loca,
1560 3985 1595 4034 ut
1617 3971 1721 4036 facilis
1742 3972 1777 4034 in
1800 3970 1955 4036 Iudaeam
1980 3969 2103 4034 reditus
2125 3991 2196 4035 esse

205 4073 243 4123 ut
267 4055 348 4121 nihil
371 4056 411 4120 ad
435 4078 593 4122 summam
622 4059 807 4123 felicitatem
839 4059 930 4124 desit.
976 4057 1067 4122 Haec
1098 4078 1175 4121 vero
1226 4061 1338 4142 possit.
1386 4056 1496 4136 Quum
1526 4057 1628 4140 igitur
1654 4057 1857 4122 restituenda
1886 4067 1936 4120 est
1964 4056 1998 4117 iu
2028 4056 2194 4139 integrum

205 4143 383 4209 admonitio
407 4164 471 4206 non
494 4163 609 4224 parum
632 4144 693 4207 fuit
715 4144 804 4208 utilis
834 4166 872 4209 eo
899 4153 1044 4227 tempore
1076 4163 1174 4225 quum
1227 4144 1370 4216 ecclesia,
1402 4142 1492 4205 nulla
1516 4141 1758 4224 impedimenta,
1788 4142 1998 4225 quantumvis
2021 4150 2196 4225 magnast

206 4252 264 4313 per
286 4228 449 4310 squalidas
472 4229 619 4312 regiones
642 4238 674 4293 et
697 4229 805 4294 aridas
829 4232 892 4295 iter
921 4230 1036 4295 facturi
1066 4240 1175 4292 esseut
1227 4229 1345 4303 ardua,
1376 4229 1504 4293 obstare
1528 4227 1598 4291 Deo
1621 4240 1754 4310 possunt
1777 4229 1853 4309 quin
1885 4228 2032 4308 superior
2061 4226 2194 4290 taudem

206 4315 335 4396 Iudaei,
366 4325 403 4378 ut
424 4314 553 4378 demum
576 4315 611 4377 iu
634 4323 753 4379 terram
776 4317 934 4381 incultam
958 4328 989 4379 et
1012 4315 1174 4379 desertam
1226 4314 1352 4379 evadat.
1387 4315 1517 4378 Montes
1539 4334 1636 4394 porro
1659 4335 1778 4378 vocaus
1800 4333 1874 4378 suos
1896 4333 1960 4376 non
1981 4312 2074 4379 modo
2092 4312 2195 4394 signi·

207 4400 365 4464 redirent:
406 4400 484 4465 dicit
517 4400 619 4482 igitur
650 4401 827 4484 propheta,
861 4403 1009 4484 quamvis
1043 4410 1175 4465 terrena
1225 4402 1303 4465 ficat
1324 4420 1417 4482 posse
1440 4399 1507 4463 illis
1529 4420 1588 4480 pro
1611 4420 1668 4463 suo
1691 4399 1760 4462 iure
1783 4419 1819 4462 se
1841 4400 2002 4479 imperare
2024 4408 2060 4460 ut
2075 4397 2194 4480 populo

204 4484 312 4548 media
334 4505 399 4547 uou
423 4499 616 4568 suppetant,
644 4508 714 4551 esse
737 4496 845 4551 tamen
870 4489 948 4552 satis
977 4488 1100 4570 largam
1123 4507 1174 4551 oo-
1226 4486 1400 4551 transitum
1424 4486 1617 4567 praebeant:
1652 4483 1707 4547 sed
1742 4485 1896 4567 exprimit
1924 4483 2132 4565 profectionis
2159 4504 2194 4545 se

204 4570 292 4654 piam
323 4569 393 4633 Deo
425 4590 489 4651 qua
522 4592 634 4635 eorum
665 4573 791 4654 inopiae
820 4572 1004 4636 subveniat:
1038 4572 1174 4653 ideoque
1226 4574 1294 4637 iore
1316 4570 1449 4648 ducem,
1483 4592 1521 4635 ao
1550 4571 1578 4634 si
1607 4590 1674 4633 uua
1702 4591 1774 4633 cum
1797 4569 1927 4634 Iudaeis
1956 4580 2122 4651 pergeret,
2156 4589 2193 4632 ac

203 4677 262 4738 pro
285 4657 447 4719 communi
470 4658 650 4740 scripturae
673 4677 762 4722 more
785 4669 952 4739 comparat
973 4657 1086 4722 fideles
1104 4659 1174 4721 ovi·
1226 4677 1398 4722 commune
1419 4657 1483 4722 iter
1505 4658 1642 4721 faceret:
1666 4655 1759 4719 sicuti
1778 4656 1854 4720 alibi
1871 4654 1987 4720 dicitur
2003 4674 2193 4738 peragrasse

204 4741 277 4820 bus,
307 4750 344 4803 ut
366 4761 444 4804 susc
465 4742 696 4808 imbecillitatis
718 4744 837 4808 conscii
859 4762 955 4806 curae
978 4744 1117 4825 pastoris
1140 4764 1174 4806 se
1225 4747 1424 4827 Aegyptum,
1449 4764 1485 4808 ao
1508 4743 1670 4824 equitasse
1692 4761 1788 4823 super
1811 4743 1879 4805 eius
1901 4740 2028 4804 excelsa
2049 4740 2083 4803 iu
2102 4738 2193 4802 exitu

205 4835 290 4891 totos
323 4827 538 4891 committant.
590 4828 721 4893 Interea
753 4826 919 4910 probabile
956 4840 1005 4893 est
1045 4828 1174 4911 oblique
1226 4830 1345 4912 populi.
1391 4829 1455 4893 Hic
1487 4848 1564 4892 vero
1594 4827 1792 4908 exprimitur
1824 4825 1999 4909 singularis
2023 4824 2085 4887 Dei
2116 4845 2193 4907 erga

205 4911 330 4977 moneri
359 4910 473 4975 fideles
505 4934 546 4976 ue
575 4923 730 4996 appetant
759 4916 876 4977 nimias
906 4913 1063 4979 lautitias:
1098 4915 1175 4995 quia
1225 4915 1392 4979 eeclesiam
1413 4934 1518 4989 amor,
1553 4913 1636 4995 quod
1660 4934 1695 4978 se
1717 4933 1790 4977 oum
1813 4932 1850 4976 ea
1879 4911 2077 4994 peregrinari
2106 4909 2192 4987 dicit,

203 5017 372 5080 nunquam
396 5007 487 5061 tanta
508 5009 659 5081 suppetet
681 4999 820 5079 ubertas,
843 5000 920 5080 quin
943 4999 1066 5063 multae
1088 5000 1173 5063 diifi·
1226 5021 1263 5066 ac
1285 5002 1319 5064 iu
1342 5022 1376 5065 se
1399 5002 1533 5081 suscipit
1555 5000 1702 5063 omnium
1720 5000 1948 5063 necessitatum
1967 5016 2087 5072 curam,
2110 5016 2147 5059 ac
2165 4997 2192 5059 si

205 5082 344 5147 cultates
377 5085 557 5166 permixtae
590 5086 664 5150 siut.
719 5083 848 5149 Deinde
880 5105 922 5148 ue
962 5085 1106 5147 defluant
1138 5087 1173 5148 in
1224 5088 1295 5168 ipse
1316 5084 1378 5149 sibi
1401 5086 1600 5167 prospiceret
1622 5084 1701 5149 dum
1722 5085 1789 5149 suis
1811 5083 1999 5165 opitulatur.

204 5168 385 5245 mollitiem,
407 5189 469 5250 qua
500 5170 651 5252 periculis
680 5170 781 5235 futuri
809 5171 875 5234 sint
905 5168 1042 5233 obnoxii.
1088 5171 1173 5234 Nam
1313 5171 1363 5235 12.
1393 5170 1485 5255 (Eece
1505 5172 1561 5238 isti
1582 5191 1598 5236 e
1620 5169 1784 5253 longinquo
1804 5167 1947 5253 aeuum.)
1992 5166 2087 5248 Quod
2110 5187 2193 5231 non·

203 5255 274 5318 vias
297 5255 440 5320 hostium
464 5261 497 5320 et
519 5255 720 5337 praedonum
743 5256 927 5321 incursibus
954 5255 1119 5337 expositas
1141 5264 1175 5318 et
1225 5257 1306 5321 nulli
1330 5271 1467 5340 quatuor
1491 5258 1604 5322 muudi
1637 5256 1749 5339 plagas
1780 5255 1832 5319 hic
1859 5254 2036 5338 significari
2068 5262 2221 5338 putant·
