4784 5970
196 367 284 434 329.
958 452 962 458 ι
1043 363 1193 432 corun
1214 362 1343 430 uvur.
2124 369 2190 434 sse

197 557 301 640 exigit
323 557 403 622 haec
424 557 516 638 quasi
547 557 699 638 propiora
721 556 825 638 signa,
855 555 883 620 si
912 554 1007 632 iuste,
1036 553 1168 618 innoxie
1192 558 1247 617 tot
1276 573 1297 617 a
1325 573 1417 618 ouras
1445 559 1501 618 tau
1525 574 1564 618 aa
1591 559 1618 618 te
1646 554 1823 621 abscondas.
1874 554 1937 621 Ubi
1968 556 2110 621 notanda
2139 565 2190 623 est

198 655 231 707 et
252 642 437 707 humaniter
458 641 514 706 alii
542 661 617 706 eum
648 640 719 705 aliis
742 660 919 705 versamur.
965 638 1060 703 Adde
1083 639 1168 720 quod
1193 612 1196 673 ⁸
1219 637 1325 702 carnis
1347 639 1530 721 appellatio,
1553 659 1617 721 qua
1646 640 1801 725 intelligit
1831 643 2001 706 universos
2031 641 2188 720 homines,

198 737 334 793 externa
355 726 462 810 specie
483 733 658 791 contentus
679 746 746 789 non
776 726 847 791 fuit.
890 724 959 790 Neo
986 736 1073 789 certe
1101 723 1169 788 illio
1219 745 1355 805 qnorum
1379 725 1542 790 neminem
1573 725 1694 789 intueri
1723 745 1903 807 possumus,
1930 728 2008 809 quin
2039 728 2128 792 velut
2155 729 2189 793 in

198 813 287 897 viget
308 814 436 894 caritas,
470 812 525 877 uhi
546 833 609 877 uon
643 821 759 895 regnat
791 811 925 894 spiritus
959 811 1038 874 Dei:
1072 820 1169 892 atque
1220 810 1351 892 speculo
1380 831 1510 875 carnem
1543 818 1687 875 nostram
1717 812 1985 894 contemplemur.
2031 811 2188 879 Summae

197 897 426 963 ideo.Paulns
459 899 563 980 ipsam
597 898 683 961 inter
716 897 850 979 spiritus
884 914 982 977 opera
1021 902 1169 961 recenset
1218 895 1320 978 igitur
1336 894 1583 960 inhumanitatis
1602 906 1652 960 est
1667 916 1721 961 eos
1736 896 1901 980 despicere
1919 896 1954 960 in
1969 897 2088 980 quibus
2106 899 2188 964 ima·

198 982 285 1067 (Gal.
310 984 339 1061 5,
362 983 428 1064 22).
474 982 584 1063 Quum
615 984 725 1064 itaque
758 980 797 1045 de
830 980 1055 1046 observatione
1086 981 1167 1064 legis
1219 981 1328 1064 ginem
1353 994 1497 1045 nostram
1522 1001 1697 1064 agnoscere
1719 983 1876 1065 cogimur.

198 1071 315 1153 agitur,
337 1090 405 1133 non
427 1080 556 1133 tantum
578 1077 715 1132 externa
739 1087 845 1150 opera,
876 1066 932 1131 sed
962 1067 1064 1131 animi
1087 1087 1166 1148 quo·
1304 1067 1335 1130 8.
1358 1064 1462 1150 (Tarso
1477 1067 1677 1151 profusior.)
1722 1065 1875 1132 Ostendit
1896 1069 2057 1152 propheta
2080 1070 2186 1135 Deum

198 1175 261 1237 que
283 1155 419 1220 affectus
440 1155 476 1218 in
498 1155 657 1219 rationem
680 1152 793 1218 venire
815 1153 941 1218 dehent.
1219 1152 1318 1217 nimis
1339 1152 1482 1235 rigidum
1506 1171 1569 1216 nou
1594 1171 1683 1216 esse:
1713 1173 1773 1217 nec
1794 1153 1868 1236 plus
1898 1156 2031 1238 exigere
2053 1178 2072 1219 a
2094 1157 2188 1222 nohis

282 1238 513 1326 (Collipotioaes
536 1236 675 1323 impias.)
719 1238 879 1302 Nonnulli
901 1247 1071 1319 exponunt
1093 1256 1167 1317 pra·
1219 1257 1314 1319 qnam
1338 1257 1475 1319 aequum
1499 1238 1557 1302 sit:
1587 1259 1624 1302 aa
1654 1239 1775 1304 frustra
1805 1242 1958 1322 conqueri
1988 1239 2187 1325 hypocritas,

197 1346 258 1390 vas
290 1326 519 1409 cogitationes,
552 1323 668 1407 quibus
699 1323 858 1407 implicita
890 1337 967 1389 sunt
999 1321 1166 1386 hominum
1219 1325 1272 1405 qui
1295 1324 1401 1404 ipsum
1425 1324 1546 1387 nimias
1573 1325 1756 1389 severitatis
1778 1336 1940 1391 accusant.
1986 1325 2190 1409 Obstrepunt

197 1410 311 1476 corda:
351 1410 408 1475 sed
446 1411 510 1475 alio
550 1410 731 1494 respexisse
768 1410 850 1474 mibi
884 1408 1014 1473 videtur
1047 1407 1166 1472 isaias:
1218 1408 1315 1484 enim,
1339 1429 1437 1490 quum
1461 1408 1658 1473 damnantur
1677 1430 1789 1474 eorum
1807 1431 1915 1494 opera,
1938 1431 1974 1477 ac
1991 1412 2189 1494 respondent

198 1517 324 1578 nempe,
347 1495 431 1578 quod
456 1495 644 1580 hypocritae
666 1496 735 1560 sint
756 1495 934 1579 plurimum
957 1492 1104 1559 crudeles
1132 1494 1166 1556 in
1219 1491 1310 1558 nulla
1342 1495 1465 1558 ratione
1495 1494 1646 1559 satisfieri
1676 1515 1770 1578 posse
1799 1494 1882 1578 Deo,
1908 1517 1943 1560 se
1972 1499 2035 1561 iam
2064 1499 2186 1563 nescire

198 1582 395 1665 pauperibus
421 1580 594 1660 vexandis,
624 1583 800 1664 graviaque
829 1581 908 1664 ipsis
938 1599 1037 1644 onere
1065 1580 1168 1661 impo-
1218 1579 1295 1659 quid
1324 1579 1484 1662 agendum
1515 1580 1566 1658 sit,
1596 1590 1653 1645 aut
1682 1600 1779 1662 quam
1808 1582 1893 1646 viam
1923 1585 2013 1663 sequi
2040 1584 2185 1648 debeant

199 1683 290 1732 nant.
342 1667 455 1731 Nerua
487 1687 564 1751 srgc
594 1667 664 1731 sive
697 1667 920 1750 colligationes
953 1675 1054 1743 vocat,
1083 1684 1167 1746 qnae
1219 1662 1424 1746 Respondet,
1462 1664 1542 1730 nihil
1576 1665 1663 1730 aliud
1697 1668 1737 1731 ab
1770 1668 1839 1748 ipso
1872 1688 1969 1749 quam
2003 1689 2121 1751 purum
2155 1677 2188 1733 et

198 1753 298 1834 vulgo
316 1752 505 1835 gravamina
523 1753 682 1817 dicuntur.
716 1752 905 1834 Eodemque
923 1751 1063 1835 pertinet
1082 1750 1167 1832 quod
1219 1750 1397 1832 simplicem
1421 1752 1575 1833 animum,
1604 1751 1664 1815 hoc
1687 1763 1744 1829 est,
1773 1753 1934 1836 integram
1957 1754 2187 1818 conscientiam

198 1838 376 1920 subiungit,
404 1837 569 1903 dissolvero
590 1836 758 1902 fasciculos
780 1855 916 1918 graves:
945 1836 1007 1901 sub
1027 1855 1166 1918 quorum
1219 1835 1348 1917 requiri.
1389 1837 1440 1900 Ea
1460 1837 1488 1900 si
1509 1838 1603 1916 adsit,
1627 1837 1802 1920 propitium
1825 1837 1892 1902 sore
1910 1838 2018 1903 Deum
2043 1849 2079 1903 ut
2099 1838 2189 1905 oolli-

198 1922 349 1987 videlioet
371 1922 512 2006 pondere
535 1938 672 2006 gemunt
701 1922 814 2004 inopes
836 1933 870 1986 et
892 1924 1055 1988 fatiscunt.
1101 1923 1167 1986 lte·
1219 1934 1275 2004 gat
1307 1942 1375 1998 ecs,
1416 1933 1468 1999 et⁸
1483 1922 1650 1986 sanctitati
1689 1924 1910 1988 testimonium
1944 1925 2060 1989 reddat
2092 1936 2189 2008 atque

196 2028 270 2071 rum
300 2008 392 2072 addit
423 2027 583 2091 oppressos
616 2008 779 2072 dimittere
808 2007 934 2084 liberos,
963 2018 1061 2088 atque
1089 2027 1167 2070 ean·
1219 2007 1308 2071 omni
1353 2004 1584 2071 benedictionis
1623 2028 1743 2091 genere
1787 2020 2013 2091 prosequatur,
2051 2030 2189 2092 quorum

198 2093 272 2157 dem
306 2113 376 2158 rem
409 2094 556 2175 pluribus
590 2092 697 2157 verbis
731 2093 890 2176 designat.
946 2094 1019 2158 Non
1053 2091 1168 2156 definit
1218 2090 1362 2158 fallacias
1384 2093 1501 2157 merito
1519 2093 1666 2176 castigat.
1706 2091 1858 2176 Denique
1876 2094 2000 2159 nullam
2024 2116 2094 2160 esse
2115 2115 2189 2161 cau·

196 2178 298 2261 igitur
319 2179 477 2262 propheta
499 2179 673 2244 ieiunium:
702 2176 759 2243 sed
788 2179 930 2243 ostendit
952 2177 1030 2261 quid
1053 2176 1167 2242 Domi·
1218 2198 1287 2242 sam
1311 2198 1370 2243 cur
1391 2178 1497 2261 ipsum
1529 2178 1626 2243 nimis
1653 2189 1818 2243 austerum
1842 2200 1880 2245 ac
1902 2179 2021 2244 durum
2044 2202 2114 2246 esse
2135 2180 2189 2246 ob-

197 2284 261 2328 nus
283 2265 389 2346 priore
411 2264 482 2330 loeo
503 2286 540 2330 aa
562 2265 768 2346 potissimum
789 2265 943 2346 requirat,
975 2277 1007 2329 et
1029 2285 1093 2346 qua
1114 2284 1166 2327 ra·
1218 2277 1439 2341 murmurent,
1481 2265 1557 2345 quia
1593 2262 1772 2329 beneficum
1810 2272 1841 2329 et
1878 2263 2043 2330 liberalem
2079 2266 2188 2349 ipsum

197 2350 285 2412 tione
306 2350 408 2432 possit
431 2349 619 2431 obsequium
646 2352 674 2414 ei
697 2360 842 2414 nostrum
867 2350 1004 2432 probari,
1033 2358 1066 2413 et
1087 2370 1166 2431 qua·
1219 2361 1395 2432 agnoscent
1423 2369 1523 2432 quum
1551 2349 1597 2414 ita
1626 2349 1771 2431 deposita
1800 2350 1888 2413 omni
1917 2351 2124 2416 simulatione
2153 2373 2189 2418 se

197 2434 272 2498 liter
304 2437 464 2500 animatos
496 2456 566 2501 esse
598 2446 744 2518 oporteat
777 2435 893 2517 quibus
925 2438 988 2500 rite
1020 2435 1166 2500 ieiunare
1218 2434 1257 2498 ad
1282 2455 1393 2499 verum
1421 2434 1490 2499 eius
1521 2433 1645 2499 cultum
1675 2435 1918 2517 comparabunt.
1963 2436 2114 2501 Notanda
2139 2447 2189 2503 est

195 2521 396 2603 propositum
420 2531 477 2585 est.
1218 2520 1376 2602 particula
1397 2525 1483 2585 tuae:
1505 2520 1580 2601 quia
1602 2519 1764 2602 significat
1786 2541 1827 2584 ex
1845 2520 1983 2586 adverso
2001 2521 2189 2606 hypocritas

282 2606 311 2669 7.
342 2603 411 2689 (Aa
431 2625 494 2670 aaa
514 2610 550 2670 at
564 2604 746 2690 partiaris.)
789 2605 1002 2688 Prosequitur
1022 2606 1167 2671 caritatis
1219 2605 1331 2687 procul
1353 2607 1464 2670 abesse
1486 2626 1506 2669 a
1528 2625 1606 2669 vero
1628 2605 1717 2670 cultu
1739 2605 1812 2682 Dei,
1842 2627 1940 2688 quum
1963 2614 2071 2672 tamen
2095 2629 2189 2674 sane·

196 2691 302 2755 officia
323 2711 406 2773 quae
435 2692 599 2772 superiore
621 2711 721 2755 versu
751 2691 913 2774 attigerat.
956 2689 1042 2755 Nam
1065 2712 1164 2773 quum
1220 2689 1336 2754 tissimi
1355 2690 1459 2754 videri
1482 2690 1593 2754 velint.
1635 2688 1701 2756 Sed
1723 2709 1779 2755 cos
1801 2690 1880 2755 satis
1902 2695 2066 2758 convictos
2089 2702 2187 2772 tenet,

196 2778 287 2858 prius
316 2776 357 2841 ab
397 2777 485 2840 omni
518 2776 638 2839 iniuria
670 2776 899 2841 abstinendum
934 2796 1003 2840 esse
1037 2775 1165 2853 dixerit,
1219 2794 1318 2856 quum
1342 2774 1382 2839 ab
1404 2773 1556 2856 operibus
1572 2776 1661 2856 ipsos
1676 2797 1735 2841 nec
1751 2776 1856 2840 colere
1871 2775 1981 2842 Deum
1996 2797 2057 2842 nec
2071 2779 2187 2844 timere

196 2882 285 2926 nuno
308 2861 522 2926 exercendam
544 2882 623 2943 erga
645 2861 790 2940 miseros,
819 2872 851 2927 et
876 2882 930 2927 eos
960 2862 1016 2943 qui
1044 2861 1166 2926 auxilio
1218 2859 1370 2925 ostendit.
1405 2860 1502 2926 Lucis
1522 2861 1655 2926 nomine
1672 2870 1864 2944 prosperum
1883 2873 2003 2927 statum
2024 2862 2188 2946 designat:

196 2958 308 3012 nostro
337 2946 494 3030 indigent,
528 2945 776 3012 beneficentiam
806 2946 907 3012 docet.
954 2946 1049 3011 Duae
1078 2948 1164 3011 enim
1217 2946 1488 3028 quemadmodum
1505 2948 1636 3012 nomine
1653 2946 1859 3012 tenebrarum
1878 2949 1994 3014 misera
2009 2958 2041 3013 st
2059 2969 2187 3014 aerum-

196 3041 273 3097 snnt
306 3031 510 3098 rectitudinis
543 3043 576 3096 et
603 3031 748 3097 institiae
776 3045 895 3114 partes.
939 3033 1098 3111 Primum,
1128 3042 1166 3097 ut
1218 3052 1298 3096 ncse
1328 3034 1397 3095 vita
1425 3033 1636 3116 significatur.
1686 3037 1793 3115 Atque
1821 3032 1901 3098 haee
1937 3034 2082 3117 loquutic
2109 3035 2188 3101 satis

196 3118 361 3183 neminem
392 3116 585 3182 laedamusr
606 3117 730 3194 deinde,
761 3124 798 3182 nt
826 3139 904 3201 opes
933 3128 966 3182 et
994 3118 1164 3183 facultates
1218 3117 1339 3182 usitata
1355 3127 1406 3183 est
1422 3117 1602 3201 scripturis.
1641 3118 1707 3183 Per
1723 3119 1887 3184 sanitatem
1905 3118 2038 3184 denotat
2056 3141 2187 3203 prospe-

196 3214 325 3268 nostres
347 3205 381 3268 in
405 3214 519 3269 tenues
541 3211 637 3285 atque
660 3203 772 3285 inopes
798 3207 1012 3269 conseramus.
1055 3203 1165 3285 Atque
1218 3224 1291 3267 rum
1313 3213 1347 3268 et
1369 3203 1562 3269 ineolumem
1585 3211 1715 3280 statum,
1739 3204 1833 3270 sicuti
1857 3205 1932 3269 alibi
1955 3207 2074 3269 iterum
2098 3205 2188 3271 vide·

195 3287 276 3353 haec
299 3289 362 3353 duc
384 3291 471 3353 inter
488 3311 522 3354 se
544 3289 699 3370 coniungi
719 3289 844 3354 debent.
884 3289 953 3354 Nec
976 3289 1063 3354 enim
1086 3291 1165 3355 satis
1217 3289 1342 3354 bimus:
1370 3291 1444 3371 quia
1466 3289 1580 3372 plagas
1602 3309 1701 3354 manu
1724 3289 1788 3353 Dei
1814 3291 1858 3354 ob
1886 3302 2017 3373 peecata
2045 3290 2188 3357 inflictae

196 3385 245 3439 est
267 3375 430 3440 abstinere
447 3375 489 3440 ab
507 3375 635 3452 iniuria,
658 3374 687 3439 si
706 3394 808 3458 egeno
825 3396 918 3457 opem
939 3381 1030 3439 tuam
1050 3396 1164 3457 neges:
1218 3375 1373 3457 populum
1407 3374 1599 3450 deiecerant,
1633 3385 1670 3438 ut
1702 3375 1881 3439 tabesceret
1913 3376 2006 3457 quasi
2036 3387 2187 3459 aegrotus

196 3481 256 3524 nec
278 3459 417 3525 muitum
447 3459 590 3543 proderit
619 3471 651 3524 te
680 3480 784 3543 egeno
812 3482 905 3543 opem
934 3461 1028 3535 terre,
1058 3462 1085 3524 si
1115 3461 1166 3523 in·
1216 3460 1376 3543 languore
1417 3459 1591 3525 confectus.
1647 3458 1783 3523 Nullum
1817 3462 1903 3523 enim
1942 3480 2046 3542 genus
2083 3461 2187 3527 morbi

195 3546 290 3610 terim
324 3547 397 3610 aliis
429 3547 547 3628 eripias
579 3544 664 3628 qnod
702 3546 773 3610 aliis
813 3547 961 3628 largiare.
1017 3545 1167 3610 Proximi
1216 3545 1363 3610 acerbius
1395 3554 1445 3609 est
1473 3563 1569 3625 quam
1601 3544 1711 3627 urgeri
1740 3544 1825 3608 iusta
1853 3544 1916 3607 Dei
1948 3545 2101 3622 vindicta,
2132 3547 2186 3612 vel

195 3631 281 3694 enim
304 3632 424 3712 praeda
445 3644 503 3696 aut
532 3632 620 3695 furto
652 3630 787 3695 iuvandi
821 3652 885 3694 non
919 3639 1023 3694 sunto
1046 3651 1106 3694 nec
1138 3632 1166 3694 si
1217 3631 1276 3694 sub
1305 3629 1376 3694 eins
1405 3628 1631 3693 maledictione
1664 3632 1819 3693 consumi.
1875 3628 2005 3694 Iustitia
2037 3630 2186 3696 bifariam

195 3715 273 3797 quid
294 3718 405 3798 inique
428 3717 481 3781 uel
511 3715 697 3793 crudeliter,
722 3715 774 3780 vel
804 3715 914 3780 dolose
944 3716 1059 3798 egeris,
1090 3717 1165 3780 tiota
1216 3715 1316 3796 accipi
1334 3723 1455 3797 potest:
1480 3713 1533 3778 vel
1556 3735 1614 3795 pro
1643 3715 1829 3779 testimonio
1860 3715 2016 3793 institiae,
2048 3716 2099 3781 vel
2129 3737 2187 3799 pro

196 3803 455 3883 compensatione
488 3801 578 3867 Deus
610 3801 644 3865 in
675 3812 800 3884 partem
831 3800 969 3883 praedae
999 3800 1165 3865 vocandus
1216 3811 1304 3866 recto
1326 3799 1456 3864 ordine:
1486 3801 1561 3881 quie
1583 3798 1675 3863 Deus
1704 3800 1801 3864 rebus
1823 3801 1966 3865 contusis
1992 3800 2187 3879 medebitur,

196 3896 254 3952 est
305 3885 400 3950 Duae
428 3887 529 3969 igitur
558 3887 621 3952 hae
650 3901 759 3968 partes
788 3887 877 3950 inter
905 3907 939 3951 se
968 3885 1165 3951 cohaereant
1215 3897 1367 3967 reeteque
1392 3885 1500 3949 omnia
1527 3898 1707 3965 componet.
1752 3885 1827 3952 Huo
1857 3907 1934 3969 ergo
1964 3885 2070 3950 tendit
2098 3890 2185 3969 prior

196 3991 328 4038 necesse
349 3982 409 4052 est,
431 3973 459 4037 si
482 3972 576 4035 modo
594 3973 760 4036 caritatem
780 3980 926 4036 nostram
945 3971 1074 4053 probari
1095 3973 1165 4035 Deo
1215 3990 1346 4035 sensns:
1377 3970 1442 4037 Ubi
1465 3969 1557 4035 Deus
1579 3969 1638 4035 tihi
1661 3970 1806 4053 placatus
1828 3972 1935 4054 fuerit,
1959 3972 2184 4038 testimonium

196 4068 230 4122 et
251 4068 414 4140 acceptam
437 4077 507 4122 esse
529 4057 677 4121 velimus.
723 4056 844 4122 Pacem
870 4058 1020 4140 frangere
1048 4055 1164 4121 iubens
1215 4057 1359 4121 iustitiae
1382 4070 1458 4119 tuae
1479 4075 1588 4121 eoram
1612 4056 1682 4121 Deo
1705 4067 1737 4120 et
1766 4057 1955 4122 hominibus
1976 4060 2184 4141 conspicuum

195 4144 360 4218 esurienti,
384 4163 514 4207 omnem
536 4143 776 4208 exeusationem
801 4142 943 4208 adimere
961 4142 1065 4208 voluit
1087 4163 1164 4207 ara·
1216 4144 1286 4220 erit,
1308 4162 1346 4205 ao
1367 4142 1395 4205 si
1419 4152 1450 4205 te
1472 4143 1638 4224 apparitor
1660 4143 1819 4224 quispiam
1843 4142 2059 4224 praecederet.
2097 4142 2185 4210 Sunt

197 4230 243 4294 ris
277 4238 310 4293 et
342 4229 524 4302 tenacibus,
557 4228 613 4309 qui
646 4227 827 4292 obtendunt
859 4250 920 4293 sua
950 4227 1010 4292 sibi
1043 4227 1164 4293 habere
1216 4229 1270 4309 qui
1287 4227 1445 4292 iustitiam
1464 4229 1607 4308 accipere
1623 4228 1738 4292 malint
1756 4249 1814 4308 pro
1832 4238 1920 4293 recta
1940 4228 2183 4312 gubernatione,

195 4313 304 4379 licere:
328 4313 400 4379 Hoc
423 4335 532 4378 meum
556 4323 614 4389 est,
638 4333 715 4396 ergo
736 4315 818 4378 mihi
839 4335 971 4380 servare
993 4315 1083 4379 lieet:
1106 4334 1165 4377 onr
1215 4333 1296 4394 quae
1320 4314 1380 4376 Dei
1403 4312 1524 4376 donum
1546 4323 1604 4390 est,
1627 4314 1822 4395 signumque
1841 4316 1968 4395 paterni
1992 4315 2127 4378 favoris:
2151 4328 2183 4380 et

195 4400 229 4463 in
252 4418 421 4464 commune
443 4399 604 4465 conteram
623 4398 708 4482 quod
726 4400 806 4463 mihi
825 4421 845 4463 a
864 4401 935 4463 Deo
957 4399 1069 4464 datum
1091 4398 1164 4464 est?
1215 4400 1383 4481 aliquoties
1407 4397 1545 4462 vidimus
1569 4419 1679 4464 vocem
1706 4398 1791 4462 hano
1818 4400 1864 4464 ita
1892 4400 1977 4464 sumi
2007 4399 2091 4482 apud
2114 4400 2183 4464 He·

195 4484 386 4565 Respondet
415 4496 509 4549 tuum
533 4484 662 4566 quidem
686 4503 773 4549 esse:
802 4486 857 4550 sed
881 4504 920 4550 ea
948 4486 1028 4568 lege,
1059 4496 1095 4549 ut
1121 4486 1165 4549 fa·
1216 4486 1339 4549 braecs.
1399 4481 1465 4549 Sed
1500 4487 1660 4565 posterius
1693 4485 1874 4549 membrum
1909 4484 1994 4567 quod
2028 4486 2183 4568 sequitur,

195 4568 310 4634 melico
331 4579 365 4632 et
387 4571 510 4634 sitienti
536 4571 722 4651 impertias:
753 4590 818 4633 non
848 4583 884 4634 ut
904 4571 992 4635 solus
1014 4570 1163 4636 comedas
1213 4571 1318 4653 plotio
1340 4568 1472 4633 Domini
1494 4578 1553 4634 etc.
1582 4570 1681 4636 eflicit
1709 4582 1748 4632 ut
1775 4570 1916 4652 priorem
1947 4571 2183 4653 expositionem

196 4657 230 4718 in
252 4655 327 4718 sinu
349 4664 415 4719 tuo.
459 4656 503 4719 llt
532 4673 618 4720 certe
650 4656 711 4721 hoc
740 4655 841 4720 dictat
869 4664 1008 4720 naturae
1037 4677 1162 4732 sensus,
1215 4657 1306 4739 sequi
1328 4656 1457 4720 malim:
1480 4655 1629 4720 Prodibit
1648 4655 1772 4720 iustitia
1795 4666 1861 4739 tua,
1884 4655 1917 4719 id
1937 4665 1994 4732 est,
2018 4677 2128 4720 omnes
2150 4665 2183 4721 te

195 4737 342 4804 fraudari
375 4740 445 4804 iure
479 4762 537 4805 suo
571 4741 626 4822 qui
659 4745 825 4821 esuriunt,
864 4742 927 4804 nisi
961 4742 1164 4806 succurritur
1215 4751 1364 4806 sanctum
1388 4750 1420 4804 et
1440 4741 1561 4805 iustum
1586 4750 1771 4824 agnoscent,
1798 4762 1900 4824 quum
1923 4750 2019 4805 antea
2048 4761 2123 4806 reus
2146 4763 2182 4808 ac

195 4846 306 4890 eorum
324 4825 465 4890 inediae:
488 4827 583 4891 sicuti
604 4827 696 4890 triste
718 4827 796 4890 illud
820 4826 1038 4909 spectaculum
1057 4827 1163 4892 saevis
1214 4828 1381 4892 convictus
1410 4847 1506 4892 esses.
1557 4827 1608 4890 Ita
1638 4838 1670 4891 et
1703 4826 1805 4910 gloria
1838 4826 1972 4891 Domini
2006 4827 2182 4907 ornaberis,

195 4912 291 4976 etiam
315 4921 349 4974 et
370 4910 564 4976 truculentis
586 4913 839 4976 misericordiam
858 4924 1039 4993 extorquet.
1072 4912 1163 4977 Alias
1215 4933 1314 4993 quum
1338 4921 1435 4977 antea
1457 4910 1584 4992 probris
1613 4912 1748 4977 obrutus
1777 4933 1873 4978 esses.
1918 4911 2073 4977 Probrosi
2094 4914 2182 4978 euim

196 4996 312 5061 deinde
330 4998 452 5078 speeies
471 5010 624 5074 recenset,
640 5018 723 5080 qnae
739 5000 834 5061 etiam
850 4997 972 5062 ferreos
986 4999 1110 5062 animos
1122 4997 1163 5062 ad
1214 5012 1246 5062 et
1268 4998 1476 5081 ignominiosi
1501 4997 1674 5075 reddimur,
1697 5018 1796 5079 quum
1818 4997 1976 5063 scelernm
1999 5008 2182 5065 nostrorum

196 5081 398 5167 συμπάθειαν
421 5083 527 5148 solent
549 5083 729 5149 inflectere:
754 5104 818 5165 quo
839 5083 948 5147 minus
971 5085 1164 5149 excusabilis
1214 5103 1335 5166 poenas
1358 5084 1483 5147 damus.

195 5170 239 5232 sit
259 5170 371 5233 eorum
403 5169 587 5232 immanitas
618 5168 673 5251 qui
698 5169 862 5234 fraternae
890 5170 1018 5251 inopiae
1047 5171 1086 5235 et'
1108 5191 1163 5234 ne·
1300 5167 1329 5233 9.
1353 5169 1457 5253 (Tuae
1478 5167 1656 5248 invocabis.)
1689 5168 1904 5250 Prosequitur
1920 5167 2023 5233 Isaiae
2042 5169 2074 5234 id
2097 5170 2182 5252 qnod

195 5254 355 5318 cessitatis
377 5274 474 5319 sensu
494 5275 557 5318 non
581 5265 769 5337 tanguntur.
815 5254 959 5318 Tandem
983 5254 1164 5320 concludit:
1215 5255 1305 5337 prius
1327 5264 1491 5337 coeperat:
1520 5276 1646 5338 nempe,
1671 5256 1779 5319 omnia
1800 5274 1952 5337 prospers
1979 5275 2109 5321 cessura
2130 5254 2183 5321 Iu-
