4784 5970
189 357 252 424 279
1061 358 1112 426 IN
1134 357 1301 428 Isnlnu
2117 353 2178 420 280

190 570 272 616 esse.
317 550 408 614 Tunc
430 548 527 631 periit
548 546 704 630 populus,
737 546 814 629 quia
834 545 944 612 Deum
975 548 1091 614 habuit
1111 548 1159 613 in·
1211 546 1295 611 nihil
1317 546 1504 612 effecturos:
1537 567 1614 612 nam
1637 566 1754 612 arcano
1776 545 1842 612 Dei
1862 544 2000 613 oonsilio
2021 558 2177 628 reguntur

190 639 336 702 tensum:
370 633 427 699 sed
450 654 537 698 nuno
564 632 642 715 quia
671 632 792 713 absque
814 632 900 713 Deo,
932 633 1054 711 idest,
1087 633 1160 699 sina
1211 652 1324 698 eorum
1337 633 1479 716 impetus
1491 652 1530 699 ac
1540 634 1740 698 fraenentur.
1759 632 1872 700 Utitur
1881 641 1992 698 antem
2003 632 2178 697 universali

190 724 259 787 eius
281 720 433 802 auspiciis
455 719 563 802 ipsum
586 717 819 802 aggredientur
841 717 966 799 hostes,
996 718 1159 803 pudefacti
1211 718 1389 803 particula,
1422 719 1610 802 significans
1641 717 1761 784 multas
1790 728 1824 784 et
1855 719 1965 785 varias
1999 718 2111 801 impiis
2140 719 2177 785 ad

189 816 278 873 retro
311 805 455 871 abibunt.
510 803 605 885 Quod
643 824 719 868 mcx
749 802 868 868 clarius
900 806 1071 889 exprimit,
1104 805 1161 887 qui
1212 823 1347 870 manum
1381 804 1449 870 iore
1482 804 1642 887 rationes,
1675 804 1794 886 quibus
1826 803 1997 870 eoolesiam
2027 802 2177 887 perdant:

189 893 362 959 conuenerit
383 892 417 956 in
440 901 480 970 te,
503 899 614 956 oontm
636 897 669 953 te
687 888 793 955 cadet:
816 887 926 968 idest,
951 890 1106 975 quidquid
1124 890 1159 954 in
1212 890 1268 956 sed
1291 892 1405 956 inanes
1427 901 1524 974 atque
1546 891 1657 955 irritas
1678 892 1757 970 tore,
1778 889 1931 972 quoniam
1951 890 2042 972 ipsos
2055 910 2178 957 coerce·

190 988 224 1044 te
247 978 453 1044 machinatus
470 977 576 1050 fuerit,
596 974 718 1040 recidet
736 976 771 1040 in
789 975 859 1041 aius
877 985 985 1059 caput.
1019 976 1160 1041 Etiamsi
1213 975 1261 1040 bit
1282 975 1455 1042 Dominus.
1497 974 1582 1059 Ipsis
1605 979 1702 1041 etiam
1725 997 1744 1040 e
1766 975 1855 1041 coelo
1876 975 2026 1059 permitti
2040 975 2178 1040 multum

189 1065 365 1130 universus
387 1064 422 1127 in
444 1075 477 1127 te
504 1061 646 1126 mundus
674 1062 840 1144 insurgat,
871 1062 956 1128 mole
985 1081 1045 1128 sna
1076 1071 1160 1126 ruet.
1211 1060 1363 1127 licentiae
1395 1060 1435 1126 ad
1469 1059 1668 1144 probandam
1702 1061 1829 1144 piorum
1861 1060 2090 1126 tolerantiam:
2127 1061 2178 1127 sod

190 1148 344 1215 Notanda
365 1157 416 1213 est
436 1147 597 1231 particula
617 1148 653 1211 ia
673 1151 709 1211 te.
751 1146 836 1211 Nam
865 1167 967 1229 quum
997 1149 1161 1213 Dominus
1213 1147 1268 1212 ubi
1290 1146 1363 1212 Deo
1387 1148 1495 1212 visum
1517 1155 1576 1227 est,
1599 1147 1724 1213 viribus
1745 1156 1779 1211 et
1793 1147 1892 1212 armis
1909 1145 2056 1231 spoliari.
2090 1146 2178 1213 Post·

180 1234 302 1301 bootes
325 1247 453 1300 nostros
477 1233 587 1316 procul
608 1241 696 1298 arcet
714 1232 922 1298 confidimus:
956 1234 1040 1315 qnod
1070 1234 1098 1299 si
1119 1232 1159 1297 ad
1212 1254 1309 1316 quam
1332 1233 1365 1298 in
1388 1253 1509 1317 genere
1530 1231 1683 1316 loquutus
1699 1241 1750 1298 est
1767 1231 1807 1298 de
1820 1232 2052 1298 instrumentis
2067 1233 2179 1315 quibus

189 1343 248 1387 nos
270 1341 372 1403 nsque
395 1320 596 1402 perveniant,
620 1318 764 1383 animum
788 1317 1037 1402 despondemus.
1080 1319 1159 1385 Ideo
1212 1320 1303 1402 impii
1327 1319 1495 1385 ecclesiam
1518 1317 1694 1396 invadunt,
1727 1317 1875 1403 linguam
1903 1318 2101 1383 nominatim
2128 1340 2178 1384 ex·

190 1407 286 1473 dicit:
319 1405 459 1471 Etiamsi
491 1404 531 1468 ad
565 1404 692 1468 viscera
723 1423 824 1485 usque
858 1415 917 1469 tua
949 1406 1160 1489 penetrarint,
1212 1405 1341 1489 primit,
1374 1404 1459 1487 quod
1490 1404 1590 1469 telum
1624 1403 1769 1469 omnium
1802 1404 1947 1469 maxime
1978 1403 2114 1469 exitiale
2144 1424 2178 1471 aa

190 1492 304 1576 perdet
326 1513 380 1556 eos
402 1491 567 1555 Dominus
588 1495 622 1554 et
644 1499 675 1552 te
698 1490 821 1573 eripiet.
1212 1491 1402 1574 pestiferum
1425 1491 1476 1555 sit.
1521 1489 1590 1555 Neo
1612 1492 1700 1554 enim
1723 1489 1827 1555 solum
1851 1489 1913 1555 Dei
1935 1509 2051 1555 servos
2072 1492 2178 1556 conri-

277 1579 327 1643 16.
362 1576 454 1663 (Ecce
474 1597 526 1660 eqo
546 1577 650 1642 aeooi
670 1572 820 1660 fabrum.)
863 1573 1017 1641 Ostendit
1046 1575 1160 1641 Domi·
1212 1577 1270 1643 ciis
1285 1586 1317 1640 et
1332 1576 1503 1642 calumniis
1519 1574 1741 1659 proscindunt,
1766 1573 1825 1640 sed
1846 1576 2016 1641 variatam
2039 1575 2105 1642 Dei
2125 1597 2179 1641 ex·

191 1684 372 1746 nusquam
396 1673 583 1746 promptum
605 1662 667 1744 ipsi
698 1674 731 1725 et
758 1660 853 1727 facile
882 1662 926 1726 sit
953 1662 1080 1744 eripere
1109 1681 1160 1726 ec·
1212 1665 1562 1748 stingunntquantum
1585 1663 1767 1739 inesset,
1798 1661 2033 1745 bominumque
2056 1662 2178 1728 animos

191 1749 323 1815 alesiam
355 1749 506 1832 apravis
528 1747 696 1814 conatibus
725 1748 909 1829 impiorum.
954 1746 1046 1812 Nihil
1075 1748 1159 1812 enim
1212 1749 1254 1814 ab
1287 1769 1327 1814 oa
1359 1747 1513 1814 alienant.
1566 1746 1662 1828 Quod
1693 1747 1786 1812 nobis
1811 1747 1946 1830 gravius
1975 1766 2048 1813 esso
2077 1747 2177 1831 debet,

190 1847 336 1918 possunt,
359 1835 421 1900 nisi
440 1844 597 1916 qnantum
615 1835 656 1897 iis
672 1831 834 1898 Dominus
856 1832 1024 1916 permittit,
1043 1832 1161 1917 quibus
1212 1854 1309 1917 quam
1331 1834 1360 1900 si
1381 1833 1504 1900 centies
1527 1834 1596 1898 vita
1617 1834 1805 1917 eriperetur.
1847 1831 1940 1898 Adde
1963 1833 2052 1917 quod
2074 1833 2178 1917 probis

191 1925 289 1986 etiam
313 1921 406 1985 velut
428 1920 654 1984 instrumentis
673 1918 776 1983 utitur
793 1920 833 1982 ad
853 1919 1058 2003 castigandos
1076 1939 1160 1984 suos.
1213 1932 1246 1987 et
1282 1921 1434 2005 ingenuis
1472 1919 1660 1984 hominibus
1699 1918 1845 1985 acerbior
1883 1930 1934 1984 est
1969 1919 2175 1997 contumelia,

192 2006 365 2073 (laetorum
390 2015 455 2071 tam
479 2005 518 2069 ad
541 2004 725 2070 Chaldaeos
747 2025 842 2086 quam
870 2003 911 2068 ad
941 2004 1022 2069 alios
1052 2005 1161 2071 hostes
1212 2006 1380 2091 magisque
1403 2004 1555 2070 vulnerat
1578 2025 1676 2087 quam
1699 2004 1787 2070 ullus
1808 2004 1947 2069 telorum
1968 2004 2067 2071 ictus.
2110 2005 2177 2071 Eoo

191 2093 245 2176 qni
283 2103 394 2176 postea
426 2091 606 2156 molestiam
641 2090 863 2155 exhibuerunt
895 2089 997 2156 electo
1033 2090 1160 2174 populo,
1212 2093 1314 2175 igitur
1335 2090 1456 2156 lethale
1483 2091 1739 2156 instrumentum
1769 2089 1983 2155 omittendum
2013 2109 2083 2155 non
2112 2091 2177 2157 tuit

190 2178 307 2244 referri
330 2179 390 2243 hoc
413 2177 580 2243 commode
603 2184 718 2259 potest.
764 2174 801 2241 Si
832 2176 920 2257 prior
946 2196 1061 2242 seusus
1090 2175 1161 2258 pla·
1212 2178 1284 2243 Iam
1307 2176 1436 2260 linguas
1457 2177 1491 2241 in
1514 2176 1632 2241 iudicio
1654 2196 1789 2260 surgere
1812 2174 1922 2241 dicens
1943 2182 2038 2241 ιιιιιιι
2068 2177 2177 2260 impios

190 2276 271 2344 oeat,
294 2265 508 2329 ratiocinatur
530 2263 621 2327 Deus
652 2262 713 2326 sibi
741 2261 775 2324 in
805 2271 957 2343 promptu
987 2281 1057 2327 esse
1079 2281 1161 2344 quos
1214 2264 1394 2347 petulantia
1415 2271 1448 2327 et
1475 2260 1610 2326 audacia
1640 2259 1804 2344 praeditos
1834 2282 1904 2327 esse
1933 2262 2114 2344 significat,
2147 2274 2178 2328 nt

192 2348 330 2415 adduxit
352 2350 539 2431 profligare:
564 2358 597 2411 et
620 2367 700 2429 quos
719 2346 846 2426 extulit,
869 2347 982 2411 tollere
1006 2348 1160 2411 emedio.
1213 2349 1297 2414 filios
1319 2347 1382 2411 Dei
1405 2348 1491 2413 ultro
1514 2348 1683 2422 lacessant,
1706 2357 1740 2411 et
1761 2346 1911 2412 molestia
1925 2347 2082 2413 afficiunt.
2117 2346 2178 2414 Ad·

194 2434 230 2502 si
255 2437 294 2500 de
318 2435 488 2511 Antiocho,
512 2442 545 2497 et
565 2431 725 2497 similibus
748 2431 927 2515 intelligas,
961 2453 1076 2498 sensus
1099 2434 1161 2497 erit
1214 2435 1262 2499 dit
1285 2445 1394 2499 autem
1416 2431 1449 2497 id
1470 2434 1505 2497 in
1528 2433 1645 2498 iudicio
1666 2433 1756 2498 fieri:
1779 2434 1855 2516 qaia
1876 2433 2039 2515 speciosos
2061 2433 2178 2499 oolores

192 2542 257 2587 non
281 2520 455 2585 admodum
484 2519 647 2584 diversus:
681 2519 742 2582 hos
775 2537 904 2600 quoque
936 2539 996 2583 suo
1029 2519 1161 2584 arbitrio
1213 2519 1406 2603 obtendunt,
1436 2520 1555 2602 quibus
1576 2519 1610 2583 id
1632 2519 1703 2583 iure
1724 2520 1828 2585 facere
1851 2518 2014 2585 videntur.
2059 2518 2107 2586 Ut
2127 2540 2178 2604 pe·

193 2628 258 2671 non
292 2607 471 2682 nocituros,
513 2607 590 2688 quia
621 2626 662 2669 ue
696 2602 835 2686 digitum
868 2602 997 2686 quidem
1030 2625 1162 2670 movere
1214 2607 1317 2688 pistae
1338 2627 1438 2689 quum
1461 2626 1520 2670 uos
1546 2604 1742 2681 haereticos,
1772 2604 1996 2671 schismatioos
2024 2614 2058 2669 et
2088 2626 2178 2672 canas

192 2703 328 2776 queant,
362 2692 425 2757 uisi
456 2690 519 2755 Dei
548 2690 702 2774 impulsu.
749 2687 814 2755 sed
844 2689 972 2754 videtur
1003 2690 1162 2774 propbeta
1214 2702 1350 2768 vocant,
1384 2691 1551 2757 nobiscum
1574 2692 1665 2773 quasi
1688 2691 1721 2754 in
1753 2690 1872 2755 iudicio
1899 2690 2121 2771 contendunt,
2149 2699 2178 2754 et

192 2800 301 2845 secum
325 2798 490 2862 pugnare:
523 2797 598 2841 nam
622 2776 788 2859 superiore
811 2796 906 2840 versu
934 2775 1016 2840 dixit
1045 2776 1161 2859 impios
1213 2779 1343 2860 patroni
1378 2778 1524 2843 veritatis
1556 2776 1734 2843 catholicae
1766 2775 1880 2841 haberi
1914 2775 2049 2855 volunt,
2084 2797 2177 2860 quum

192 2885 382 2947 oppugnare
405 2863 570 2928 ecclesiam
595 2863 715 2944 absque
739 2862 897 2925 Domino:
921 2882 1008 2927 nnnc
1030 2883 1084 2927 cos
1108 2882 1162 2927 ve·
1214 2864 1383 2930 mendacia
1415 2874 1448 2928 ct
1480 2864 1598 2944 impios
1629 2860 1736 2928 cultus
1774 2873 1936 2927 tueantur.
1991 2862 2039 2926 ut
2074 2871 2177 2927 tamen

192 2950 242 3013 lut
265 2950 417 3030 auspiciis
437 2949 498 3012 Dei
522 2948 672 3025 militare,
694 2957 730 3010 ut
748 2949 817 3027 ipsc
834 2946 915 3010 duce
932 2960 1030 3029 atque
1048 2958 1161 3012 autore
1213 2951 1373 3015 eiusmodi
1395 2949 1555 3014 coloribus
1578 2949 1723 3014 obtectae
1745 2960 1822 3012 sunt
1843 2967 1953 3012 eorum
1988 2947 2176 3024 calumnias,

193 3042 332 3107 vastent,
357 3045 453 3116 atque
476 3034 623 3115 perdant.
667 3032 869 3112 Respondes,
893 3032 1161 3098 considerandam
1213 3048 1249 3101 ut
1271 3036 1433 3100 summam
1458 3034 1549 3099 nobis
1571 3032 1729 3099 invidiam
1751 3042 1862 3098 creent
1884 3032 1972 3116 apud
1993 3052 2049 3099 eos
2068 3033 2177 3116 quibus

194 3140 263 3183 esse
297 3118 490 3183 antithesin:
523 3116 609 3200 quod
644 3117 766 3182 scilicet
793 3117 954 3182 Dominus
987 3119 1161 3183 excitasset
1214 3143 1312 3187 causa
1334 3129 1445 3185 nostra
1467 3121 1580 3203 ignota
1603 3128 1661 3184 est.
1705 3117 1770 3186 Sed
1793 3120 1942 3201 quamvis
1972 3122 2007 3184 et
2027 3120 2131 3185 armis
2150 3128 2178 3184 et

193 3202 387 3288 Babylonios
411 3203 450 3268 ad
474 3204 640 3269 ecclesiam
664 3201 871 3285 perdendam.
906 3202 1058 3267 Notanda
1073 3205 1161 3268 enim
1213 3207 1327 3290 lingna
1349 3217 1382 3271 et
1404 3207 1510 3270 omnis
1532 3206 1661 3290 generis
1680 3205 1753 3271 telis
1768 3224 1828 3270 nos
1846 3213 2049 3288 oppugnent,
2073 3213 2177 3269 tamen

193 3301 245 3355 est
266 3289 445 3354 similitudo
468 3289 590 3364 diluvii,
615 3308 679 3370 qna
701 3298 883 3352 extremam
905 3289 1161 3354 internecionem
1212 3293 1395 3375 superiores
1423 3313 1482 3357 nos
1515 3291 1583 3357 fore
1616 3291 1769 3357 vaticinio
1803 3290 1864 3357 hoo
1895 3291 1970 3355 irati
2002 3310 2177 3374 speremus.

193 3376 410 3460 significavit:
434 3395 509 3439 nam
532 3387 611 3439 tunc
633 3372 767 3439 ecelesia
790 3372 892 3436 veluti
908 3377 1074 3440 submersa
1090 3375 1160 3440 fuit.
1212 3378 1277 3444 Hic
1299 3379 1385 3443 enim
1409 3378 1610 3459 promittitur
1634 3377 1785 3455 victoria,
1818 3374 1859 3441 de
1886 3396 1949 3458 qna
1977 3396 2083 3459 quum
2105 3377 2178 3443 oarti

192 3462 246 3528 Ad
268 3462 301 3527 id
324 3461 583 3546 Babyloniorum
606 3480 704 3543 opera
726 3479 805 3524 usus
827 3466 885 3523 est.
929 3457 997 3524 Sed
1026 3461 1162 3543 posthac
1213 3466 1325 3544 simus,
1347 3463 1510 3545 intrepido
1534 3464 1731 3545 nobisatque
1752 3461 1889 3528 infracto
1908 3461 2020 3529 animo
2035 3481 2178 3548 pugnan-

193 3556 335 3612 testatur
357 3571 391 3612 se
415 3546 499 3612 velle
520 3547 682 3611 moderari
705 3545 773 3610 irae
801 3563 898 3623 suae,
928 3555 966 3609 ut
994 3567 1161 3629 nunquam
1213 3549 1290 3614 dum
1313 3558 1371 3614 est.
1821 3556 1824 3564 '

193 3635 233 3698 ab
256 3634 404 3698 hostibus
434 3634 600 3699 ecclesiam
634 3652 729 3697 suam
762 3630 863 3695 deleri
897 3630 998 3708 sinat,
1032 3633 1162 3698 tametsi
1297 3634 1397 3721 (Haeo
1419 3633 1619 3719 hareditas.)
1662 3633 1736 3699 Hoc
1757 3633 1820 3716 piis
1848 3631 1937 3697 velut
1965 3631 2179 3698 haereditario

194 3739 307 3783 corum
330 3738 428 3781 manu
451 3721 555 3800 ipsam
578 3720 723 3801 castiget.
767 3717 817 3781 Eo
840 3715 927 3780 enim
951 3716 1091 3783 tendunt
1114 3738 1162 3783 ee·
1212 3720 1284 3785 iure
1306 3742 1326 3784 a
1347 3719 1492 3784 Domino
1514 3719 1626 3784 datum
1651 3740 1721 3784 esse
1743 3717 1895 3796 ostendit,
1927 3737 1993 3801 quo
2014 3738 2180 3802 nunqnam

195 3804 312 3868 clesiae
334 3804 451 3881 hostes,
474 3802 686 3885 omnibusque
710 3801 834 3867 viribus
856 3801 889 3865 id
912 3802 1103 3882 moliuntur,
1125 3811 1163 3868 ut
1213 3806 1416 3870 fraudentur.
1471 3805 1518 3871 Ut
1550 3806 1638 3869 enim
1672 3802 1787 3869 nullus
1817 3811 1866 3869 est
1904 3803 2028 3869 certior
2068 3803 2180 3870 titulus

195 3888 361 3954 ecclesiam
385 3888 517 3951 diruant
540 3907 576 3951 ac
599 3897 765 3967 evertant,
798 3884 855 3952 sed
885 3907 999 3952 eorum
1022 3889 1161 3969 impetus
1213 3912 1309 3972 quam
1332 3911 1390 3972 pro
1415 3889 1570 3955 haerede:
1594 3892 1639 3954 ita
1662 3889 1743 3955 nihil
1766 3890 1886 3955 certius
1908 3889 2059 3955 futurum
2082 3891 2181 3957 serris

195 3973 323 4039 cohibet
345 3975 517 4053 Dominus,
540 3972 691 4054 quoniam
715 3973 835 4055 absque
856 3971 937 4053 ipso,
959 3972 1070 4047 idest,
1093 3976 1162 4037 eius
1213 3975 1348 4040 Domini
1370 3975 1438 4040 fore
1461 3974 1680 4054 demonstrat,
1710 3996 1807 4058 quam
1830 3982 2020 4058 perpetuam
2045 3974 2181 4042 tutelam

194 4061 320 4124 iniussu
342 4058 374 4121 id
397 4060 530 4124 faciunt.
565 4057 705 4137 Quidam
730 4067 900 4139 exponunt
922 4056 1050 4122 fabrum
1074 4079 1162 4123 crea·
1213 4072 1246 4125 et
1268 4061 1566 4140 conservationem,
1595 4082 1659 4143 qua
1680 4062 1767 4146 ipsos
1789 4059 1946 4126 adversus
1966 4060 2082 4126 omnia
2100 4061 2183 4145 peri·

195 4159 265 4210 tum
289 4142 329 4207 ad
351 4166 431 4226 opus
454 4165 560 4221 sunm,
584 4143 616 4205 id
640 4155 697 4219 est,
722 4150 757 4205 ut
779 4141 957 4223 perniciem
980 4163 1073 4208 suam
1094 4145 1162 4225 ipse
1214 4145 1287 4210 cula
1310 4144 1469 4210 defendet.
1504 4146 1635 4212 Iustitia
1658 4146 1711 4214 bio
1732 4147 1891 4230 accipitur
1911 4166 1971 4228 pro
1992 4146 2077 4225 iure,
2100 4144 2183 4229 qnod

195 4229 358 4306 moliatur,
383 4238 580 4294 vastatorem
604 4238 730 4305 autem,
760 4225 801 4291 ad
830 4225 1032 4308 perdendum
1055 4249 1090 4293 so
1113 4232 1161 4311 ip·
1215 4229 1313 4314 vulgo
1348 4229 1486 4295 dicimus
1519 4231 1607 4296 Leur
1638 4234 1729 4298 droit.
1783 4233 1825 4297 In
1857 4251 1986 4297 summa
2019 4231 2183 4316 signifieat

196 4338 279 4383 sum.
332 4313 398 4379 Sed
432 4315 520 4395 prior
552 4333 666 4377 sensus
699 4311 781 4376 mihi
814 4311 990 4393 simplicior
1023 4312 1161 4379 videtur.
1214 4313 1393 4379 Dominum
1416 4316 1577 4382 vindicem
1600 4317 1711 4384 adfore
1734 4317 1809 4394 suis,
1833 4326 1872 4383 ut
1893 4336 2006 4383 eorum
2026 4317 2183 4385 innocen·

196 4402 290 4483 Quod
322 4408 429 4464 antem
455 4398 616 4463 Dominus
649 4418 684 4461 se
715 4401 905 4461 vastatorem
936 4416 1046 4462 creare
1077 4398 1163 4477 dicit,
1215 4399 1295 4464 tiam
1318 4408 1457 4466 tueatur.
1502 4401 1639 4483 Quoties
1660 4423 1738 4488 ergo
1767 4403 1982 4486 opprimimur
2012 4402 2184 4469 hominum

195 4509 259 4553 non
282 4487 321 4551 ad
346 4493 497 4550 naturam
520 4483 616 4547 modo
638 4491 774 4564 spectat,
797 4492 834 4545 ut
857 4480 1004 4545 homines
1026 4503 1162 4547 nascan-
1215 4485 1352 4565 iniuria,
1391 4486 1552 4553 discamus
1584 4497 1673 4555 recta
1706 4488 1746 4554 ad
1780 4489 1961 4555 Dominum
1998 4489 2183 4575 confugere

197 4588 263 4649 tur,
298 4569 417 4636 esdad
446 4571 551 4652 ipsum
580 4567 733 4633 vastandi
761 4576 887 4632 actum:
921 4587 1026 4648 neque
1056 4578 1162 4632 tamen
1216 4568 1311 4650 Quod
1334 4571 1421 4635 enim
1443 4571 1508 4638 alia
1529 4574 1674 4640 subsidia
1694 4576 1896 4658 quaerimus,
1926 4594 1965 4640 eo
1994 4576 2034 4640 fit
2056 4583 2097 4642 nt
2117 4575 2185 4643 ains

196 4670 247 4725 est
269 4665 440 4740 propterea
463 4654 559 4737 culpa
581 4653 779 4736 assignanda
801 4651 882 4727 Deo,
910 4652 1002 4730 quasi
1024 4653 1163 4717 iniustae
1216 4657 1395 4737 patrocinio
1416 4666 1449 4723 et
1472 4661 1572 4724 tutela
1595 4660 1817 4726 destituamur.

196 4743 401 4812 crudelitatis
423 4743 466 4804 sit
487 4749 591 4812 autor,
619 4759 700 4820 quae
723 4738 844 4803 residet
866 4736 899 4799 in
922 4735 1000 4799 solis
1022 4736 1163 4802 homini·

197 4832 266 4896 bus.
300 4830 369 4894 Nec
392 4828 477 4890 enim
501 4826 591 4889 Deus
614 4844 724 4886 eorum
744 4823 899 4888 scelestae
915 4819 1041 4885 libidini
1057 4842 1164 4888 assen-

197 4918 294 4981 titur:
328 4913 383 4979 sed
415 4931 526 4978 eorum
557 4920 692 4973 conatus
721 4927 839 4971 aroana
867 4925 926 4971 sna
957 4908 1164 4986 providentia

199 5002 356 5066 destinat:
379 4999 482 5081 iisque
506 4995 596 5060 velut
617 4993 843 5057 instrumentis
866 4995 933 5057 irae
955 4994 1163 5058 succutitur.

199 5085 265 5152 Sed
288 5085 327 5150 de
349 5086 412 5151 hac
433 5105 468 5148 re
491 5081 567 5147 alibi
590 5087 765 5143 tractatum
788 5087 847 5142 est.

286 5172 336 5235 17.
359 5172 473 5253 (Omne
494 5160 755 5246 instrumentum.)
787 5163 911 5228 Iterum
935 5163 1057 5247 colligit
1079 5163 1164 5244 quod

199 5255 408 5322 iamdictam
432 5267 498 5333 est,
528 5254 658 5336 impios,
694 5249 823 5313 tametsi
847 5250 956 5314 omnia
979 5248 1164 5332 moliantur,
