4784 5970
116 373 181 438 433
962 370 1112 439 CAPUT
1133 368 1262 438 LXVI.
2040 367 2106 434 434

118 558 224 644 magis
246 561 432 625 confirmat:
461 559 616 642 quoniam
639 558 694 626 diu
716 559 846 627 exsules
866 559 968 626 futuri
990 567 1085 625 erunt
1136 580 1246 625 rerum
1269 558 1417 624 ordinem
1444 558 1658 643 perturbavit.
1702 558 1814 639 Quum
1844 563 1956 623 autem
1978 556 2104 624 Christi

119 644 241 723 Iudaei,
270 647 432 711 Dominus
463 651 601 711 testatur
627 667 662 711 se
690 667 754 714 non
786 666 954 729 passurum
984 655 1021 710 ut
1048 646 1084 711 in
1136 646 1180 709 sit
1200 645 1309 711 omnia
1330 646 1366 710 in
1389 649 1512 711 statum
1535 656 1631 727 atque
1654 643 1802 710 ordinem
1824 664 1918 710 snum
1941 642 2101 728 colligere,

119 730 234 796 exsilio
257 730 377 797 diutius
401 733 585 814 langueant,
614 752 722 816 neque
744 731 921 797 dilaturum
945 731 1085 815 amplius
1136 729 1208 797 ideo
1232 731 1455 797 confusionem
1477 730 1530 798 vel
1553 729 1795 814 dissipationem
1826 749 1908 813 quae
1937 748 2026 794 nunc
2054 736 2104 795 est

119 817 279 882 auxilium
312 836 419 882 suum:
453 815 684 882 exauditurum
716 819 812 900 ipsos,
846 819 943 883 etiam
979 819 1084 900 prius·
1135 817 1170 880 in
1203 818 1300 883 rebus
1332 816 1483 882 humenis
1516 816 1642 883 Christi
1679 815 1822 882 adventu
1860 814 2023 881 sublatum
2061 815 2103 879 iri

118 922 214 985 quam
238 903 389 968 clament.
434 904 542 985 Atque
564 903 626 968 hoc
647 902 688 968 ad
715 924 852 988 regnum
875 901 999 970 Christi
1026 923 1084 987 po·
1135 903 1312 985 significat:
1353 902 1430 986 quia
1469 912 1547 969 tuuc
1585 902 1714 967 abolitis
1752 901 1945 984 corruptelis
1984 899 2103 966 redibit

118 988 278 1054 tissimum
315 988 474 1070 pertinet,
511 1008 571 1071 per
609 1007 702 1071 quem
746 986 949 1072 exaudimur,
989 998 1085 1070 atqua
1135 988 1277 1053 mundus
1305 987 1345 1053 ad
1374 989 1513 1071 primam
1544 989 1591 1054 ori
1618 989 1713 1053 'uem
1757 987 1828 1051 Leo
1849 995 1999 1067 vescetur
2032 987 2102 1050 sine

118 1074 241 1138 aditum
274 1074 432 1139 habemus
460 1071 501 1137 ad
530 1075 636 1139 Deum
669 1083 810 1156 patrem:
843 1075 939 1140 sicuti
962 1075 1085 1139 Paulus
1136 1093 1230 1153 noxa,
1259 1095 1319 1140 nec
1347 1074 1487 1157 amplius
1510 1095 1630 1158 praee
1692 1081 1832 1155 appetet.
1876 1070 2021 1153 Serpens
2043 1091 2102 1137 suo

117 1157 733 1246 praeclaredocetliphes.3(v.12).
778 1161 933 1225 Patribus
955 1159 1083 1243 quidem
1135 1160 1272 1241 pulvere
1304 1168 1478 1226 contentus
1510 1162 1545 1225 in
1580 1179 1618 1224 eo
1651 1157 1834 1237 delitescet,
1867 1176 1927 1222 nec
1959 1157 2101 1240 amplius

117 1244 248 1328 patebat
268 1244 355 1309 idem
378 1244 501 1310 aditus:
524 1266 583 1310 neo
605 1245 700 1311 aliter
721 1266 816 1330 quam
838 1266 897 1329 per
915 1245 1083 1312 Christum
1135 1247 1279 1311 venefico
1314 1266 1425 1311 morsu
1455 1246 1591 1312 nocebit.
1643 1243 1811 1326 Denique,
1840 1243 1998 1326 quidquid
2026 1262 2102 1309 eon·

118 1330 265 1395 exaudiri
289 1338 458 1413 poterant:
484 1331 540 1396 sed
564 1336 705 1414 ungusta
726 1331 833 1397 adhuc
855 1341 887 1395 et
908 1332 1001 1414 quasi
1024 1333 1084 1395 im·
1135 1330 1242 1396 fusum
1265 1341 1322 1396 ant
1351 1333 1574 1413 perturbatum
1598 1339 1656 1408 est,
1690 1328 1796 1393 ordini
1819 1349 1877 1394 sno
1899 1329 2100 1394 restituetur.

117 1415 227 1498 pedita
260 1425 332 1481 erat
364 1416 480 1481 ianua:
513 1437 601 1482 nunc
632 1416 791 1482 latissime
824 1438 862 1483 ac
898 1417 1084 1500 plenissime
1135 1415 1267 1482 Interea
1289 1418 1423 1483 minime
1445 1416 1580 1482 dubium
1603 1420 1663 1495 est,
1689 1416 1767 1500 quin
1790 1414 1951 1499 propheta
1979 1415 2101 1498 allego·

117 1503 280 1584 patefacta
311 1509 370 1566 est.
414 1500 485 1567 Sub
515 1502 586 1586 lege
618 1503 757 1586 populus
788 1503 823 1566 in
858 1504 939 1569 atrio
972 1501 1084 1585 procul
1135 1503 1200 1568 riae
1229 1502 1379 1585 loquutur
1408 1503 1447 1568 de
1475 1503 1693 1586 sanguinariis
1722 1508 1755 1566 et
1783 1499 1935 1566 violentis
1964 1499 2102 1565 homini·

118 1598 205 1652 stare
227 1587 366 1652 solebat:
389 1608 476 1653 nunc
498 1586 539 1652 ab
560 1587 631 1670 ipso
652 1589 828 1654 sanct-uarii
858 1589 1009 1672 ingressu
1038 1587 1084 1651 ni·
1136 1587 1211 1665 bus,
1245 1609 1382 1670 qnorum
1416 1589 1486 1654 fera
1519 1598 1552 1654 et
1585 1587 1721 1652 immitis
1754 1595 1872 1651 natura
1906 1585 2100 1662 domabitur,

118 1672 165 1737 hil
188 1692 246 1737 nos
268 1671 427 1755 prohibet,
447 1673 600 1755 quoniam
619 1674 727 1738 velum
743 1673 858 1757 templi
873 1676 1009 1740 scissum
1024 1682 1083 1740 est.
1135 1693 1234 1755 quum
1258 1674 1382 1740 Christi
1408 1675 1521 1757 iugum
1543 1674 1709 1739 subibunt.
1753 1671 1820 1738 Sed
1843 1669 1934 1755 prius
1956 1672 2102 1737 conlusio

116 1757 218 1824 Nobis
240 1759 339 1842 igitur
360 1759 395 1822 in
416 1760 540 1824 coelum
570 1758 677 1825 aditus
707 1780 766 1843 per
788 1760 955 1826 Christum
984 1771 1084 1843 patet,
1135 1780 1218 1841 quae
1240 1759 1381 1824 hominis
1403 1759 1498 1840 lapsu
1525 1760 1668 1842 contigit,
1699 1760 1733 1822 in
1763 1758 1921 1823 creaturis
1950 1756 2101 1823 omnibus

117 1849 156 1908 ut
177 1844 277 1910 libere
299 1853 331 1910 et
353 1864 426 1909 oum
445 1843 562 1910 fiducia
576 1844 617 1909 ad
636 1845 789 1911 thronum
808 1847 934 1930 gratiae
952 1844 1082 1911 soceda-
1136 1843 1310 1928 diligenter
1331 1845 1576 1911 consideranda.
1622 1845 1672 1909 na
1694 1845 1780 1908 enim
1804 1843 1980 1926 praeterita
2001 1844 2100 1909 bene·

117 1950 198 2008 mus,
222 1939 259 1994 ut
280 1930 535 1996 misericordiam
565 1950 810 2013 consequamur,
840 1941 938 2013 atque
966 1951 1082 2014 oppor·
1133 1931 1243 1996 ficium
1265 1930 1327 1995 hoc
1348 1931 1569 1997 restitutionis
1590 1950 1656 1994 non
1686 1931 1764 1994 satis
1794 1938 1868 2011 apte
1890 1936 1923 1992 et
1952 1938 2100 1994 accurate

116 2026 231 2080 tanum
262 2016 417 2080 auxilium
447 2016 663 2083 inveniamus.
715 2015 898 2083 Obiicietur
927 2018 1082 2101 quaestio,
1134 2017 1268 2083 anobis
1290 2015 1431 2098 expandi
1454 2025 1571 2099 posset.
1608 2014 1714 2082 Simul
1735 2013 1913 2097 repetenda
1933 2024 2012 2080 sunt
2032 2034 2100 2080 me·

117 2123 160 2166 an
182 2101 264 2165 nulli
287 2100 381 2166 hodie
403 2102 471 2166 sint
487 2100 598 2167 fideles
613 2103 647 2167 in
663 2102 793 2181 mundo,
815 2102 941 2167 nullum
958 2101 1082 2169 Christi
1134 2103 1237 2167 moria
1270 2123 1352 2184 quae
1386 2102 1558 2167 undecimo
1590 2101 1696 2182 capite
1735 2101 1776 2165 de
1815 2101 1912 2165 simili
1946 2100 2102 2183 allegoria

116 2207 267 2271 regnum:
291 2188 366 2268 quia
387 2207 455 2252 non
470 2196 605 2271 apparet
620 2189 726 2253 Deum
750 2191 796 2252 ita
811 2199 996 2272 promptum
1012 2208 1083 2254 esse
1134 2187 1284 2253 diximus.
1331 2188 1494 2254 Douemur
1515 2187 1568 2254 hic
1591 2187 1702 2270 quales
1732 2187 1800 2251 sint
1828 2185 1978 2252 homines
2008 2196 2100 2252 ante-

118 2270 159 2337 ad
181 2292 276 2356 opem
295 2272 469 2350 l'erendam,
492 2294 552 2339 neo
567 2272 653 2339 ullus
671 2284 797 2339 constat
813 2276 937 2339 fructus
952 2294 1082 2358 precum
1133 2293 1229 2355 quam
1249 2294 1304 2339 eos
1325 2282 1495 2340 convertat
1518 2272 1689 2349 Dominus,
1718 2280 1816 2356 atque
1836 2272 1873 2336 in
1896 2272 1982 2336 ovile
2004 2292 2100 2338 snum

117 2357 323 2423 nostrarum?
366 2356 573 2441 Respondeo:
601 2360 749 2441 quamvis
772 2370 849 2425 tunc
871 2359 1002 2424 demum
1025 2379 1083 2443 ap·
1134 2359 1312 2425 adscribat:
1346 2368 1421 2424 sunt
1449 2361 1536 2424 enim
1564 2359 1650 2424 ferae
1684 2357 1806 2423 bestiae
1839 2367 1871 2423 et
1902 2357 2100 2423 indomitae:

116 2452 230 2527 pareat
252 2464 312 2509 nos
329 2444 499 2510 exauditos
517 2465 598 2527 esse,
620 2465 722 2527 quum
740 2454 877 2511 eventus
901 2467 935 2511 re
954 2447 1026 2528 ipsa
1048 2444 1082 2509 id
1134 2455 1229 2528 utque
1250 2453 1330 2510 tuno
1345 2444 1475 2511 demum
1490 2445 1530 2510 ab
1546 2445 1633 2509 omni
1649 2464 1735 2509 noxa
1750 2443 1912 2510 abstinere
1927 2443 2100 2526 incipiunt,

116 2527 311 2611 comprobat,
340 2551 399 2594 nos
422 2541 530 2595 tamen
559 2530 692 2596 interim
722 2551 785 2595 non
814 2531 936 2615 negligi
959 2553 979 2597 a
1001 2532 1081 2607 Deo,
1134 2551 1235 2614 quum
1264 2528 1427 2596 Dominus
1457 2551 1568 2595 eorum
1598 2529 1773 2609 libidinem,
1803 2539 1835 2594 et
1865 2532 2016 2595 insanum
2046 2550 2101 2594 no·

117 2615 172 2697 qui
195 2613 330 2681 deficere
353 2636 412 2680 nos
435 2637 498 2680 non
522 2618 608 2693 sinit,
638 2615 693 2682 sed
719 2617 840 2681 virtute
869 2618 1002 2699 spiritus
1031 2616 1082 2682 sni
1134 2615 1229 2682 cendi
1251 2616 1428 2699 appetitum
1452 2619 1652 2699 represserit.
1698 2615 1799 2681 Addit
1822 2615 1953 2680 tandem
1976 2617 2011 2681 in
2033 2622 2101 2680 toto

116 2708 287 2776 sustentat,
321 2712 357 2763 ut
384 2703 544 2783 patienter
572 2702 663 2766 illum
693 2711 924 2782 exspectemus.
969 2702 1082 2783 Neque
1134 2709 1244 2766 monte
1266 2707 1388 2782 sancto,
1410 2702 1485 2784 quin
1508 2701 1659 2766 discussis
1681 2700 1864 2784 quisquiliis
1891 2711 1924 2764 et
1951 2698 2101 2765 sordibus

116 2795 289 2869 propterea
310 2785 428 2864 differt,
462 2786 549 2868 quod
572 2797 727 2869 tanquam
750 2786 897 2852 homines
919 2807 1001 2870 opus
1024 2787 1081 2852 ha·
1134 2787 1296 2852 Dominus
1325 2806 1439 2871 purum
1468 2785 1529 2853 sibi
1558 2787 1727 2852 ecclesiam
1755 2787 1904 2869 colliget:
1935 2807 2010 2851 nam
2040 2786 2099 2851 snb

117 2873 190 2936 beat
206 2883 366 2953 tempore:
389 2871 445 2937 sed
464 2873 540 2954 quia
557 2872 747 2955 patientiam
766 2878 911 2937 nostram
929 2893 1081 2939 exeruere
1135 2882 1212 2937 nota
1229 2872 1407 2938 universali
1425 2871 1620 2956 intelligitur
1638 2872 1795 2955 purgatio.
1830 2873 1952 2937 Mirum
1974 2872 2101 2937 interea

117 2977 154 3022 ae
183 2956 319 3039 probare
348 2957 428 3022 vult.
473 2956 514 3021 Iu
542 2978 670 3023 summa
699 2956 820 3040 duplex
846 2966 897 3023 est
924 2957 996 3023 Deo
1025 2979 1081 3023 ex·
1134 2958 1238 3023 videri
1258 2979 1324 3024 non
1348 2958 1453 3036 debet,
1482 2957 1567 3041 quod
1595 2967 1660 3023 tam
1681 2957 1778 3022 multi
1800 2956 1905 3023 adhue
1933 2956 2099 3023 ferociunt.

116 3041 270 3106 audiendi
291 3042 423 3107 modus:
454 3045 604 3124 primum,
626 3063 725 3126 quum
747 3053 894 3126 apertum
923 3044 1082 3109 auxilium
1134 3044 1234 3109 Pauci
1268 3043 1353 3108 enim
1383 3052 1461 3108 sunt
1489 3045 1558 3109 veri
1588 3043 1713 3109 incolae
1742 3045 1861 3109 montis
1891 3042 1971 3107 Dei:
2005 3044 2100 3127 pauci

118 3127 262 3209 praebet:
287 3128 413 3206 deinde,
436 3148 537 3210 quum
559 3129 682 3193 virtute
707 3129 842 3210 spiritus
871 3130 921 3194 sui
950 3129 1081 3206 assistit,
1132 3127 1254 3213 integri
1276 3149 1314 3195 ao
1335 3128 1457 3208 fideles,
1480 3130 1579 3194 etiam
1598 3130 1684 3194 inter
1702 3149 1756 3194 eos
1772 3129 1825 3211 qui
1844 3150 1879 3194 se
1895 3128 2099 3194 Christianos

117 3234 158 3276 ne
180 3213 274 3278 malis
297 3214 373 3279 vieti
397 3212 596 3278 deficiamus.
630 3213 727 3294 Quod
750 3214 779 3279 si
801 3214 958 3280 tenaciter
979 3215 1081 3280 infixa
1133 3216 1336 3298 profitentur.
1382 3214 1493 3294 Quum
1515 3216 1549 3279 in
1579 3215 1620 3280 iis
1648 3214 1755 3280 adhue
1784 3222 1901 3298 regnet
1928 3235 1966 3280 ac
1988 3215 2101 3299 vigeat

116 3309 203 3361 esset
234 3299 351 3364 animis
381 3299 553 3364 hominum
583 3300 663 3366 haec
690 3299 845 3377 doctrina,
875 3300 1014 3366 alacrius
1043 3319 1081 3365 ac
1133 3309 1228 3367 vetus
1260 3300 1365 3383 homo,
1396 3300 1531 3366 dissidia
1560 3322 1687 3384 qnoque
1717 3311 1750 3366 et
1778 3300 1864 3365 bella
1892 3301 1981 3366 inter
2009 3301 2098 3383 ipsos

117 3383 249 3449 liberius
271 3384 312 3448 ad
330 3383 439 3449 Deum
462 3387 683 3469 confugerent,
706 3405 767 3451 nec
785 3395 852 3449 tam
870 3387 1081 3468 pertinaciter
1132 3387 1243 3471 vigere
1265 3401 1297 3453 et
1319 3387 1462 3471 grassari
1484 3407 1615 3453 neeesse
1637 3395 1695 3451 est.

117 3468 156 3533 de
189 3478 374 3534 sanatorum
407 3471 611 3536 invocatione
640 3472 853 3554 disputarant.
899 3470 965 3551 Qui
993 3473 1079 3536 enim

113 3554 153 3617 fit
175 3561 212 3618 ut
233 3555 383 3622 homines
404 3568 471 3620 tum
494 3557 602 3623 varios
625 3557 686 3624 sibi
707 3565 861 3640 patronos
883 3558 1079 3640 confingant,

115 3639 156 3704 ad
187 3661 266 3722 qnos
293 3642 401 3724 potius
429 3663 465 3707 se
497 3645 657 3726 recipiant
689 3662 786 3725 quam
819 3641 860 3706 ad
893 3640 1079 3707 Christum:

117 3725 180 3789 nisi
212 3724 296 3807 quod
326 3729 421 3792 istam
456 3726 636 3792 doctrinam
668 3749 734 3792 non
767 3726 953 3805 admittunt,
986 3736 1081 3809 atque
1393 3721 1398 3733 ⁸
1432 3728 1622 3810 CAPUT
1651 3726 1800 3808 LXVI,

117 3810 276 3875 beneficas
310 3824 344 3876 et
376 3812 526 3878 liberales
559 3810 744 3879 huiusmodi
773 3813 1002 3894 promissiones
1030 3834 1080 3876 re·

117 3895 276 3978 lllldlssssl?
618 3947 621 3954 ·
673 3983 680 3996 ,
732 3985 738 3998 ‚
917 3983 924 3997 ‚
970 3983 976 3996 ‚
1033 3983 1039 3996 ‚
1219 3917 1247 3980 1.
1278 3913 1331 3982 Sic
1351 3914 1426 3979 dicit
1449 3913 1580 3980 Ietooa:
1610 3911 1735 3980 &clam
1755 3915 1844 3980 sedes
1864 3935 1940 3993 meo,
1967 3919 2100 3981 attero

203 3981 255 4046 25·
282 3980 408 4084 (Lapsae
428 3988 456 4048 dl
476 3982 601 4082 99333)
644 3980 817 4081 Slgfflfiffll
837 4003 947 4082 ⁰m1312
968 4004 1002 4047 ¹¹¹
1031 4003 1082 4048 ¹11·
1132 4001 1297 4068 embolium
1323 4000 1442 4081 pedum
1470 4019 1615 4065 macrian.
1668 3999 1731 4065 Ubi
1759 4001 1821 4065 ieta
1849 4001 1973 4084 domate,
2006 4021 2101 4083 quam

117 4073 245 4151 tegrum
269 4078 455 4133 restitutum
477 4090 517 4132 arr
539 4069 594 4134 ubi
610 4066 762 4134 Christus
778 4069 937 4153 regnabit.
975 4071 1082 4151 Atque
1133 4085 1339 4168 aedificabitis
1369 4085 1448 4150 mim
1459 4085 1477 4150 3
1508 4089 1536 4149 et
1568 4085 1622 4150 μω
1654 4084 1703 4149 mc
1735 4085 1818 4150 locus
1849 4088 1960 4167 quietis
1990 4087 2101 4153 meae?

117 4153 170 4219 hic
199 4153 329 4218 videtur
356 4155 455 4220 tacita
483 4175 554 4219 esse
582 4156 778 4236 comparatio
807 4157 894 4220 inter
916 4153 1081 4220 Adamum
1133 4174 1163 4238 2,
1192 4172 1292 4254 Atqui
1313 4190 1426 4236 manus
1446 4190 1515 4235 ‚m
1537 4170 1609 4236 pm
1637 4171 1744 4235 omma
1770 4171 1859 4252 fecii,
1891 4176 2101 4255 &coeperunt

117 4249 150 4303 et
173 4237 350 4306 Christum.
395 4241 479 4304 Nam
502 4241 621 4305 scimus
649 4259 760 4306 omnes
790 4241 971 4323 praesentis
992 4241 1082 4306 vitoe
1132 4278 1197 4324 3333
1223 4257 1296 4323 ιω
1322 4257 1442 4335 omnia,
1471 4256 1548 4320 dicit
1569 4255 1693 4320 Ietova,
1739 4255 1785 4321 Ep
1805 4257 1848 4323 ad
1869 4256 1948 4324 lpum
1968 4259 2100 4339 micio

118 4344 291 4391 aerumnas
312 4327 449 4391 fluxisse
470 4346 511 4390 ex
534 4333 663 4407 peccato
692 4325 789 4408 primi
818 4325 975 4390 hominis:
1005 4327 1082 4408 quia
1132 4345 1187 4426 qm·
1208 4341 1337 4408 mais
1358 4346 1402 4406 est
1423 4360 1460 4406 ap
1480 4343 1628 4407 margus
1649 4342 1774 4424 spiriru,
1796 4344 1958 4424 premitque
1978 4343 2020 4408 αα
2036 4363 2100 4408 ser.

117 4424 197 4475 tunc
218 4412 337 4493 privati
367 4432 480 4477 sumus
512 4411 647 4492 imperio
676 4421 708 4476 et
738 4412 955 4477 dominatione
983 4431 1080 4493 quam
1132 4449 1253 4494 monem
1274 4447 1384 4494 meum,
1428 4428 1458 4492 3,
1483 4427 1546 4508 Qut
1566 4431 1680 4493 magar
1701 4426 1811 4504 bovem,
1838 4447 1876 4494 ας
1896 4429 1926 4493 32·
1947 4427 2099 4493 hominem

117 4495 210 4559 Dens
233 4496 356 4561 homini
380 4495 514 4561 dederat
533 4497 567 4560 in
595 4496 773 4562 animantia
799 4497 906 4562 omnis
935 4498 1080 4580 generis:
1133 4515 1265 4581 occidat,
1294 4514 1349 4595 qm·
1370 4512 1526 4594 mecm
1547 4512 1704 4595 gemm,
1733 4533 1771 4578 (ω
1790 4513 1821 4577 32·
1842 4532 1948 4579 pamm
1969 4512 2097 4595 gum,

118 4599 200 4662 quse
221 4590 309 4646 certe
337 4583 447 4647 omnia
475 4582 566 4665 prius
593 4581 733 4646 libenter
761 4582 919 4664 parebant
946 4582 1082 4666 imperio
1136 4601 1197 4683 Qui
1219 4600 1306 4682 offert
1333 4598 1455 4676 mim,
1484 4617 1522 4662 ας
1542 4598 1573 4663 35
1594 4598 1716 4680 offerret
1742 4600 1927 4682 gamm
1955 4599 2099 4664 sumum:

117 4664 269 4743 hominis,
292 4676 325 4730 et
353 4669 513 4752 morigero
541 4672 637 4732 erant
665 4666 706 4731 ad
736 4667 807 4732 eius
836 4677 963 4748 nutum,
994 4689 1082 4734 nunc
1132 4687 1188 4769 qm·
1216 4685 1396 4751 recordatur
1424 4684 1545 4761 muris,
1576 4703 1614 4749 ac
1641 4684 1671 4749 ει·
1697 4684 1853 4749 benedicat
1880 4683 1960 4749 ,gogo
1974 4683 2006 4770 ι),
2056 4682 2100 4748 Ep

119 4770 195 4815 vero
218 4771 327 4816 eorum
349 4752 490 4834 plurima
518 4752 694 4836 insurgunt
723 4753 756 4816 in
784 4751 958 4831 hominem,
987 4765 1081 4837 utque
1131 4791 1209 4837 gam
1240 4770 1396 4854 premnt
1426 4771 1496 4835 pias
1527 4789 1622 4834 suas:
1662 4773 1690 4833 et
1722 4768 1961 4835 minutiones
1993 4789 2098 4834 eorum

117 4843 231 4902 mutuo
252 4837 349 4902 etiem
372 4839 459 4902 inter
479 4859 514 4904 se
535 4838 656 4904 bellum
685 4843 813 4921 gerunt.
857 4838 953 4919 Quod
981 4840 1082 4923 igitur
1132 4858 1241 4923 ,mima
1269 4857 1410 4936 ,fpmm
1438 4854 1634 4920 desideravit,
1684 4853 1714 4920 4⁸
1746 4854 1815 4939 1390
1841 4873 1960 4936 quoque
1987 4854 2099 4938 dayam

117 4921 196 5004 lupi,
220 4924 302 5002 ursi,
331 4923 450 5001 leones,
483 4932 516 4988 et
542 4924 625 4989 aliae
658 4922 813 4988 eiusmodi
845 4924 933 4989 ferae
965 4924 1082 4989 noxiae
1131 4943 1295 5009 plumes
1315 4959 1436 5006 eorum
1464 4944 1492 5004 et
1513 4943 1658 5006 amem
1679 4940 1822 5024 ipsorum
1846 4940 1994 5005 inducam
2014 4940 2099 5006 pugg:

117 5016 197 5073 sunt
225 5008 350 5073 homini
378 5009 513 5092 aliisque
541 5008 663 5089 bestiis,
692 5030 732 5072 ex
761 5008 878 5090 quibus
905 5009 1080 5075 utilitatem
1131 5029 1207 5110 quia
1228 5028 1347 5105 vome,
1371 5031 1399 5091 pt
1419 5045 1507 5091 mmo
1527 5026 1699 5108 mmm
1725 5025 1867 5106 loquutus
1888 5044 1968 5104 sum,
1989 5031 2017 5091 gp
2037 5045 2098 5092 ηοη

117 5094 256 5175 aliquam
277 5094 482 5178 percipimus,
512 5095 578 5160 imo
600 5095 764 5171 animalia,
793 5112 876 5175 quae
905 5095 1079 5160 utilitatem
1131 5114 1306 5190 mmm,
1329 5115 1357 5177 eq
1376 5112 1512 5192 fecerum
1532 5111 1651 5177 malum
1672 5112 1707 5176 t„
1729 5111 1828 5176 omlis
1848 5112 1935 5191 meis,
1957 5116 1985 5178 er
2006 5131 2043 5177 ga
2063 5111 2098 5176 ,ἴῃ

117 5179 233 5245 afferre
255 5180 378 5245 homini
400 5179 586 5258 debuerant,
616 5181 645 5245 ei
668 5181 788 5245 infesta
809 5186 897 5262 sunt,
927 5180 989 5247 hou
1011 5182 1081 5246 eius
1131 5231 1332 5243 .-.-.-
1462 5215 1464 5218 ·

116 5277 247 5348 peccato
267 5265 497 5349 assignandam
521 5273 579 5342 est,
609 5267 758 5349 quoniam
781 5264 1001 5331 inobedientia
1023 5285 1081 5331 sua
1218 5282 1239 5351 Ι)
1257 5281 1340 5337 Hebr.
1358 5281 1502 5351 iniquitati.

222 5366 330 5422 Caluini
346 5383 438 5436 opero.
469 5367 525 5423 Vol.
543 5365 703 5424 xxxm
1861 5365 1895 5420 28

648 5646 655 5679 l
