4784 5970
281 356 345 422 583
1096 357 1482 425 Pasuuuoolonus
1836 302 1840 313 Ι
2230 353 2299 419 584

283 545 439 610 ratissimi
462 545 594 628 quique,
622 544 698 609 dum
724 556 884 627 urgentur
906 546 971 611 Dei
992 564 1104 629 manu,
1127 545 1260 610 relicere
1284 545 1288 598 Ι
1313 543 1370 610 sed
1404 545 1503 610 nimis
1535 543 1649 626 cupide
1689 544 1865 624 arripuisse
1906 542 1986 607 istas
2024 542 2295 625 pollicitationes,

282 631 317 695 in
340 630 433 694 illum
457 630 596 712 culpam,
619 640 651 692 ει
673 631 884 709 querimoniis
907 631 976 696 snis
997 631 1204 709 contendere,
1227 644 1261 693 et
1312 649 1412 711 quum
1435 628 1739 713 pseudoprophetae
1761 628 1826 692 illis
1847 627 2025 710 gratificari
2048 627 2180 693 vellent.
2216 625 2293 690 ori·

283 717 384 780 rixari
414 735 488 779 oum
520 735 568 777 eo.
613 715 816 779 Existimant
849 715 950 799 igitur
982 715 1174 797 prophetam
1207 712 1261 778 hic
1313 713 1384 778 buit
1406 715 1507 799 igitur
1529 714 1600 778 Deo
1622 712 1789 788 Ieremias,
1813 712 1870 777 sed
1892 712 2023 788 ironice,
2051 713 2135 795 qood
2157 720 2292 778 eertum

283 820 349 864 non
372 821 412 863 ex
439 820 497 864 sua
528 819 681 881 persona,
716 799 771 864 scd
806 801 906 866 totius
939 800 1051 883 populi
1083 802 1130 865 ita
1159 799 1258 881 loqui,
1312 812 1382 862 erat
1403 820 1469 864 non
1491 807 1674 882 competere
1697 799 1759 861 nisi
1782 799 1817 862 in
1839 797 1913 862 illos
1931 798 2132 879 impostores.
2165 797 2293 863 Postea

283 886 434 962 Domine,
457 883 535 966 quid
559 884 619 949 hoc
641 886 702 949 sibi
726 884 820 949 vult?
844 894 880 949 tu
903 894 990 951 certe
1013 906 1071 950 nos
1094 884 1258 969 decepisti.
1312 884 1470 967 adiungit,
1501 883 1544 948 Et
1559 885 1690 967 pertigit
1708 882 1836 965 plodite
1857 901 1955 963 nsque
1975 882 2018 947 od
2038 883 2197 947 numm:
2226 880 2293 947 hoc

282 969 349 1034 Alii
373 971 471 1051 paulo
494 969 677 1034 restrictius
700 980 881 1050 exponunt,
912 971 998 1053 quod
1022 971 1183 1053 propheta
1206 970 1259 1035 hio
1312 970 1459 1046 ostiam
1483 982 1592 1033 tamen
1615 967 1810 1051 configimur
1832 966 2009 1033 lethalibus
2031 966 2145 1050 plagis.
2193 965 2292 1032 Obli-

282 1056 414 1136 oblique
436 1055 621 1135 expostulet
638 1075 711 1119 cum
730 1053 812 1133 Dec,
836 1056 912 1136 quia
930 1075 1045 1138 passus
1063 1057 1106 1121 sit
1124 1057 1259 1137 pseudo·
1311 1075 1374 1137 que
1407 1066 1514 1119 autem
1549 1054 1687 1135 opponit
1718 1052 1771 1116 hic
1806 1051 1966 1134 prophete
2005 1072 2179 1135 perversas
2214 1052 2293 1117 illas

282 1139 460 1222 prophetae
492 1139 633 1203 blandiri
669 1141 804 1221 populo,
837 1143 882 1204 ita
916 1151 953 1205 ut
986 1141 1079 1222 quasi
1113 1143 1260 1222 sopirent
1312 1139 1534 1217 adulationes,
1566 1141 1601 1202 in
1633 1137 1751 1220 quibus
1783 1137 1846 1202 sibi
1878 1136 2050 1220 placebant
2081 1136 2218 1214 Iudaei,
2256 1151 2293 1203 et

282 1225 428 1289 omnium
452 1234 597 1288 mentes:
621 1224 676 1288 sed
700 1224 780 1288 mihi
804 1225 907 1309 magis
929 1225 1086 1309 probatur
1108 1225 1259 1291 diversus
1311 1225 1456 1289 ostendit
1478 1223 1611 1288 tandem
1635 1223 1764 1305 reipsa
1792 1242 1963 1297 sensuros.
1997 1241 2093 1305 qnam
2121 1221 2293 1288 fallaciter

283 1330 407 1375 sensus.
454 1309 618 1373 Existimo
642 1330 720 1392 ergo
743 1310 937 1391 prophetam
960 1312 1082 1376 ironice
1108 1310 1162 1377 hic
1186 1332 1258 1394 per·
1313 1310 1558 1392 praetexuerint
1579 1309 1643 1373 Dei
1666 1327 1797 1373 nomen.
1842 1305 2009 1391 Sequitur,

281 1395 445 1477 stringere
463 1394 537 1457 illas
555 1415 727 1476 perversas
746 1395 960 1472 adulationes,
983 1397 1100 1477 quibus
1119 1398 1258 1480 prophe·

282 1490 335 1543 tae
357 1479 569 1560 perdiderant
591 1481 727 1544 miseros
751 1479 900 1558 Iudaeos,
922 1502 1022 1564 quum
1040 1482 1105 1546 illis
1124 1484 1258 1564 promit·
1398 1481 1447 1543 11.
1473 1479 1515 1544 In
1536 1483 1669 1558 tenpore
1689 1477 1744 1542 itio
1764 1477 1882 1541 dicotur
1896 1476 2016 1560 populo
2037 1477 2111 1543 duic
2131 1477 2213 1561 (hoc
2231 1494 2292 1558 est,

282 1574 390 1629 terent
423 1565 553 1629 veniam
588 1563 716 1641 aDeo,
758 1574 791 1629 et
822 1585 952 1647 semper
984 1567 1070 1631 laeta
1103 1568 1259 1633 vaticinia
1312 1563 1352 1628 de
1376 1564 1493 1647 populo
1516 1563 1586 1636 hoo,
1618 1549 1748 1630 benim
1779 1561 1830 1627 hio
1857 1563 2014 1643 accipitur
2035 1583 2093 1645 pro
2118 1563 2167 1650 2),
2199 1571 2229 1629 et
2251 1565 2293 1629 de

280 1651 475 1734 proferrent.
532 1649 605 1713 Non
641 1649 774 1713 dubium
809 1662 859 1715 est
901 1651 979 1732 quin
1012 1649 1106 1716 Deus
1138 1654 1257 1718 iustam
1311 1650 1488 1715 Ierusalem
1517 1653 1625 1712 ventre
1653 1649 1754 1712 sicem
1781 1646 1849 1732 (alii
1878 1648 2080 1713 transferunt
2109 1649 2292 1715 vehemen-

282 1733 466 1798 meroedem
489 1736 677 1815 rependerit
699 1734 847 1809 Iudaeis,
882 1756 979 1816 quum
1001 1737 1049 1801 ita
1071 1757 1187 1819 passus
1209 1749 1259 1802 est
1311 1733 1391 1819 tem)
1423 1736 1459 1799 in
1486 1734 1617 1799 camisio
1645 1733 1757 1796 deserti
1789 1730 1836 1815 (in
1871 1733 2015 1808 deserto,
2049 1732 2090 1797 ad
2122 1735 2292 1820 verbnm),
2357 1778 2360 1787 ·

282 1839 338 1883 eos
361 1819 464 1901 decipi
488 1839 547 1899 per
570 1821 772 1900 impostores.
818 1821 948 1886 Scimus
978 1824 1065 1886 enim
1096 1823 1257 1887 mnndum
1310 1840 1419 1886 uersus
1439 1819 1528 1884 oium
1547 1817 1635 1898 tiliae
1659 1816 1771 1898 popuii
1797 1818 1875 1896 mei,
1903 1838 1964 1882 non
1991 1819 2035 1883 od
2064 1821 2292 1902 eporpendnm,

282 1925 412 1986 semper
435 1902 598 1968 laborasse
620 1904 681 1969 hoc
704 1903 826 1982 morbo,
855 1915 894 1969 nt
915 1908 1109 1988 appetiverit
1131 1908 1257 1973 blandi·
1309 1926 1406 1986 neque
1428 1906 1471 1970 od
1488 1903 1701 1986 pnrpondnm.

283 1989 362 2062 tias,
414 1987 686 2069 quemadmodum
733 1989 910 2071 exprobrat
956 1991 1022 2056 illis
1065 1991 1157 2058 Deus
1200 2015 1258 2076 per
1398 1991 1447 2055 12.
1479 1989 1592 2053 Ventus
1608 1988 1732 2069 plenior
1753 1988 1821 2052 otis
1841 1988 1941 2052 veniet
1959 1986 2057 2052 midi:
2086 1994 2169 2054 n'uno
2192 1990 2293 2054 etiam

283 2073 447 2139 Micheam
481 2073 523 2157 (2,
550 2073 620 2157 11),
653 2073 819 2152 Quaeritis
852 2076 1042 2157 prophetas,
1076 2078 1132 2159 qui
1165 2078 1258 2143 vobis
1310 2095 1363 2158 epo
1386 2076 1495 2156 loquor
1517 2073 1638 2138 iudicio
1660 2093 1729 2137 cnm
1750 2072 1818 2137 dtis
1840 2071 1914 2157 (hoc
1936 2084 1995 2152 est,
2019 2073 2179 2154 proferam
2206 2076 2293 2139 iudi·

283 2159 476 2242 promittant
498 2159 640 2240 amplam
664 2180 813 2238 messem,
836 2160 962 2244 amplas
984 2162 1177 2238 vindemias,
1206 2162 1257 2226 in·
1311 2163 1360 2226 oia
1382 2181 1455 2225 oum
1478 2157 1569 2242 illis).

283 2245 362 2325 quit.
408 2243 518 2323 Quum
542 2264 619 2326 ergo
643 2243 757 2307 ludaei
780 2245 904 2309 vellent
926 2249 1014 2327 parci
1037 2247 1105 2312 suis
1127 2248 1257 2313 sceleri·

282 2327 353 2403 bus,
384 2338 416 2391 et
438 2350 503 2392 non
527 2336 654 2392 tantum
677 2329 749 2393 odio
773 2329 931 2394 haberent
954 2352 1048 2396 veros
1070 2343 1104 2396 ει
1126 2353 1257 2398 severos
1396 2329 1577 2394 Continuat
1599 2349 1693 2393 suum
1718 2328 1911 2392 vaticinium
1933 2327 2091 2392 Ieremias
2114 2348 2217 2408 quum
2242 2329 2293 2393 di·

283 2434 444 2491 censores,
466 2413 523 2477 scd
546 2414 642 2476 etiam
666 2414 754 2494 ipsos
777 2414 1027 2495 detestarentur,
1049 2416 1133 2498 ideo,
1162 2419 1257 2484 sicuti
1310 2416 1355 2480 cit
1377 2418 1499 2478 ventum
1519 2413 1679 2478 turbidum
1693 2414 1822 2495 instare,
1845 2413 1901 2495 qni
1915 2433 1978 2477 uon
1992 2414 2150 2495 dispergat
2165 2418 2293 2479 tontum

283 2499 453 2580 promeriti
484 2507 592 2574 erant,
629 2499 731 2563 voluit
760 2498 853 2565 Deus
882 2501 1005 2566 multos
1033 2522 1166 2568 errones
1194 2504 1257 2569 sibi
1309 2501 1356 2567 vet
1372 2504 1495 2583 perpet,
1525 2499 1581 2563 sed
1605 2498 1749 2582 dissipet,
1780 2506 1877 2579 atque
1899 2506 2025 2562 evertat
2050 2497 2171 2562 omnia.
2217 2499 2292 2564 Ex·

283 2604 450 2648 assumere
472 2584 698 2666 propheticum
722 2605 858 2649 nomen:
893 2586 940 2650 ita
968 2588 1089 2651 laetum
1119 2599 1186 2671 est,
1219 2602 1257 2652 ut
1310 2588 1423 2669 primit
1445 2605 1522 2666 ergo
1545 2594 1669 2665 quanta
1691 2592 1725 2647 et
1747 2603 1845 2664 quam
1870 2584 1979 2665 gravis
2009 2584 2118 2648 futura
2146 2583 2192 2647 sit
2219 2583 2292 2649 ola·

282 2666 395 2732 Iudaei
419 2676 574 2750 putarent
596 2668 658 2733 sibi
681 2670 748 2734 lore
771 2679 961 2753 perpetuam
984 2692 1105 2754 paoem,
1129 2683 1163 2738 et
1185 2674 1257 2756 hoo,
1310 2670 1384 2753 des,
1418 2672 1512 2735 cuius
1545 2679 1621 2733 ante
1655 2668 1812 2733 meminit.
1868 2667 2045 2750 Comparat
2076 2687 2149 2732 eam
2185 2678 2292 2734 vento

282 2753 557 2835 quemadmodum
589 2755 674 2836 dixi,
708 2754 843 2821 solenne
873 2767 924 2821 est
953 2756 1140 2839 hypocritis.
1184 2758 1255 2823 Iam
1310 2757 1395 2822 siooo
1417 2755 1469 2820 vel
1494 2754 1594 2819 arido.
1638 2753 1724 2817 Nem
1747 2765 1790 2819 nt
1812 2753 1969 2836 accipitur
1992 2772 2050 2837 pro
2080 2753 2204 2835 liquido
2236 2756 2291 2818 in·

282 2839 444 2921 propheta
466 2838 670 2903 amarulente
691 2859 841 2904 sermono
864 2841 918 2906 hio
943 2843 1135 2926 perstringit
1163 2842 1257 2908 lalla-
1310 2841 1455 2920 terdum,
1491 2848 1525 2904 ct
1555 2839 1719 2903 interdum
1753 2837 1851 2902 etiam
1886 2857 1946 2936 pro
1980 2836 2087 2914 arido,
2126 2838 2290 2919 quoniam

283 2924 351 2988 cias
374 2922 456 3000 illas,
479 2923 536 2987 Hc
556 2923 607 3003 bc,
638 2922 783 3001 lebovod,
812 2925 931 3007 inquit,
958 2933 1037 2992 certe
1057 2932 1092 2992 tu
1112 2928 1258 3010 decepisti
1311 2928 1414 2991 maier
1428 2934 1485 3024 ‘est
1506 2924 1634 2989 siccitas
1656 2924 1689 2987 in
1713 2922 1791 3024 locis
1812 2921 2015 3022 sublimibus.
2060 2922 2129 3021 Nec
2147 2922 2289 3022 dubium

277 3007 1257 3177 tttttgltt..l.t¹3⁰.2t¹t.tt¹..tttt}¹⁰tt.l¹tt;
1310 3007 2290 3175 titt.l3035ttt0ttt¹lttttftttlttttttt

284 3183 414 3239 tantum
438 3176 588 3241 licentiae
612 3177 779 3259 permittat
802 3177 1109 3262 pseudoprophetis:
1131 3183 1188 3246 sed
1211 3184 1258 3247 in·
1310 3189 1388 3246 snnt
1409 3177 1557 3255 nebulae,
1579 3177 1634 3242 ubi
1656 3176 1767 3242 nullae
1787 3176 1919 3242 arbores
1940 3176 2123 3260 impediunt
2137 3199 2288 3244 numum.

282 3260 384 3325 saltat
413 3270 480 3324 tam
511 3263 591 3342 ipsis
620 3260 867 3343 impostoribus,
901 3284 1000 3346 quam
1035 3267 1095 3330 toti
1127 3268 1256 3349 populo.
1310 3266 1356 3329 tte
1390 3263 1464 3328 ideo
1502 3263 1645 3343 loquitur
1686 3262 1726 3325 de
1765 3261 1905 3327 excelsis
1944 3262 2023 3329 locis
2062 3270 2096 3327 et
2134 3262 2287 3330 desertis.

283 3346 389 3410 Porro
411 3348 565 3428 qnoniam
590 3346 709 3410 surdae
739 3357 834 3411 erant
857 3350 1006 3435 „omnium
1038 3371 1149 3428 aures,
1182 3373 1255 3417 oon·
1309 3349 1452 3414 Perinde
1475 3356 1525 3412 est
1546 3348 1648 3430 igitur
1676 3368 1712 3412 ao
1731 3348 1759 3410 si
1790 3345 1924 3424 diceret,
1956 3356 2024 3412 tam
2050 3367 2185 3431 gravem
2216 3349 2289 3413 lore

283 3433 382 3495 vertit
416 3431 457 3494 ad
490 3430 600 3495 Deum
634 3452 832 3497 sermonem:
874 3435 967 3515 quasi
1001 3433 1137 3515 diceret,
1170 3436 1257 3502 Ecce
1308 3436 1466 3516 impetum
1501 3431 1664 3496 vindictae
1698 3432 1777 3508 Dei,
1818 3442 1851 3495 et
1883 3441 1977 3496 tanta
2014 3431 2171 3497 violentia
2209 3453 2286 3498 eam

281 3516 434 3599 Domine,
457 3515 546 3600 digni
569 3526 664 3581 erant
685 3518 747 3583 hoo
769 3521 922 3599 praemio,
952 3521 1007 3601 qui
1029 3522 1256 3604 appetiverunt
1308 3527 1515 3601 erupturam,
1548 3538 1586 3582 ao
1607 3516 1635 3582 si
1658 3529 1777 3581 ventus
1799 3516 1956 3581 transiret
1977 3537 2036 3599 per
2056 3516 2127 3583 loca
2153 3518 2288 3584 excelsa

284 3600 475 3680 blandities,
510 3623 614 3684 neque
636 3604 742 3668 locum
766 3603 926 3669 dederunt
955 3607 1078 3671 sanctis
1107 3606 1256 3672 admoni-
1308 3614 1340 3669 et
1362 3623 1422 3687 per
1444 3612 1564 3667 terram
1588 3599 1723 3678 aridam,
1746 3600 1799 3665 vel
1823 3599 1987 3666 desertum
2007 3601 2145 3684 aliquod.
2180 3600 2285 3679 Dicit,

284 3688 426 3752 tionibus
449 3708 616 3751 servorum
641 3698 784 3752 tuorum:
819 3710 918 3772 qunm
947 3710 1024 3775 ergo
1051 3692 1158 3756 omnis
1188 3692 1255 3758 illis
1280 3670 1283 3789 Ι
1308 3691 1363 3756 Ao
1383 3691 1469 3754 uiam
1488 3687 1575 3769 ritino
1590 3685 1704 3769 populi
1724 3686 1801 3750 mei.-
1832 3689 1925 3767 quasi
1948 3686 2070 3752 diceret
2092 3687 2190 3752 talem
2213 3690 2286 3753 fore

283 3775 440 3836 correctio
463 3772 677 3835 intolerabilis
700 3775 778 3851 luit,
811 3776 876 3839 iam
898 3775 1056 3858 incipiant
1079 3777 1201 3843 discere
1220 3799 1255 3843 se
1308 3775 1397 3839 venti
1431 3794 1580 3854 cursum,
1621 3784 1658 3835 ut
1690 3783 1779 3834 recta
1810 3771 1945 3852 impetat
1977 3770 2142 3837 Iudaeam.
2196 3772 2284 3838 Nam

283 3855 384 3920 fnisse
407 3856 447 3920 ab
470 3857 543 3920 aliis
566 3877 664 3936 quam
692 3877 711 3919 a
734 3871 765 3921 te
787 3859 946 3941 deceptos.
990 3860 1149 3926 Videmus
1178 3884 1255 3946 ergo
1279 3886 1282 3921 t
1306 3859 1387 3924 haec
1409 3859 1554 3939 loquutio
1577 3856 1656 3920 satis
1677 3864 1756 3919 nota
1778 3865 1827 3920 est
1849 3855 2009 3932 omnibns,
2032 3857 2087 3939 qui
2110 3856 2285 3923 mediocri·

282 3941 476 4021 prophetam
498 3942 551 4006 hic
575 3941 681 4003 ridere
704 3950 870 4022 stuporem
899 3943 1006 4023 illum,
1039 3945 1075 4008 in
1104 3966 1170 4027 quo
1198 3948 1253 4012 diu
1279 3942 1283 4081 ῐ
1307 3955 1357 4009 ter
1380 3942 1502 4008 versati
1524 3951 1602 4004 sunt
1624 3939 1658 4001 in
1677 3940 1852 4022 prophetis,
1876 3940 1975 4004 filiam
1995 3941 2104 4023 populi
2124 3942 2202 4022 poni
2222 3963 2284 4026 pro

281 4025 515 4105 obtorpuerant
537 4024 669 4089 Iudaei:
692 4037 724 4088 ct
747 4027 792 4089 ita
807 4028 945 4106 simplex
961 4049 1078 4094 sensus
1093 4040 1152 4108 εει,
1175 4032 1253 4109 dici,
1306 4031 1377 4112 ipso
1400 4025 1527 4108 popul&
1576 4022 1692 4088 Tondet
1713 4025 1815 4107 igliur
1835 4024 1889 4089 iile
1908 4030 2025 4101 uentus,
2048 4035 2105 4089 aut
2121 4027 2285 4109 tpooissbit

282 4109 344 4171 hoc
367 4120 425 4183 est,
450 4112 594 4174 converti
619 4131 670 4173 me
694 4110 733 4173 ad
757 4110 876 4174 Deum.
909 4111 993 4177 Dici
1008 4136 1095 4198 ergo,
1118 4114 1255 4181 Domine
1305 4133 1415 4179 uerene
1437 4109 1601 4175 Iudaeam.
1634 4108 1754 4173 Postea
1776 4109 1876 4189 addit,
1901 4109 1973 4175 Non
1994 4110 2037 4175 od
2058 4112 2283 4194 eporpendnm,

283 4191 435 4268 remeat,
470 4200 546 4258 certe
578 4203 612 4257 tu
645 4195 790 4275 decepisti
816 4197 971 4277 populum
1003 4197 1090 4264 dunc.
1147 4199 1253 4276 Oerte,
1304 4197 1467 4280 nequead
1481 4192 1698 4274 perpendam.
1744 4192 1859 4259 Solent
1880 4197 1966 4259 enim
1989 4195 2150 4278 agricolae
2173 4198 2283 4262 venti·

282 4279 403 4341 ironice
426 4279 568 4358 ponitur,
592 4280 652 4344 hoc
676 4288 734 4356 est,
759 4280 1254 4366 Nuncapparetreipsafuisse
1305 4284 1373 4347 lare
1398 4281 1559 4353 triticum,
1593 4299 1694 4359 quum
1717 4282 1858 4344 sumitur
1880 4301 1921 4343 ex
1949 4299 2042 4360 area,
2075 4289 2112 4344 ut
2142 4280 2284 4346 volitent

282 4363 447 4443 deceptos:
483 4362 540 4425 sed
570 4384 590 4426 a
619 4364 706 4446 quo?
747 4364 870 4428 vellent
903 4366 1034 4446 quidem
1067 4370 1253 4451 obstrepere
1306 4365 1499 4450 quisquiliae
1526 4375 1684 4446 purgatae
1713 4375 1821 4429 rento.
1867 4363 2031 4446 Propheta
2060 4371 2171 4429 autem
2201 4365 2284 4432 dicit

282 4446 357 4525 tibi,
390 4447 447 4511 sed
481 4451 622 4512 convicti
653 4457 808 4513 tenentur
837 4449 957 4513 stultae
986 4452 1189 4519 credulitatis
1219 4464 1254 4518 ut
1306 4452 1393 4515 hunc
1416 4459 1553 4513 ventum
1577 4468 1642 4512 non
1672 4447 1741 4512 lore
1771 4448 1812 4513 ad
1843 4448 2067 4531 purgandum,
2101 4469 2208 4532 neque
2240 4453 2282 4516 ad

282 4530 373 4615 digni
397 4532 530 4596 omnino
554 4547 646 4596 crant
668 4554 747 4614 quos
770 4534 925 4599 fallerent
943 4536 1251 4620 pseudoprophetae.
1305 4533 1533 4619 spargendum.
1588 4530 1663 4596 Erit
1695 4534 1793 4610 enim,
1826 4534 1949 4615 inquit,
1991 4534 2080 4618 lonpe
2110 4534 2281 4602 turbidior.

281 4616 430 4693 Dicendo,
454 4619 568 4700 inquit,
592 4618 665 4682 Pan
687 4622 746 4682 erit
767 4620 860 4684 nobie.
897 4620 1072 4701 Nunquam
1097 4622 1159 4688 hoc
1181 4644 1252 4704 pro·
1304 4621 1456 4702 Denique
1479 4616 1644 4700 signifieat
1665 4615 1774 4682 Deum
1797 4619 1844 4682 ita
1866 4619 2020 4683 infestum
2042 4619 2114 4683 fore
2135 4618 2282 4703 Iudaeis,

280 4704 400 4767 lectum
424 4715 494 4768 erat
516 4726 556 4767 ex
579 4723 635 4766 ore
657 4702 736 4766 Dei:
760 4726 836 4768 nam
858 4705 1016 4769 Ieremias
1037 4707 1180 4786 quotidie
1202 4719 1251 4773 tc·
1305 4719 1428 4770 utnon
1451 4702 1591 4783 amplius
1614 4700 1821 4767 mediocriter
1842 4705 1928 4783 ipsos
1957 4703 2112 4786 castiget,
2144 4704 2195 4769 rel
2221 4706 2282 4770 ad·

280 4789 390 4861 nabat.
414 4801 447 4851 et
470 4790 681 4852 minitabatur
703 4790 826 4854 instare
851 4791 1041 4872 perniciem:
1066 4806 1136 4855 erat
1158 4795 1251 4874 quasi
1303 4792 1412 4855 hibeat
1435 4788 1578 4869 aliquam
1601 4786 1876 4866 moderationem,
1909 4789 2006 4853 sicuti
2037 4799 2113 4852 ante
2146 4790 2281 4867 fecerat,

280 4894 396 4956 praeco
419 4874 582 4949 coelestis,
617 4874 671 4955 qui
699 4884 824 4939 terrore
855 4877 965 4939 omnia
995 4876 1161 4956 impleret,
1194 4880 1250 4942 sed
1303 4876 1395 4939 Deus
1413 4874 1501 4938 enim
1520 4873 1585 4935 iam
1605 4872 1733 4952 saepius
1752 4892 1885 4952 poenam
1906 4883 2059 4955 exegerat
2077 4870 2279 4941 deludaeis:

280 4978 346 5021 non
380 4956 592 5022 audiebatur:
632 4960 758 5022 interea
796 4960 945 5041 plausum
986 4960 1105 5025 dabant
1138 4962 1250 5026 Iudaei
1274 4998 1278 5049 ¹
1302 4962 1357 5025 sed
1371 4959 1477 5023 adhuc
1489 4957 1605 5038 agebat
1622 4956 1714 5036 quasi
1733 4955 1850 5020 medici
1869 4968 1994 5038 partes:
2017 4956 2170 5022 studebat
2188 4962 2280 5025 enim

280 5043 589 5125 pseudoprophetis,
624 5043 679 5125 qui
703 5044 888 5109 mulcebant
914 5066 968 5109 eos
993 5046 1090 5109 variis
1113 5049 1249 5128 promis·
1302 5065 1418 5111 sanare
1440 5041 1552 5124 populi
1576 5041 1665 5105 vitia.
1700 5038 1810 5118 Quum
1834 5063 1911 5123 ergo
1929 5043 2074 5122 proiectu
2093 5044 2282 5109 caruissent

280 5128 435 5190 sionibus.
493 5128 651 5193 Videmus
683 5149 760 5210 ergo
794 5149 964 5209 nunquam
997 5131 1043 5192 ita
1080 5129 1248 5212 loquutum
1302 5131 1377 5194 illae
1399 5128 1621 5200 correctiones,
1646 5126 1710 5187 iam
1736 5126 1893 5206 propheta
1914 5127 1990 5192 dicit
2015 5137 2187 5191 venturam
2215 5131 2281 5194 Dei

279 5211 378 5275 fuisse
401 5211 525 5288 Deum,
559 5213 699 5278 Iudaeos
721 5225 830 5278 autem
854 5234 918 5278 non
942 5224 1070 5278 tantum
1101 5215 1248 5296 libenter,
1302 5216 1394 5291 iram,
1418 5231 1498 5294 quae
1522 5232 1586 5275 non
1610 5218 1735 5292 purget,
1759 5212 1842 5275 siout
1864 5221 1970 5293 antea,
2002 5233 2105 5294 neque
2127 5213 2282 5298 quisqui-
