4784 5970
190 368 231 433 79
1070 364 1121 429 IN
1142 364 1307 431 ISAIAM
2149 359 2192 424 80

189 559 225 621 iu
246 556 420 621 solitudine.
461 555 513 618 20.
537 553 710 618 Honorabit
729 574 777 618 me
798 554 896 618 bestia
913 554 997 634 apri,
1017 554 1164 618 dracones
1213 573 1336 617 camur.
1381 551 1457 633 Quo
1478 573 1577 619 sensu
1599 552 1723 618 Paulus
1745 551 1893 636 (epha,
1914 549 1968 636 10)
1992 551 2190 634 figmentum

190 648 219 708 et
234 642 320 724 pulli
341 641 544 705 struthionis:
576 641 653 722 quia
678 640 818 705 dederim
848 639 883 702 iu
911 640 1028 703 deserto
1053 659 1163 720 aquas,
1216 639 1279 702 Dei
1302 660 1360 703 nos
1382 637 1534 721 appellat,
1558 645 1595 702 ut
1616 640 1681 702 iam
1701 638 1792 721 prius
1810 637 1891 702 satis
1908 635 2113 702 declaratum
2130 648 2190 700 cst.

187 729 321 808 flumina
348 727 383 790 iu
411 726 576 792 solitudine
603 726 645 790 od
672 725 845 807 potandum
867 725 1020 806 populum
1052 745 1163 805 meum,
1215 724 1339 789 Eodem
1362 725 1459 789 etiam
1483 726 1579 789 modo
1600 726 1747 789 fictorem
1770 744 1805 788 se
1824 733 1933 788 vocat:
1955 742 1993 787 ac
2011 721 2039 785 si
2059 718 2191 794 diceret,

190 815 317 880 electum
333 833 444 876 meum.
474 812 526 875 21.
543 810 697 892 Populum
714 810 794 875 bunc
810 811 914 874 creari
930 809 1024 874 milti:
1041 810 1164 875 laudem
1187 814 1190 843 ³
1216 831 1283 873 non
1305 809 1377 874 ideo
1394 832 1429 874 se
1447 811 1615 875 ecclesiam
1633 831 1726 876 suam
1744 812 1911 891 formasse,
1933 808 1967 872 in
1985 827 2049 890 qua
2067 805 2191 871 eniteat

189 920 292 964 meam
309 897 463 962 narrabit.
499 898 550 961 22.
571 896 614 960 Ει
631 917 693 961 riou
709 917 758 960 me
775 897 933 974 invocasti,
957 894 1067 959 Iacob:
1089 898 1165 977 quin
1187 848 1191 965 l
1215 895 1338 978 gloriae
1360 916 1437 961 suae
1460 896 1566 979 decor,
1593 901 1633 960 ut
1654 895 1759 960 deleat
1780 902 1847 958 tam
1869 893 2075 976 praeclarum
2098 912 2190 974 opus.

187 987 342 1069 fatigatus
364 1004 398 1047 es
418 985 453 1047 in
474 1004 532 1061 me,
562 983 675 1047 Israel.
720 983 772 1046 23.
796 981 870 1045 Non
900 982 1064 1046 adduxisti
1084 981 1164 1046 milti
1216 980 1312 1047 Unde
1345 982 1584 1047 observandum
1618 989 1668 1047 est
1699 979 1867 1046 ecclesiam
1902 979 1983 1043 nihil
2015 999 2035 1041 a
2063 999 2101 1043 sc
2121 981 2192 1060 ipsa

185 1091 284 1153 pecus
315 1068 560 1134 holocaustorum
589 1074 727 1146 tuorum,
761 1068 980 1146 etsacrificiis
1008 1068 1073 1131 tuis
1101 1087 1165 1131 non
1216 1069 1382 1150 proprium
1406 1068 1534 1145 habere,
1562 1067 1619 1132 scd
1642 1068 1726 1132 dono
1748 1066 1821 1145 Dei,
1850 1067 1903 1131 cui
1931 1065 2043 1129 omnia
2076 1064 2192 1145 quibus

190 1156 352 1220 tancradi
372 1176 435 1219 me:
461 1175 522 1218 nore
543 1156 603 1236 feci
625 1160 652 1218 tc
673 1154 789 1218 seruire
811 1154 845 1215 in
865 1152 1022 1230 oblatione,
1045 1174 1099 1218 uec
1119 1153 1164 1217 to·
1216 1152 1345 1218 excellit
1367 1166 1500 1236 accepta
1523 1153 1656 1218 ferenda
1684 1163 1770 1218 sunt.
1816 1150 1908 1232 Quae
1937 1150 2070 1216 additur
2098 1150 2192 1229 ratio,

191 1242 300 1306 borare
320 1242 354 1303 in
375 1242 493 1320 suffitu.
539 1241 591 1304 24.
615 1240 689 1303 Nou
710 1238 811 1302 emisti
828 1238 907 1302 milri
923 1240 1061 1320 pecunia
1082 1239 1163 1304 cala-
1215 1241 1365 1320 quoniam
1386 1239 1560 1322 redemite,
1590 1250 1656 1303 tam
1680 1239 1719 1302 ad
1742 1239 1888 1302 futurum
1912 1233 2074 1319 quemad
2097 1255 2192 1316 prae·

190 1347 285 1409 mum,
308 1347 359 1390 nec
376 1328 469 1406 adipe
488 1327 685 1391 uictimarum
702 1330 828 1388 tuarum
846 1324 1009 1389 inebriasti
1029 1345 1091 1388 me:
1112 1325 1165 1389 sed
1217 1326 1349 1389 teritum
1374 1336 1502 1407 tempus
1521 1323 1687 1390 commode
1706 1336 1853 1405 spectare
1872 1335 1985 1406 potest.
2019 1321 2191 1386 Liberatio

190 1434 238 1477 me
265 1413 382 1476 seruire
413 1412 515 1492 fecisti
547 1413 582 1474 in
610 1412 744 1492 pmcatis
776 1411 854 1474 tuis:
885 1415 913 1473 et
944 1431 992 1473 me
1024 1409 1165 1474 laborare
1216 1411 1303 1474 enim
1325 1411 1432 1492 prima
1455 1433 1497 1474 ex
1519 1412 1670 1496 Aegypto
1696 1411 1830 1474 alterius
1859 1409 1989 1473 futurae
2018 1427 2112 1489 spem
2136 1405 2192 1471 da·

188 1499 290 1581 fecisti
317 1499 351 1562 iu
376 1498 595 1578 iniquitatibus
622 1498 695 1560 tuis.
743 1494 794 1560 25.
825 1493 903 1578 Epo,
933 1515 988 1577 epo
1016 1516 1086 1560 mim
1110 1498 1164 1577 qui
1217 1496 1281 1561 bat.
1326 1496 1510 1576 Caeterum,
1529 1497 1680 1580 quamvis
1703 1497 1848 1560 futuram
1866 1495 1906 1559 ab
1924 1493 2039 1559 exsilio
2059 1491 2192 1575 babylo-

190 1584 273 1650 deleo
290 1583 471 1665 iniquitates
487 1588 560 1646 tuas
574 1587 701 1663 propter
717 1602 780 1645 me:
802 1581 869 1645 ideo
888 1587 1082 1663 peccatorum
1101 1587 1165 1645 tuo·
1217 1581 1290 1647 nico
1314 1582 1566 1663 redemptionem
1597 1582 1755 1666 designet,
1785 1602 1849 1644 non
1871 1579 1957 1644 male
1979 1592 2093 1643 tamen
2115 1597 2193 1642 con·

190 1689 264 1734 rum
287 1689 346 1732 nort
374 1669 561 1732 recordabor.
606 1668 659 1731 26.
683 1667 791 1732 Reduc
812 1666 893 1730 milti
915 1669 950 1731 iu
971 1668 1164 1745 memoriam,
1217 1669 1309 1731 venit
1331 1675 1460 1750 tempus
1487 1670 1714 1751 praeteritum:
1747 1668 1823 1749 quia
1841 1666 1932 1729 Deus
1959 1664 2047 1747 apud
2076 1684 2112 1728 se
2135 1683 2194 1727 noa

190 1755 363 1820 iudicemur
385 1753 495 1818 simul:
520 1774 621 1817 norro
643 1759 685 1834 tu,
707 1759 742 1817 ut
763 1753 949 1833 iustificeris.
994 1753 1046 1816 27.
1070 1752 1166 1818 Pater
1218 1753 1366 1830 redemit,
1400 1765 1574 1835 antequam
1607 1752 1647 1816 ad
1679 1774 1738 1817 nos
1772 1753 1941 1836 perveniat
1973 1751 2111 1815 effectus
2143 1769 2194 1813 re·

191 1845 265 1904 tuus
282 1841 409 1921 prinrus
424 1841 572 1920 peccauit,
595 1844 623 1902 et
643 1841 778 1905 doctores
795 1840 842 1901 tui
864 1839 898 1902 in
928 1859 975 1903 me
999 1840 1166 1918 praeemi-
1218 1839 1422 1921 demptionis.
1473 1839 1616 1923 Ideoque
1646 1840 1760 1903 testari
1790 1837 1904 1901 volens
1932 1835 2010 1918 quid
2040 1835 2128 1918 apud
2159 1855 2194 1898 sc

191 1927 253 1991 cati
275 1931 355 1990 suut.
400 1925 452 1989 28.
477 1924 553 1989 Ideo
569 1926 712 2004 polluam
736 1925 898 2005 principes
924 1926 1109 1999 sanctuarii,
1140 1929 1167 1987 et
1218 1925 1383 1990 decretum
1406 1925 1456 2001 sit,
1480 1947 1605 2007 nempe,
1627 1925 1796 1990 ecclesiam
1815 1943 1908 1987 suam
1926 1920 2088 1987 redimere
2110 1939 2194 2004 quaa

187 2031 305 2098 ponam
336 2013 371 2076 in
403 2013 638 2076 exsecrationem
668 2009 777 2085 Iacob,
809 2016 837 2074 ct
864 2009 969 2075 Israel
996 2013 1030 2074 in
1057 2030 1166 2093 oppro
1217 2011 1380 2074 interiisse
1418 2010 1607 2089 videbatur,
1648 2012 1860 2094 praeteritum
1900 2019 2029 2090 tempus
2063 2007 2195 2090 proprie

191 2098 305 2162 orium.
598 2112 601 2117 '
1219 2103 1364 2179 usurpat,
1387 2097 1493 2162 uoccci
1514 2101 1543 2160 te
1564 2099 1686 2162 nomine
1708 2102 1769 2160 tuo.
1815 2095 1942 2159 Vocare
1964 2093 2110 2175 nomine,
2141 2091 2195 2156 hic

1219 2194 1268 2245 est
1301 2183 1443 2265 recipere
1476 2183 1510 2246 in
1543 2182 1595 2245 ius
1627 2181 1756 2264 aliquod
1790 2179 2057 2245 necessitudinis:
2092 2177 2195 2243 veluti

490 2283 539 2347 IN
564 2283 714 2349 CAPUT
736 2283 867 2348 XLIII,
1218 2287 1319 2349 quum
1359 2290 1378 2331 a
1407 2268 1478 2332 Deo
1514 2268 1549 2331 in
1581 2268 1666 2333 filios
1703 2267 1906 2349 adoptamur.
1956 2265 2057 2329 Ratio
2083 2263 2195 2328 'huius

1218 2353 1416 2434 loquutionis
1438 2363 1498 2433 est,
1528 2355 1612 2436 quod
1635 2354 1728 2418 Deus
1750 2356 1796 2419 sic
1818 2350 1971 2434 reprobos
1989 2350 2136 2427 -abiioiat,
2159 2359 2197 2413 nt

280 2441 306 2501 1.
329 2437 387 2522 (Et
407 2438 512 2523 nuuc.)
556 2438 631 2501 Non
653 2437 734 2501 satis
756 2446 883 2503 constat
905 2456 947 2499 an
973 2435 1102 2501 divorsa
1124 2437 1167 2500 sit
1219 2459 1331 2502 eorum
1354 2440 1472 2504 oblitus
1496 2439 1653 2502 videatur.
1687 2438 1784 2504 Unde
1802 2439 1901 2503 etiam
1919 2435 2086 2518 scriptura
2107 2436 2196 2513 dicit,

193 2525 314 2604 concio,
344 2544 386 2586 an
415 2521 528 2586 eadem
558 2545 632 2589 cum
662 2524 834 2604 superiore.
881 2522 949 2587 Nec
980 2523 1068 2586 euim
1093 2542 1167 2604 pro·
1217 2523 1258 2588 ab
1281 2526 1350 2607 ipso
1373 2545 1439 2589 non
1462 2527 1602 2608 agnosci.
1637 2528 1748 2607 Atque
1769 2540 1810 2588 cx
1828 2521 2014 2588 huiusmodi
2033 2520 2195 2586 antithesi

192 2611 320 2694 phetae,
343 2629 480 2691 quorum
505 2609 625 2690 scripta
648 2609 741 2673 nobis
763 2609 876 2673 relicta
897 2617 984 2686 sunt,
1007 2607 1165 2672 distinxe·
1217 2610 1333 2674 melius
1365 2610 1577 2693 intelligimus
1610 2612 1687 2693 quid
1720 2612 1765 2675 sit
1796 2611 1902 2675 vocari
1929 2629 1949 2671 a
1972 2609 2059 2672 Deo:
2093 2627 2195 2689 quum

193 2708 272 2761 runt
293 2714 459 2760 sermones
481 2715 556 2759 suos
577 2696 613 2759 in
634 2708 722 2760 certa
743 2695 859 2776 capita,
887 2701 924 2758 ut
950 2694 1034 2759 scire
1063 2695 1165 2775 possi·
1216 2695 1340 2761 scilicet
1361 2717 1429 2773 nos,
1453 2697 1525 2760 aliis
1542 2698 1737 2778 praeteritis,
1760 2695 1913 2777 peculiari
1932 2693 2055 2757 honore
2079 2692 2195 2776 digna·

193 2803 268 2846 mus
290 2780 366 2863 quid
389 2781 429 2845 ab
452 2780 498 2845 eis
529 2801 723 2863 unoquoque
751 2780 802 2845 die
833 2780 951 2844 dictum
983 2782 1034 2843 sit.
1079 2780 1165 2843 Mihi
1216 2795 1278 2859 tur,
1302 2790 1335 2846 et
1358 2803 1399 2846 ex
1422 2782 1538 2846 alienis
1559 2783 1666 2847 facere
1689 2782 1892 2846 domesticos.
1936 2777 2067 2844 Deinde
2089 2780 2138 2843 ita
2160 2778 2195 2841 in

194 2888 273 2931 vero
304 2865 468 2950 probabile
501 2877 549 2930 est
583 2865 668 2930 hanc
701 2866 881 2930 doctrinam
910 2886 985 2931 cnm
1015 2866 1165 2947 proxima
1218 2867 1355 2932 tutelam
1383 2888 1476 2931 suam
1506 2878 1539 2931 et
1566 2888 1677 2931 curam
1705 2868 1830 2950 recipit,
1864 2876 1901 2930 nt
1929 2885 1989 2929 noa
2019 2866 2195 2947 omniaque

193 2952 377 3017 cohaerere.
426 2950 511 3014 Nam
540 2972 641 3032 quum
671 2953 761 3033 prius
790 2953 935 3033 graviter
963 2953 998 3013 in
1026 2951 1166 3014 Iudaeos
1216 2953 1369 3017 instituta
1408 2959 1522 3017 nostra
1561 2952 1690 3034 dirigat.
1753 2953 1879 3018 Eadem
1921 2951 2048 3016 ratione
2094 2949 2196 3027 addit,

195 3039 345 3103 invectus
368 3044 463 3116 esset,
493 3037 598 3116 iisque
620 3038 755 3101 exitium
779 3037 1013 3116 denuntiasset,
1043 3035 1165 3100 acerbi·
1217 3058 1303 3101 meus
1326 3058 1359 3101 es
1380 3044 1423 3112 tu,
1454 3048 1491 3100 ut
1512 3039 1618 3103 sciant
1638 3038 1752 3103 fideles
1774 3039 1937 3103 residuam
1961 3038 2029 3100 tore
2051 3036 2196 3120 aliquam

194 3134 297 3187 tatem
320 3123 410 3188 illam
429 3131 611 3200 temperare
630 3122 743 3185 voluit.
778 3119 915 3202 Semper
933 3121 1018 3184 enim
1038 3121 1166 3201 piorum
1218 3122 1388 3187 ecclesiam
1411 3124 1445 3185 in
1469 3124 1587 3204 populo
1617 3124 1730 3203 electo,
1761 3125 1838 3206 quia
1860 3123 1951 3188 Deus
1980 3122 2196 3204 possessionis

193 3210 356 3273 rationem
376 3207 476 3272 habet
498 3206 670 3271 Dominus.
716 3206 784 3270 Nec
805 3225 883 3270 vero
912 3225 1057 3286 unquam
1088 3205 1168 3270 adeo
1192 3208 1196 3252 Ι
1218 3229 1296 3273 suae
1325 3208 1395 3272 iure
1426 3209 1551 3289 privari
1578 3209 1669 3274 nolit.
1721 3210 1872 3292 Denique
1900 3229 1955 3274 cos
1981 3207 2044 3273 sibi
2075 3208 2196 3292 pretio·

194 3302 365 3378 grassatur
386 3293 545 3375 impietas,
575 3293 654 3373 quin
676 3312 752 3357 suos
775 3292 906 3356 interim
929 3299 1108 3366 conservet,
1131 3310 1169 3355 ac
1220 3315 1291 3358 sam
1321 3292 1555 3359 haereditatem
1584 3293 1749 3374 vendicat,
1778 3318 1841 3379 qua
1863 3316 1898 3360 se
1926 3313 2096 3374 nunquam
2125 3313 2197 3375 spo

194 3401 308 3445 eorum
331 3379 430 3444 saluti
453 3378 637 3461 prospiciat,
661 3398 702 3442 nc
724 3387 917 3460 mergantur
938 3376 1037 3440 simili
1056 3377 1167 3439 exitio.
1220 3379 1293 3442 liari
1316 3379 1412 3444 sinet.

194 3466 313 3549 Itaque
347 3463 492 3548 copulat
519 3463 600 3527 mihi
634 3463 669 3526 in
702 3462 942 3527 adversativam
975 3460 1168 3526 resolvenda
1305 3465 1336 3528 2.
1359 3462 1477 3549 (Quum
1498 3466 1686 3551 transieris.)
1730 3466 1909 3548 Occupatio
1930 3476 1991 3547 cst,
2009 3485 2075 3548 qua
2096 3464 2197 3549 sigui-

193 3552 340 3617 ridetnr:
365 3551 410 3615 Et
432 3561 543 3614 tamen
565 3547 815 3614 consolationem
839 3548 980 3630 aliquam
1003 3546 1167 3613 Dominus
1219 3551 1296 3617 ficat·
1318 3571 1383 3614 non
1406 3571 1477 3615 csse
1498 3571 1557 3616 cur
1578 3553 1725 3617 adversis
1748 3553 1844 3618 rebus
1867 3551 2084 3618 succumbant
2105 3571 2198 3632 prae

193 3638 358 3719 relinquet
379 3636 440 3718 piis
463 3634 520 3717 qui
537 3635 737 3717 superfuturi
759 3643 844 3700 eunt.
879 3634 941 3698 Est
963 3642 1073 3697 antem
1096 3631 1168 3696 dili·
1219 3638 1305 3701 senti
1321 3634 1385 3701 Dei
1403 3637 1527 3702 auxilio
1543 3638 1627 3703 freti.
1659 3638 1768 3720 Atque
1785 3639 1833 3702 ita
1850 3636 2035 3720 expressius
2049 3636 2197 3719 loquitur

195 3732 310 3806 genter
332 3721 496 3785 notandus
518 3720 571 3785 hic
591 3720 690 3785 locus.
735 3719 820 3785 Nam
850 3718 910 3784 etsi
933 3719 967 3781 in
990 3719 1167 3800 perniciem
1220 3744 1317 3805 quam
1344 3722 1493 3804 proximo
1514 3745 1627 3790 versu:
1660 3725 1737 3806 quia
1758 3724 1927 3790 ecclesiam
1950 3720 2070 3787 docens
2093 3742 2113 3786 a
2135 3722 2196 3786 mi-

194 3817 341 3873 nostram
371 3806 574 3888 conspirasse
596 3804 773 3870 videantur
802 3825 924 3882 omnes,
954 3805 1083 3868 tametsi
1111 3826 1167 3869 ex·
1220 3810 1313 3872 seriis
1335 3815 1367 3870 et
1389 3807 1629 3873 calamitatibus
1651 3831 1716 3874 non
1734 3810 1803 3873 lore
1820 3811 2009 3884 immunem,
2032 3807 2091 3873 sed
2113 3807 2196 3873 assi·

193 3893 307 3958 ardeat
336 3894 386 3957 ira
408 3891 553 3970 Domini,
583 3899 681 3974 atque
710 3892 858 3955 interitui
886 3889 1028 3972 proximi
1057 3889 1168 3954 videa·
1222 3893 1284 3957 due
1306 3893 1368 3976 ipsi
1391 3894 1603 3975 pugnandum
1626 3897 1703 3978 tore,
1733 3895 1772 3959 ad
1803 3894 2010 3959 tolerantiam
2040 3904 2077 3957 et
2105 3894 2196 3957 torti·

194 4000 285 4044 mur:
308 3990 418 4042 tamen
441 3978 469 4041 si
489 3977 542 4041 vel
566 3976 631 4041 dno
653 3984 792 4053 tantum,
816 3976 868 4039 vel
895 3988 962 4040 tres
984 3974 1031 4056 pii
1054 3995 1168 4056 super·
1222 3978 1371 4042 tudinem
1405 3982 1541 4057 animat,
1576 4001 1613 4045 ac
1645 3982 1674 4045 si
1707 3982 1845 4046 diceret:
1883 3981 1959 4045 Non
1992 3979 2133 4044 redemit
2166 3990 2198 4042 tc

194 4068 272 4145 sint,
306 4066 353 4130 eis
385 4063 624 4144 desperandum
658 4081 725 4125 non
758 4071 818 4127 est.
870 4059 927 4125 Sic
960 4061 1047 4124 enim
1081 4061 1169 4141 ipsos
1221 4062 1384 4127 Dominus
1417 4071 1454 4127 ut
1486 4064 1606 4129 delitiis
1643 4080 1676 4129 ct
1709 4067 1931 4148 voluptatibus
1964 4066 2101 4144 fruaris,
2140 4073 2198 4129 aut

195 4151 373 4234 alloquitur
394 4150 571 4214 Dominus:
595 4169 633 4213 ne
655 4149 774 4213 timeas.
814 4147 860 4219 Et
879 4145 1070 4210 adverbium
1089 4157 1168 4210 tem·
1221 4149 1371 4232 languori
1394 4161 1426 4211 et
1447 4151 1512 4212 otio
1534 4160 1565 4214 te
1588 4151 1702 4216 dedas:
1733 4154 1814 4234 quin
1837 4155 1946 4233 potius
1966 4161 2005 4216 ut
2025 4150 2068 4215 ad
2098 4171 2197 4214 omnc

194 4238 284 4320 poris
305 4255 394 4313 nunc,
423 4256 485 4318 quo
508 4235 561 4300 hic
582 4235 696 4311 utitur,
727 4253 883 4316 magnum
904 4230 1032 4312 pondus
1055 4231 1169 4295 habet:
1223 4255 1327 4318 genus
1350 4233 1509 4298 malorum
1529 4237 1757 4302 sustinendum
1776 4249 1890 4319 parata
1912 4239 1966 4303 sie.
2007 4237 2075 4302 Per
2095 4236 2198 4320 ipnem

195 4343 272 4388 nam
296 4322 459 4405 significat
480 4330 687 4403 praesentem
707 4318 932 4389 calamitatem,
964 4327 1021 4380 aut
1044 4318 1169 4380 instan·
1223 4331 1256 4384 et
1278 4340 1394 4400 aquam
1416 4319 1571 4404 intelligit
1593 4343 1688 4386 omne
1714 4345 1819 4407 genus
1849 4324 2054 4389 miseriarum
2079 4322 2198 4405 quibus

196 4417 280 4473 tem:
303 4408 443 4489 denique
465 4416 593 4488 tempus
611 4425 675 4490 quo
691 4404 802 4469 omnia
816 4400 944 4485 perdita
958 4411 991 4465 et
1005 4400 1171 4484 deplorata
1222 4405 1258 4468 in
1281 4405 1342 4468 hac
1364 4406 1433 4467 vita
1454 4406 1586 4470 obnoxii
1608 4429 1730 4473 sumus.
1774 4409 1843 4473 Nec
1875 4411 1964 4474 enim
1992 4430 2068 4473 cum
2099 4409 2197 4473 unius

195 4494 414 4559 videbuntur:
443 4493 518 4574 quia
546 4503 623 4556 tuno
645 4511 771 4574 quoque
793 4509 869 4553 euos
898 4486 1056 4553 consolari
1080 4485 1171 4553 Deus
1223 4490 1353 4572 generis
1376 4499 1502 4554 tantum
1524 4492 1762 4561 calamitatibus
1785 4495 1878 4559 nobis
1899 4493 2111 4560 luctandum:
2139 4491 2197 4559 sed

197 4599 374 4662 eorumque
397 4577 524 4642 dolores
546 4577 693 4641 suaviter
714 4575 817 4641 lenire
840 4594 905 4638 uon
927 4572 1055 4653 desinit,
1080 4574 1170 4637 utin
1224 4575 1323 4639 variis
1342 4587 1375 4638 et
1393 4575 1539 4642 infinitis.
1570 4579 1665 4643 Nunc
1683 4600 1740 4661 per
1756 4601 1882 4662 aquam,
1903 4602 1990 4646 nunc
2006 4601 2067 4663 per
2085 4582 2198 4663 ignem

197 4686 327 4732 summa
345 4662 568 4747 desperatione
585 4663 742 4727 invictam
762 4660 831 4741 spei
853 4659 1071 4723 constantiam
1093 4660 1170 4722 reti·
1224 4660 1460 4724 transeundum
1494 4674 1558 4727 cst:
1591 4665 1687 4729 sicuti
1722 4665 1835 4730 fideles
1872 4667 2025 4732 hortatur
2057 4664 2199 4731 Iacobus

198 4760 309 4817 neant.
363 4749 439 4814 Huc
471 4756 597 4831 spectat
635 4747 811 4830 praelatio,
853 4752 980 4809 creator
1012 4753 1045 4807 et
1078 4744 1171 4809 fictor
1223 4744 1265 4829 (1,
1289 4744 1322 4830 2)
1352 4767 1393 4809 ne
1420 4744 1573 4812 deficiant
1595 4770 1695 4830 quum
1724 4752 1900 4816 inciderint
1928 4753 1962 4816 in
1984 4752 2097 4818 varias
2125 4760 2198 4815 ten·

198 4851 290 4902 tuus:
311 4835 386 4918 quia
403 4834 521 4917 alioqui
539 4833 648 4898 clausa
666 4832 780 4897 fuisset
795 4831 866 4896 istis
883 4828 1047 4894 vaticiniis
1066 4827 1170 4894 ianua.
1223 4831 1372 4895 tationes.
1417 4831 1461 4895 Et
1489 4847 1576 4898 corte
1606 4836 1776 4919 multiplici
1804 4839 1957 4902 examine
1987 4858 2070 4920 opus
2100 4834 2200 4902 habet

198 4923 304 4988 Porro
327 4943 368 4986 ex
390 4920 461 4985 aliis
483 4920 561 4984 locis
584 4917 736 5001 colligere
768 4927 953 4999 promptum
971 4924 1035 5011 test,
1060 4914 1171 4978 Domi·
1224 4914 1320 4980 lidos:
1351 4914 1426 4998 quia
1455 4939 1551 5000 saepe
1578 4922 1752 5004 continget,
1784 4926 1838 5004 qui
1863 4925 1967 4988 victor
1995 4925 2130 4989 emersit
2159 4922 2199 4987 ab

199 5029 280 5072 uum
303 5007 357 5072 hic
383 5027 449 5071 non
481 5006 569 5088 loqui
593 5004 632 5069 de
666 5003 845 5067 universali
879 5009 1056 5077 creatione,
1090 5020 1172 5081 quae
1224 5022 1289 5064 una
1320 5022 1446 5085 pugna,
1476 5003 1539 5067 alio
1570 5007 1759 5072 tentationis
1789 5029 1908 5091 genere
1937 5010 2041 5074 obrui.
2088 5010 2200 5075 Variis

200 5093 293 5158 nobis
315 5114 390 5159 cum
411 5091 544 5175 reliquis
565 5089 750 5154 hominibus
769 5086 950 5153 communis
973 5096 1030 5157 est.
1055 5094 1086 5146 ot
1109 5104 1172 5166 qua
1224 5107 1301 5169 orgo
1334 5107 1524 5153 exercemur
1556 5092 1735 5171 aerumnis,
1768 5096 1822 5159 scd
1857 5094 1991 5159 tandem
2025 5096 2199 5179 eripimur:

199 5178 354 5245 mortales
382 5178 556 5258 nascimur,
586 5176 642 5243 sed
672 5175 711 5240 do
741 5172 988 5256 regeneratione
1018 5171 1052 5233 in
1082 5190 1171 5253 spem
1224 5172 1334 5237 fluviis
1352 5173 1550 5256 impetimur,
1568 5175 1624 5239 scd
1645 5197 1710 5240 non
1731 5181 1917 5245 obruimur:
1935 5182 2080 5248 flammis
2101 5183 2201 5248 etiam

201 5264 349 5332 coelestis
371 5266 466 5342 vitae,
495 5264 536 5329 ob
558 5283 656 5346 quam
679 5261 777 5326 etiam
801 5278 905 5324 novae
927 5267 1096 5323 creaturae
1118 5276 1172 5322 vo·
1225 5257 1360 5338 urimur,
1395 5258 1452 5323 scd
1484 5280 1545 5326 non
1576 5263 1807 5330 consumimur.
1856 5267 1958 5332 Nobis
1985 5268 2122 5350 quidem
2151 5276 2203 5334 eat
