4784 5970
203 356 242 419 61
1058 356 1208 424 CAPUT
1229 356 1343 422 XLII.
2156 364 2198 428 62

201 546 265 609 fuit
287 543 403 620 aDeo,
427 566 526 629 quum
543 544 697 611 Christus
720 544 760 609 ad
780 545 841 610 hoc
864 544 1036 630 legationis
1055 566 1175 611 munus
1227 546 1288 610 tiat
1311 547 1504 613 voluntariis
1530 547 1697 632 discipulis
1724 549 1839 632 iugum
1870 571 1965 614 strum
1994 571 2095 615 suave
2116 570 2198 631 esse,

203 631 418 713 inauguratus
441 641 500 696 est.
537 631 659 696 Missus
677 631 763 696 enim
787 642 836 695 est
858 652 875 696 e
898 630 988 696 coelo
1010 631 1044 694 in
1066 631 1174 714 ipsum
1227 641 1260 697 et
1281 653 1365 698 onus
1395 634 1484 699 leve:
1512 635 1559 698 ita
1589 655 1652 698 non
1681 635 1806 699 frustra
1833 655 1906 699 eum
1937 644 2064 718 sceptro
2093 637 2198 701 ferreo

202 716 338 799 spiritus
367 726 499 781 sauctus
527 716 587 782 sub
616 717 723 801 speeie
755 717 940 796 columbae,
977 736 1059 799 quae
1091 717 1174 781 nihil
1226 729 1333 783 armat
1354 718 1464 783 David
1481 720 1612 784 Psalmo
1635 719 1777 786 secundo
1800 724 1845 802 (v.
1862 719 1895 805 9)
1918 720 1958 784 ad
1982 721 2090 786 hostes
2113 723 2199 787 frau-

204 800 292 865 aliud
315 823 393 885 prae
412 803 630 885 sefertquam
640 801 927 890 mansuetudinem
946 811 979 865 et
995 801 1172 867 lenitatem.
1225 804 1364 886 gendos:
1387 810 1421 869 et
1443 804 1575 870 Psalmo
1599 805 1662 870 110
1684 805 1726 891 (v.
1746 806 1776 870 6.
1796 805 1828 891 7)
1851 807 2009 890 sauguine
2032 807 2196 872 madidum

202 887 248 951 Et
275 896 363 952 certe
390 889 521 973 signum
550 889 612 970 ipsi
640 888 689 953 rei
720 887 854 951 omnino
891 888 1051 952 convenit.
1104 888 1174 954 Nec
1224 891 1292 954 iore
1315 889 1402 955 dicit.
1459 962 1463 969 ,
1893 966 1896 975 Ι

202 973 288 1036 enim
312 994 447 1058 magnos
469 975 624 1056 strepitus
647 984 765 1055 movet,
796 994 856 1039 neo
878 972 1115 1039 formidabilem
1139 995 1174 1039 se
1310 976 1340 1040 4.
1370 974 1459 1060 (Noa
1486 975 1616 1057 deflua,
1645 996 1742 1058 acque
1769 975 1956 1061 frattpelur.)
1999 976 2129 1042 Alludit
2155 978 2197 1043 ad

201 1059 350 1140 praebat,
372 1069 417 1124 ut
446 1080 539 1144 reges
568 1060 688 1124 terreni
724 1059 847 1145 solent:
884 1079 989 1140 neque
1018 1059 1173 1141 populum
1224 1061 1410 1145 proximam
1434 1082 1573 1138 versum,
1601 1070 1633 1125 et
1655 1062 1826 1126 coufirmat
1854 1062 1888 1126 id
1911 1062 1996 1144 quod
2018 1064 2108 1146 prius
2131 1062 2196 1128 dio·

202 1163 297 1208 suum
321 1144 567 1228 supramodum
588 1165 712 1229 urgere,
735 1152 792 1209 aut
810 1165 965 1228 premere,
989 1144 1044 1208 sed
1064 1147 1173 1226 potius
1226 1156 1295 1210 tum
1328 1154 1392 1212 est:
1427 1167 1559 1229 nempe,
1601 1146 1769 1235 Christum
1805 1147 1966 1230 placidum
1999 1148 2129 1231 quidem
2164 1160 2197 1214 et

201 1228 373 1294 sublevare
397 1251 433 1295 ac
459 1232 570 1296 fovere
593 1231 673 1295 vult.
717 1230 787 1297 Neo
815 1231 920 1295 solum
947 1228 982 1294 id
1009 1230 1173 1314 praestitit
1226 1234 1332 1298 lenem
1354 1233 1422 1298 iore
1445 1253 1523 1316 arga
1545 1231 1683 1297 debiles:
1712 1232 1794 1297 nihil
1820 1247 1928 1298 tamen
1950 1244 2007 1298 aut
2029 1235 2195 1299 effemina-

201 1336 304 1396 quum
327 1317 478 1399 apparuit
500 1316 636 1394 mundo,
658 1316 715 1383 sed
737 1316 769 1380 iu
794 1316 863 1381 dies
885 1336 942 1399 per
964 1316 1171 1400 evangelium
1224 1325 1293 1383 tum
1325 1329 1382 1383 aut
1409 1319 1507 1382 molle
1535 1317 1742 1396 habiturum,
1771 1320 1846 1401 quia
1873 1319 2065 1384 mandatum
2095 1321 2155 1385 sibi
2176 1341 2197 1385 a

203 1399 302 1465 talem
326 1422 361 1465 se
383 1401 523 1484 praebet.
568 1402 641 1468 Hoc
664 1403 764 1485 igitur
786 1402 937 1484 exemplo
965 1399 1084 1466 debent
1111 1403 1171 1466 mi·
1224 1413 1317 1485 patre
1338 1424 1459 1468 munus
1481 1425 1576 1468 suum
1600 1403 1741 1468 viriliter
1763 1413 1968 1485 exsequetur.
2013 1405 2086 1470 Hoo
2107 1407 2195 1470 enim

200 1487 297 1550 nistri
320 1487 499 1570 evangelii,
521 1508 618 1568 quum
643 1488 710 1552 eius
733 1489 822 1553 vices
851 1488 1050 1564 sustineant,
1079 1508 1171 1552 man·

200 1580 309 1637 suetos
331 1593 366 1637 se
388 1573 552 1655 praebere,
575 1586 607 1637 et
629 1573 791 1638 sustinere
813 1574 970 1651 infirmos,
993 1583 1026 1636 et
1047 1572 1172 1656 placide

201 1655 318 1723 ducere
340 1661 373 1722 in
398 1659 492 1738 viam,
516 1680 556 1721 ne
571 1660 784 1741 exstinguant
798 1660 832 1722 iu
855 1659 901 1722 eis
923 1657 1083 1741 igniculos
1105 1659 1171 1741 pie·

201 1744 286 1821 tatis,
308 1745 364 1827 qui
387 1745 438 1808 vel
463 1745 597 1828 paulum
621 1743 715 1809 modo
737 1745 887 1821 emicant,
910 1743 967 1809 sed
989 1744 1097 1824 potius
1119 1745 1171 1808 in·

201 1830 370 1915 flammant
394 1831 471 1895 totis
495 1830 630 1895 viribus.
674 1829 849 1894 Caeterum
872 1850 914 1895 ne
938 1830 998 1892 hao
1021 1850 1170 1895 mansue·

200 1915 312 1979 tudine
352 1916 432 1980 vitia
470 1926 503 1981 et
542 1915 743 1998 corruptelas
788 1916 889 1980 foveri
937 1916 1173 1994 existimemus,

197 1999 382 2083 subiungit,
416 2003 451 2067 ia
479 2002 606 2066 veribit
629 2001 768 2084 proferet
796 2002 959 2067 iodicium.
1011 1999 1170 2080 Quamvis

198 2106 276 2168 ergo
299 2085 450 2152 Christus
472 2088 620 2152 infirmos
642 2087 792 2152 sublevet
814 2105 851 2150 ao
868 2087 1038 2168 sustineat,
1059 2092 1169 2151 tamen

199 2171 296 2255 longe
318 2173 408 2236 abest
430 2172 646 2252 eblanditus,
669 2173 786 2254 quibus
808 2171 889 2237 vitia
907 2171 1052 2236 aluntur.
1089 2173 1169 2237 Oor·

199 2255 335 2339 riganda
363 2258 465 2339 igitur
499 2268 577 2323 sunt
605 2270 738 2340 peccata
774 2259 844 2324 sino
874 2257 1074 2336 adulatione,
1105 2279 1169 2340 qua

199 2342 281 2406 nihil
316 2344 420 2426 magis
453 2344 596 2409 alienum
634 2343 674 2408 ab
707 2346 768 2409 ista
809 2343 1059 2407 mansuetudine
1099 2356 1169 2410 asse

197 2433 313 2510 potest.
348 2428 463 2510 Itaque
472 2429 647 2511 diligenter
657 2430 801 2495 cavenda
813 2428 906 2493 nobis
918 2438 995 2493 sunt
1006 2440 1168 2495 extrema:

197 2511 232 2576 id
255 2526 312 2592 est,
332 2536 374 2578 ne
398 2515 447 2578 vel
471 2515 573 2578 nimia
595 2517 769 2580 severitate
792 2515 981 2597 frangamus
1012 2515 1168 2580 debilium

198 2600 339 2663 animos:
364 2601 415 2663 vel
435 2599 601 2664 blanditiis
620 2603 738 2665 uostris
757 2600 879 2683 aliquid
898 2600 973 2662 mali
993 2601 1166 2666 foveamus.

197 2685 244 2750 Ut
267 2696 375 2750 autem
398 2686 514 2751 melius
536 2697 706 2750 teneamus
729 2688 761 2749 in
785 2707 865 2768 quos
895 2686 957 2749 hac
980 2697 1167 2750 mansuetu·

198 2772 273 2834 diue
303 2771 461 2835 utendum
492 2772 536 2834 sit
558 2771 681 2837 Christi
712 2771 878 2853 exemplo,
905 2770 1018 2833 sedulo
1046 2792 1167 2853 expen-

198 2857 305 2920 denda
327 2873 405 2920 sunt
427 2855 603 2941 prophetae
625 2855 734 2921 verba.
779 2855 951 2921 Calamam
979 2868 1167 2936 quassatum

197 2941 464 3026 et·ellyohnium
498 2942 628 3006 fumans
661 2942 817 3006 nominat.
870 2941 962 3006 Haeo
994 2943 1096 3025 igitur
1127 2942 1168 3006 ad

198 3049 252 3092 eos
275 3047 340 3092 non
363 3028 530 3111 pertinent
552 3028 607 3110 qui
630 3028 754 3092 robusti
776 3035 870 3102 sunt,
904 3036 1000 3109 atque
1021 3028 1168 3108 pervica-

196 3114 277 3178 citer
308 3115 478 3191 resistunt,
514 3114 634 3196 quique
665 3114 773 3178 furiosi
807 3120 901 3192 sunt,
933 3134 970 3177 ac
1002 3112 1166 3178 indomiti:

197 3200 278 3263 tales
300 3199 387 3262 enim
404 3198 464 3263 hao
486 3198 690 3283 indulgentia
706 3199 832 3283 indigni
854 3207 939 3273 sunt,
963 3197 1039 3280 quin
1060 3200 1168 3281 potius

196 3285 369 3349 severitate
391 3285 493 3362 verbi,
518 3296 672 3367 tauquam
695 3284 821 3362 malleo,
843 3283 1014 3366 frangendi
1035 3298 1113 3350 sunt
1135 3295 1168 3349 at

196 3370 394 3436 conterendi.
439 3371 555 3453 Itaque
578 3372 623 3436 sic
653 3370 764 3434 laudat
794 3369 1097 3448 mansuetudinem,
1128 3381 1167 3436 ut

196 3457 293 3521 simul
315 3456 432 3538 quibus
455 3467 532 3541 apta
555 3457 607 3533 sit,
630 3455 760 3538 quando
777 3467 810 3520 et
832 3454 991 3537 quomodo
1008 3456 1165 3521 utendum

195 3542 246 3624 sit,
271 3541 479 3607 demonstret.
523 3542 593 3607 Neo
615 3541 701 3606 enim
732 3541 885 3606 convenit
906 3540 996 3604 duris
1018 3549 1052 3604 et
1073 3561 1165 3625 prae·

194 3629 324 3711 fractis,
355 3627 407 3693 vel
437 3628 488 3692 sui
511 3628 630 3692 furoris
652 3627 817 3691 flammam
847 3624 1079 3703 iaculantibus,
1109 3627 1165 3692 sed

194 3714 248 3797 qui
271 3713 391 3778 dociles
413 3734 448 3777 se
470 3713 637 3795 praebent,
668 3732 706 3777 aa
728 3710 866 3775 libenter
887 3732 922 3775 se
943 3712 1018 3793 iugo
1042 3711 1166 3777 Christi

195 3799 379 3865 subiiciunt.
424 3799 468 3862 Et
496 3797 644 3862 fumaudi
671 3796 771 3861 verbo
800 3796 952 3861 admonet
979 3817 1045 3859 non
1074 3805 1166 3864 tene·

195 3885 287 3962 bras,
314 3884 371 3949 ssd
393 3884 566 3962 scintillas,
596 3883 728 3948 tametsi
750 3892 865 3946 tenues
887 3891 921 3944 at
942 3880 1165 3962 subobscurus,

196 3970 239 4035 ali
262 3969 303 4034 ub
325 3969 396 4050 ipso
419 3990 457 4035 ao
478 3970 592 4034 foveri.
637 3968 702 4035 Ubi
725 3968 828 4052 igitur
849 3967 1029 4048 pervicacia
1052 3979 1084 4032 et
1105 3968 1165 4033 im-

195 4055 308 4138 pietas,
331 4055 397 4120 illio
419 4075 547 4120 summa
568 4055 744 4119 severitate
765 4053 927 4138 agendum
944 4062 1001 4129 est,
1025 4074 1085 4120 neo
1100 4055 1167 4120 ullo

1224 1490 1387 1573 signifieat
1408 1509 1507 1572 quum
1530 1490 1577 1552 ait
1598 1509 1663 1553 non
1688 1488 1899 1554 defecturum.
1945 1492 2053 1573 Atque
2075 1491 2108 1554 in
2133 1491 2196 1556 hoo

1226 1577 1323 1640 verbo
1352 1589 1429 1643 nnat
1456 1574 1572 1639 allusio
1602 1585 1653 1640 est
1681 1596 1755 1640 oum
1785 1575 1892 1656 priore
1920 1595 2034 1650 versu,
2071 1575 2124 1639 ubi
2153 1577 2194 1641 de

1223 1662 1403 1744 fumigante
1425 1660 1492 1725 lino
1515 1661 1669 1743 loquutus
1691 1669 1748 1724 ast.
1785 1657 1939 1725 Ostendit
1956 1672 2064 1724 autem
2089 1660 2194 1743 qualis

1224 1767 1300 1811 vera
1323 1747 1368 1812 sit
1388 1745 1570 1810 moderatio
1600 1745 1880 1823 mansuetudinis,
1912 1767 1952 1810 ne
1982 1745 2122 1811 declinet
2151 1746 2194 1811 ad

1223 1831 1411 1896 dissolutam
1434 1831 1683 1914 indulgentiam.
1717 1829 1774 1896 Sic
1796 1833 1881 1896 enim
1900 1852 1939 1895 ea
1956 1831 2116 1896 utendum
2134 1842 2194 1913 est,

1224 1939 1264 1982 ue
1286 1917 1392 1982 officio
1415 1929 1525 1982 nostro
1547 1917 1700 1982 desimus.
1734 1917 1834 1981 Multi
1850 1937 1885 1981 se
1901 1917 2045 1982 lenitatis
2060 1919 2194 1984 nomine

1222 2003 1392 2068 venditare
1413 2003 1542 2082 volunt,
1567 2015 1603 2066 ut
1625 2002 1811 2086 plausibiles
1833 2004 1898 2067 sint
1920 2003 2043 2067 mundo
2065 2013 2097 2069 et
2119 2024 2193 2088 gra·

1223 2089 1313 2153 tiosi:
1337 2088 1393 2153 sed
1415 2091 1548 2152 interim
1566 2089 1707 2171 turpiter
1729 2109 1766 2154 ao
1784 2088 1908 2152 nefarie
1926 2090 2097 2152 veritatem
2119 2110 2193 2172 pro·

1222 2173 1313 2238 dunt.
1364 2174 1500 2238 Memini
1537 2194 1638 2256 quum
1669 2174 1703 2236 in
1740 2174 1858 2239 celebri
1888 2174 2029 2254 quadam
2057 2175 2193 2239 civitate

1222 2259 1285 2323 duo
1308 2271 1415 2324 esseut
1436 2260 1696 2341 concionatores,
1728 2279 1868 2341 quorum
1895 2260 1979 2324 alter
2001 2271 2133 2324 strenue
2155 2282 2193 2326 ao

1220 2344 1348 2409 fortiter
1364 2345 1443 2409 vitia
1456 2346 1684 2422 insectabatur,
1704 2345 1787 2409 alter
1798 2365 1876 2408 vero
1894 2344 2060 2409 blanditiis
2078 2366 2192 2410 auram

1220 2431 1411 2513 popularem
1442 2429 1608 2512 captabat:
1639 2430 1727 2495 hunc
1757 2430 1913 2494 blandum
1942 2432 1996 2512 qui
2019 2430 2192 2495 Ieremiam

1221 2517 1393 2581 enarrabat
1430 2516 1580 2581 incidisse
1617 2517 1651 2578 in
1684 2516 1790 2580 locum
1835 2516 1967 2596 plenum
2007 2514 2192 2581 lenissimae

1221 2602 1465 2666 consolationis:
1502 2612 1598 2684 atqua
1630 2611 1859 2684 argumentum
1890 2610 2110 2684 opportunum
2141 2601 2192 2687 (ut

1221 2687 1352 2768 quidem
1386 2685 1605 2770 existimabat)
1639 2696 1787 2761 nactum,
1829 2684 1940 2749 invehi
1981 2687 2124 2767 coepisse
2156 2689 2191 2751 in

1221 2772 1341 2856 rigidos
1359 2771 1432 2836 illos
1455 2781 1487 2836 et
1506 2792 1635 2836 severos
1657 2772 1918 2853 reprehensores,
1940 2772 1996 2853 qui
2019 2771 2192 2836 verborum

1221 2858 1312 2940 quasi
1336 2856 1525 2922 fulminibus
1548 2857 1697 2920 homiues
1724 2865 1847 2920 terrere
1869 2856 1984 2920 solent.
2030 2856 2191 2922 Postridie

1222 2964 1300 3007 vero
1322 2964 1421 3025 quum
1439 2943 1597 3026 propheta
1612 2952 1844 3025 argumentum
1860 2950 2010 3020 mutaret,
2034 2952 2066 3004 et
2085 2946 2192 3007 acrius

1221 3048 1280 3112 pro
1312 3049 1372 3093 sua
1403 3028 1610 3092 vehementia
1641 3027 1829 3111 obiurgaret
1861 3028 1997 3110 impios,
2035 3027 2191 3093 miserum

1220 3124 1464 3191 assentatorem,
1481 3133 1561 3197 quae
1576 3114 1700 3178 recenti
1711 3112 1869 3177 memoria
1884 3133 1995 3177 omnes
2011 3113 2191 3191 audierant,

1220 3220 1348 3264 summa
1369 3220 1443 3264 cum
1466 3200 1615 3264 irrisione
1637 3209 1815 3263 retractare
1837 3208 1983 3263 coactum
2014 3219 2094 3263 esse.
2139 3200 2192 3264 Ita

1219 3286 1303 3350 levis
1336 3285 1391 3349 illa
1424 3305 1504 3349 aura
1536 3304 1633 3365 quam
1667 3283 1834 3367 captabat,
1867 3284 2017 3366 protinus
2049 3285 2192 3365 evanuit,

1219 3392 1321 3454 quum
1344 3392 1378 3435 se
1408 3369 1559 3453 proderet
1591 3370 1711 3434 iudicio
1741 3389 1817 3452 suo,
1848 3368 2006 3451 bonisque
2036 3379 2068 3432 et
2097 3369 2192 3434 malis

1218 3456 1369 3539 putidum
1393 3475 1427 3520 se
1450 3455 1609 3520 redderet.
1646 3456 1708 3519 Est
1730 3457 1831 3538 igitur
1853 3453 1945 3518 nobis
1968 3454 2056 3519 inter
2072 3454 2191 3519 dociles

1218 3553 1250 3605 st
1273 3544 1456 3623 pervicaces
1478 3539 1760 3625 distinguendum,
1790 3561 1831 3603 ne
1861 3539 1980 3620 passim
2003 3554 2190 3603 mansuetu-

1219 3628 1294 3691 dine
1316 3628 1378 3691 ista
1401 3626 1584 3691 abutamur.
1620 3624 1751 3689 interea
1771 3625 1925 3689 invictam
1950 3623 2075 3689 Christi
2097 3623 2191 3688 forti-

1218 3712 1367 3776 tudinem
1390 3711 1492 3776 Isaias
1514 3713 1582 3776 fore
1603 3709 1778 3793 praedicat,
1802 3731 1865 3792 qua
1887 3707 2052 3774 obstacula
2082 3711 2192 3775 omnia

1218 3808 1359 3881 superat.
1402 3796 1487 3861 Nam
1518 3797 1569 3861 his
1600 3797 1724 3872 verbis,
1753 3794 1868 3859 Donec
1896 3803 1996 3876 ponat
2025 3794 2190 3874 iudicium,

1218 3883 1375 3966 intelligit
1397 3883 1513 3946 efficax
1535 3882 1604 3945 fore
1625 3881 1843 3945 ministerium
1864 3880 2005 3958 Ohristi,
2028 3889 2065 3944 ut
2086 3901 2191 3945 emer·

1219 3977 1275 4054 gat
1296 3969 1422 4034 fructus
1445 3967 1621 4031 doctrinae.
1665 3966 1734 4031 Neo
1759 3967 1844 4030 euim
1876 3963 2079 4030 solummodo
2102 3967 2191 4047 dicit,

1220 4056 1321 4120 donea
1348 4052 1593 4118 annuntiaverit
1619 4052 1823 4116 voluntatem
1853 4051 1973 4135 patris:
2004 4050 2060 4116 sed
2090 4051 2191 4118 donee

195 4141 291 4206 modo
319 4140 571 4224 indulgendum:
607 4138 661 4203 ubi
693 4160 773 4204 vero
804 4136 963 4221 quaedam
994 4139 1075 4204 vitia
1102 4162 1166 4206 non
1218 4139 1361 4206 stabiliat
1393 4137 1562 4216 iudicium,
1603 4137 1636 4201 id
1669 4146 1736 4214 est,
1775 4146 1898 4201 rectam
1938 4136 2191 4202 administrandi

195 4247 328 4310 prorsus
343 4225 561 4291 intolerabilia
577 4238 664 4303 suut,
680 4234 789 4289 tamen
805 4224 866 4289 hac
881 4224 1017 4288 lenitate
1032 4225 1167 4292 minime
1218 4227 1394 4291 rationem:
1426 4224 1522 4289 sicuti
1552 4224 1642 4306 prius
1672 4223 1793 4286 dictum
1822 4233 1880 4287 est.
1929 4222 2082 4286 Testatur
2096 4243 2190 4305 -ergo

195 4312 306 4393 foveri,
328 4312 384 4376 sed
407 4312 523 4395 corrigi
543 4320 640 4393 atque
663 4309 828 4374 emendari
844 4309 951 4374 decet:
974 4309 1052 4392 quia
1074 4332 1165 4393 pras·
1219 4310 1433 4376 ministerium
1450 4308 1573 4374 Christi
1593 4329 1659 4372 non
1680 4309 1749 4372 fore
1771 4309 2018 4386 infructuosum,
2041 4306 2098 4373 sed
2117 4318 2189 4372 tan·

195 4399 290 4481 cipua
317 4419 446 4480 semper
466 4397 632 4473 veritatis,
663 4395 702 4459 da
732 4416 796 4477 qua
823 4395 984 4476 loquitur,
1014 4395 1166 4463 habenda
1218 4408 1269 4462 tae
1291 4397 1452 4460 efficacias
1475 4402 1512 4459 ut
1533 4415 1571 4458 eo
1592 4392 1741 4458 homiues
1763 4394 1989 4457 reformentur.
2030 4391 2125 4473 Quod
2147 4393 2188 4457 ad

195 4484 289 4564 ratio,
312 4506 353 4547 ne
375 4484 457 4548 vitia
479 4493 647 4567 tegantur,
676 4490 773 4563 atque
801 4481 847 4543 ita
875 4482 1035 4547 occultam
1057 4493 1165 4566 putre·
1219 4482 1343 4549 Christi
1365 4500 1539 4565 personam
1559 4479 1714 4563 restringi
1737 4500 1802 4543 non
1821 4477 1925 4556 debet,
1948 4477 2004 4543 sed
2024 4479 2064 4542 ad
2083 4487 2187 4543 toturn

196 4569 306 4633 dinem
328 4569 532 4648 contrahant,
553 4568 608 4633 sed
630 4566 754 4632 infirmi
777 4565 933 4649 paulatim
950 4565 991 4629 ad
1006 4568 1165 4633 sinceram
1218 4566 1379 4651 evangelii
1409 4584 1555 4632 cursum:
1595 4565 1672 4647 quia
1707 4585 1773 4627 non
1809 4562 1905 4628 modo
1934 4563 2096 4647 legatione
2127 4564 2188 4627 sibi

195 4655 423 4721 rectitudinem
453 4656 642 4719 formentur.
694 4652 746 4717 De
775 4652 815 4716 iis
845 4672 923 4735 ergo
958 4651 1012 4717 hic
1047 4655 1166 4738 agitur,
1217 4655 1363 4719 iniuncta
1385 4653 1516 4717 functus
1543 4661 1593 4716 est
1622 4670 1681 4731 per
1712 4650 1906 4726 triennium,
1938 4648 1995 4713 sad
2025 4671 2083 4733 per
2111 4667 2188 4712 suos

196 4742 314 4825 quibus
335 4741 465 4805 tametsi
487 4740 627 4804 multum
651 4739 749 4815 desit,
784 4739 911 4820 integro
939 4747 1016 4801 siunt
1045 4741 1166 4821 animo,
1218 4741 1384 4804 ministros
1404 4736 1546 4820 quotidie
1563 4734 1699 4800 eandem
1716 4736 1891 4800 continuat.
1926 4734 2057 4798 Interea
2074 4752 2187 4796 mone-

196 4837 229 4894 οι
250 4826 386 4892 studiosi
408 4837 486 4890 suut
507 4846 604 4889 verae
625 4825 808 4907 religionis:
839 4833 876 4887 ut
897 4823 1012 4887 saltem
1034 4823 1165 4889 inchoa·
1218 4847 1292 4889 mur
1307 4845 1367 4888 nos
1382 4843 1515 4888 munere
1530 4822 1594 4886 isto
1612 4821 1706 4905 fungi
1721 4843 1785 4886 non
1803 4840 1906 4902 posse,
1928 4821 2005 4902 quin
2022 4819 2187 4883 molestiae

196 4922 265 4979 tum
288 4914 323 4977 in
345 4914 385 4977 iis
408 4911 482 4976 boni
498 4909 620 4993 aliquid
636 4918 799 4993 appareat.
834 4908 940 4989 Quam
960 4909 1047 4972 euim
1065 4909 1166 4976 durus
1218 4910 1399 4994 permultae
1421 4907 1573 4973 ferendae
1595 4907 1669 4985 sint,
1694 4915 1726 4971 et
1748 4906 1893 4971 difficilia
1910 4905 2089 4971 certamina
2110 4903 2186 4968 sub·

196 5001 231 5064 in
253 5006 492 5079 contemptores
515 4997 614 5061 fuerit
631 4997 794 5075 Christus,
818 5016 857 5058 ex
876 4994 988 5057 multis
1007 4997 1165 5079 exemplis
1218 4996 1341 5074 sunda,
1374 4994 1517 5076 adeoque
1558 4992 1755 5075 periculosa,
1796 5003 1832 5056 ut
1874 4992 1914 5056 iis
1953 4986 2187 5073 propemodum

196 5084 324 5150 abunde
354 5094 453 5166 patet.
497 5083 634 5164 Virgam
668 5083 754 5145 enirn
786 5083 922 5145 ferream
952 5082 1079 5162 cogitur
1109 5105 1165 5147 ex·
1217 5082 1417 5164 frangamur,
1441 5090 1537 5161 atque
1560 5080 1671 5143 omnia
1692 5078 1829 5143 abiicere
1845 5076 1950 5159 parati
1967 5077 2078 5139 simus.
2112 5075 2186 5140 Nou

196 5189 302 5236 serere
325 5168 366 5233 ad
388 5167 655 5236 comminuendos
687 5187 740 5231 eos
770 5166 826 5248 qui
853 5185 888 5230 se
918 5166 1073 5247 pastorali
1096 5171 1166 5236 eius
1191 5222 1195 5241 ,
1219 5177 1267 5233 est
1290 5179 1399 5231 tamen
1427 5164 1656 5241 desinendum,
1683 5164 1739 5229 sed
1770 5173 1956 5229 constanter
1986 5159 2185 5244 pergendum

196 5255 278 5340 pedo
300 5256 369 5339 regi
391 5278 457 5319 nou
480 5253 652 5319 sustinent.
697 5252 781 5316 Nam
804 5252 898 5318 sicuti
923 5271 1002 5316 vere
1020 5273 1164 5335 pronun·
1189 5244 1193 5309 l
1218 5255 1251 5318 iu
1269 5252 1386 5330 officio,
1410 5260 1508 5334 atque
1526 5250 1565 5314 ad
1587 5260 1771 5315 extremum
1790 5268 1891 5330 usquo
1908 5247 2104 5313 currendum
2125 5260 2184 5311 est.
