4784 5970
272 390 339 454 571
1081 382 1468 451 Pssaaeaomottas
2226 373 2293 439 ete

267 585 380 642 eereut
403 575 465 639 sibi
488 573 572 637 hene
597 574 696 638 luisse
726 576 886 636 melorum
920 572 1067 637 omnium
1101 592 1244 649 eausam,
1295 572 1394 637 luisse
1417 585 1546 653 patrum
1577 572 1720 639 laborem
1743 593 1762 636 a
1783 568 1932 654 pueritia,
1963 586 2027 650 qno
2049 563 2158 630 verbo
2191 571 2291 628 nats·

266 662 402 745 quodse
421 682 485 724 uon
502 658 724 722 continuerint
740 659 773 721 in
792 679 857 720 ιιιιο
873 657 953 732 Deo,
969 657 1024 720 sed
1045 657 1155 740 vegeti
1175 658 1243 720 tue·
1295 658 1375 722 bant
1407 656 1600 723 diuturnum
1635 669 1782 725 tenorem
1816 673 2006 738 poenarum.
2058 650 2162 715 Deus
2196 651 2289 713 euim

265 749 331 810 rint
347 754 420 827 post
440 744 687 809 multitudinem
704 745 847 808 deorum.
882 741 1041 807 Videmus
1063 763 1140 826 ergo
1163 742 1243 806 baec
1295 763 1360 807 non
1382 762 1450 807 uno
1472 751 1600 807 tantum
1624 744 1675 810 die
1697 744 1785 826 ipsos
1807 741 2035 824 castigaverat,
2065 736 2125 802 sed
2160 737 2288 820 repeti·

265 853 331 896 nen
355 852 450 913 posse
472 830 571 895 simul
594 829 756 911 coniungi,
792 848 909 909 nempe
936 839 972 891 ut
996 849 1110 892 verum
1135 829 1241 891 Deum
1267 769 1270 909 i
1296 836 1387 893 verat
1413 828 1543 909 saepius
1573 829 1704 895 easdem
1733 827 1863 911 plagas:
1893 830 1928 891 et
1956 831 2067 888 tamen
2096 823 2176 888 sine
2206 841 2287 904 pro·

265 916 419 995 colamus,
442 926 475 979 et
497 916 716 980 adsciscamus
740 914 831 978 nobis
849 913 958 978 varios
981 911 1068 989 daos,
1091 927 1123 977 et
1147 912 1241 977 fabri·
1267 912 1270 961 Ι
1293 914 1390 979 fectu.
1436 913 1533 979 Nune
1561 914 1761 998 adiungunt:
1790 910 1899 978 Sicuti
1929 909 2074 976 scelerate
2101 908 2233 992 epirum
2264 928 2287 972 a

265 1022 376 1067 eemus
399 1001 491 1065 nobis
513 1022 586 1082 spes
606 1021 717 1075 vanas,
740 996 1012 1081 quemadmodum
1032 998 1158 1063 faciunt
1175 1001 1242 1081 qui·
1266 964 1269 1035 1
1287 1001 1431 1080 pueritia
1452 1005 1563 1064 asara
1584 1020 1654 1066 eam
1676 1001 1743 1065 Deo
1763 1002 1876 1075 metro,
1903 996 1950 1060 ita
1969 996 2069 1060 etiam
2091 1014 2111 1058 a
2132 993 2287 1077 pueritia

266 1086 326 1152 bus
349 1108 413 1151 nou
437 1086 557 1151 suffieit
581 1107 665 1149 unus
688 1087 788 1149 Deus.
834 1084 1003 1165 Sequitur,
1294 1107 1352 1151 nos
1376 1084 1554 1166 admonuit,
1585 1098 1621 1151 ut
1643 1095 1887 1150 reverteremur
1916 1080 1957 1145 ad
1990 1082 2112 1164 ipsum:
2152 1092 2189 1144 et
2222 1100 2286 1162 per

1293 1191 1352 1236 nos
1375 1178 1502 1234 tantum
1526 1173 1625 1251 stetit,
1649 1171 1823 1254 quominus
1845 1168 1886 1232 ad
1915 1188 1989 1232 eum
2017 1174 2284 1231 reverteremur.

351 1257 401 1322 24.
437 1257 480 1321 Et
504 1259 613 1337 pudor
646 1256 710 1341 (vel
745 1255 911 1338 probrum)
952 1255 1074 1319 voravit
1107 1255 1241 1319 laborem
1292 1255 1368 1338 Ipse
1401 1259 1489 1320 enim
1520 1279 1578 1322 nos
1608 1257 1758 1323 vocabat:
1793 1255 1944 1338 quoniam
1978 1274 2037 1319 nos
2069 1252 2117 1317 ita
2153 1253 2284 1317 fuimus

260 1349 390 1426 patrum
420 1348 595 1408 aestrorum
624 1366 644 1406 a
666 1343 808 1424 pueritia
838 1346 954 1417 nostra,
984 1361 1053 1405 oves
1080 1360 1185 1405 eoram
1213 1347 1241 1406 ct
1291 1344 1457 1421 obstinati,
1491 1342 1537 1407 sie
1570 1343 1668 1408 etiam
1704 1342 1796 1407 Deus
1824 1346 2044 1490 {insequutus
2073 1347 2125 1403 est
2157 1338 2284 1403 merito

257 1449 373 1511 peoora
393 1450 508 1507 eoram,
529 1430 615 1509 filios
638 1449 742 1492 eorum
764 1432 791 1491 et
810 1426 897 1507 filias
919 1446 1034 1490 eorum
1293 1428 1472 1494 vindictam
1495 1448 1588 1492 suam
1611 1449 1690 1512 erga
1714 1447 1780 1492 nos.
1855 1433 1946 1491 ostea
1967 1422 2090 1501 dieunt,
2113 1424 2175 1488 Aa
2196 1423 2283 1487 baec

1290 1534 1388 1596 aeque
1410 1514 1501 1591 diem,
1532 1534 1597 1596 quo
1627 1515 1822 1580 confirmant
1843 1511 1930 1592 quod
1952 1510 2020 1574 iam
2040 1509 2120 1588 dixi,
2155 1528 2282 1591 nempe

350 1600 556 1664 Confirmant
572 1598 718 1681 pluribus
734 1596 869 1661 eandem
886 1597 1134 1678 querimoniam,
1154 1598 1238 1680 quod
1292 1601 1391 1664 fnisse
1415 1601 1460 1663 ita
1481 1598 1671 1678 obstinatos,
1700 1610 1738 1664 nt
1761 1616 1929 1679 uunquam
1952 1594 2141 1661 destiterint
2164 1614 2185 1658 a
2207 1595 2281 1660 suis

263 1685 385 1750 scilieet
409 1684 501 1748 Deus
523 1685 705 1747 manifestis
729 1683 930 1747 documentis
957 1683 1136 1747 ostenderit
1165 1705 1238 1766 pee-
1291 1686 1392 1750 vitiis.
1426 1685 1472 1748 Et
1493 1686 1615 1750 fontem
1639 1685 1786 1749 omnium
1810 1682 1970 1748 scelerum
1989 1680 2086 1746 simul
2108 1678 2281 1764 designat,

263 1782 335 1836 eata
360 1772 475 1852 gentis,
499 1770 652 1851 quoniam
676 1777 921 1849 consumpserat
943 1788 1055 1832 eorum
1085 1769 1237 1846 laborem,
1294 1771 1382 1853 Quod
1403 1791 1464 1835 aea
1486 1771 1648 1836 audierint
1668 1789 1767 1836 vocem
1782 1768 1922 1834 Icltovae.
1955 1767 2041 1832 Nam
2059 1767 2087 1832 si
2104 1774 2282 1832 errassent

262 1857 324 1920 hoe
346 1866 404 1932 est,
427 1854 585 1936 quidquid
609 1855 717 1919 labore
740 1875 797 1916 suo
817 1853 1041 1933 acquisierant.
1078 1853 1238 1938 Adiungit
1291 1869 1323 1921 et
1346 1857 1504 1922 tacuisset
1526 1856 1628 1936 Dens,
1658 1866 1787 1939 poterat
1815 1854 1988 1919 extenuari
2018 1872 2134 1918 eoram
2166 1851 2280 1933 calpa.

263 1943 348 2005 enim
378 1961 446 2006 oves
478 1946 505 2003 et
532 1961 660 2022 pecora,
695 1938 821 2013 deinde,
853 1938 938 2019 {ilios
969 1944 997 2003 et
1027 1939 1131 2018 filias:
1164 1941 1237 2004 Nou
1291 1942 1359 2008 Sed
1392 1963 1492 2024 qiium
1526 1941 1619 2007 Deus
1652 1939 1797 2024 quotidie
1830 1938 2010 2022 prophetas
2050 1936 2279 2013 submitteret,

262 2025 377 2090 tribuit
399 2025 529 2109 quidem
553 2027 831 2107 consumptionem
855 2024 940 2089 hane
964 2023 1043 2102 Deo,
1075 2025 1131 2090 sed
1157 2025 1237 2091 haee
1291 2029 1346 2110 qui
1369 2028 1510 2092 clamare
1534 2048 1644 2092 eorum
1663 2028 1796 2091 auribus
1816 2044 1883 2089 non
1901 2025 2083 2103 cessabant,
2105 2032 2141 2086 et
2160 2031 2278 2089 tamen

259 2111 404 2193 loquutio
438 2113 542 2194 magis
575 2112 760 2193 emphatica
793 2121 843 2173 est
874 2130 974 2192 quum
1005 2109 1094 2186 dicit,
1129 2110 1239 2175 Pudor
1291 2113 1381 2180 sardi
1405 2120 1523 2189 esseut,
1546 2112 1778 2178 inexcusabilis
1800 2111 1862 2175 tuit
1888 2129 2002 2174 eoram
2029 2109 2218 2193 pertinacia
2240 2110 2278 2172 iu

258 2197 450 2277 consumpsit
491 2196 624 2261 laborem
658 2201 791 2278 patrum
830 2200 1006 2260 nostrorum
1039 2215 1061 2260 a
1094 2197 1237 2275 pueritia
1292 2199 1395 2264 malis.
1441 2199 1530 2282 Ergo
1561 2197 1711 2263 videmus
1741 2194 1935 2280 exaggerari
1964 2197 2088 2260 odmen
2117 2193 2184 2260 hae
2212 2194 2278 2260 eir·

258 2288 375 2347 nestra.
410 2282 495 2346 Nam
518 2303 576 2363 per
600 2282 757 2362 pudorem
773 2278 929 2363 iutelligit
945 2280 1076 2359 scelera,
1100 2302 1235 2362 quorum
1289 2285 1496 2360 constantia,
1521 2282 1606 2365 quod
1628 2303 1739 2349 vocem
1762 2281 1827 2348 Dei
1848 2301 1914 2346 uon
1937 2278 2143 2346 audiverint:
2178 2279 2278 2364 quasi

261 2369 346 2449 ipsos
368 2366 490 2449 pudere
514 2366 661 2430 debebat.
697 2366 822 2431 Sensus
844 2366 946 2448 igitur
969 2377 1030 2447 est,
1053 2385 1118 2429 nen
1142 2387 1236 2448 posse
1289 2369 1443 2448 dicerent,
1467 2370 1576 2434 Deum
1599 2389 1676 2434 suas
1691 2377 1801 2452 partes
1817 2366 1931 2450 egisse,
1955 2375 1993 2431 nt
2007 2365 2082 2432 illos
2096 2377 2278 2432 revocaret

260 2453 324 2516 alio
349 2452 537 2516 transscribi
561 2451 717 2533 quidquid
740 2451 882 2533 perpessi
910 2451 1043 2515 fuerant
1066 2451 1236 2532 malorum,
1290 2454 1330 2519 ab
1351 2456 1498 2532 interitu,
1522 2453 1579 2521 sed
1596 2462 1663 2518 tam
1678 2454 1778 2519 fuisse
1794 2454 1982 2532 obstinatos,
2005 2459 2042 2516 ut
2058 2452 2278 2536 negligerent

259 2538 414 2620 quoniam
438 2545 542 2602 totum
566 2538 627 2601 hoe
655 2537 884 2618 imputandum
907 2545 977 2600 erat
1000 2556 1111 2602 eorum
1136 2539 1236 2602 scele-
1289 2541 1428 2623 gratiam
1451 2540 1552 2616 illam,
1581 2539 1717 2622 ideoque
1738 2561 1773 2605 se
1795 2537 1912 2603 merito
1941 2538 2018 2603 dare
2047 2556 2176 2620 poenas
2205 2557 2276 2602 non

259 2622 360 2688 ribus.
395 2622 506 2687 Pudor
529 2643 606 2706 ergo
626 2631 745 2701 noster,
769 2623 830 2686 hoe
850 2634 910 2700 est,
933 2622 1058 2705 flagitia
1076 2622 1236 2688 scelerum
1290 2636 1415 2691 tantum
1438 2625 1616 2707 impietatis
1639 2646 1726 2703 suae,
1750 2624 1805 2690 sed
1829 2625 1928 2688 etiam
1951 2622 2214 2707 ingratitudinis,
2240 2632 2278 2687 at

258 2718 446 2859 nostrorgm
470 2717 744 2790 consumpserunt
770 2714 903 2789 patrum
933 2717 1119 2773 nostrornm
1150 2708 1236 2775 labo·
1290 2712 1387 2777 simul
1409 2712 1591 2776 obstinatae
1612 2711 1767 2775 malitiae.

259 2816 337 2858 rem.
412 2795 551 2875 equitur,

345 2964 395 3028 25.
429 2964 592 3029 latuimus
619 2965 655 3026 ia
679 2965 803 3043 pedere
831 2968 943 3040 asaro,
976 2969 1004 3027 et
1032 2966 1152 3045 operuit
1180 2986 1237 3031 nos
1648 2918 1908 2981 PRECATIO·

259 3050 432 3131 mnemiaia
454 3054 571 3123 svestra,
602 3051 751 3128 queniam
778 3068 848 3112 eum
876 3048 1013 3114 Isboeab
1033 3050 1102 3115 Dee
1129 3057 1236 3116 aestro
1374 3069 1431 3136 Da
1470 3070 1659 3151 omnipotens
1680 3068 1771 3135 Deus
1808 3070 1933 3151 quando
1958 3072 1999 3133 ιρι
2022 3054 2182 3149 mm
2207 3068 2279 3132 MS

259 3135 403 3200 scelerate
425 3135 544 3217 opimas
562 3153 616 3196 aas
634 3139 662 3197 et
681 3138 789 3214 patres
806 3134 944 3198 nostrie
961 3136 1102 3214 pueritia
1120 3142 1236 3215 aestro,
1283 3121 1444 3239 Provocat}
1476 3175 1537 3220 aaa
1574 3159 1675 3220 mmet
1707 3118 1864 3220 ,mamus
1896 3159 1925 3218 t,
1955 3152 2120 3219 mmm
2154 3153 2280 3218 mm

259 3221 351 3284 etad
373 3219 454 3316 isaac
476 3219 560 3317 dieat¹
580 3238 694 3298 usque:
723 3224 750 3281 et
779 3238 839 3281 ιιοιι
861 3219 1045 3283 audivimus
1066 3241 1165 3286 vocem
1188 3220 1238 3286 Ie·
1284 3261 1464 3323 provocare,
1495 3260 1533 3305 αθ
1553 3241 1584 3304 ,a
1607 3261 1646 3304 εχ
1661 3241 1805 3324 professo
1826 3240 1883 3305 pipi
1910 3239 2021 3304 penum
2048 3236 2278 3319 mmm,

258 3304 354 3370 Ῐῑθυαθ
376 3305 439 3369 Det
461 3308 568 3369 ΜΝ·
1289 3331 1324 3390 ut
1352 3326 1475 3390 tardem
1501 3325 1656 3391 admoniti
1686 3326 1844 3408 mercalis,
1871 3324 1982 3407 padue
2010 3343 2067 3389 aas
2092 3323 2139 3389 ad
2163 3323 2280 3405 poeai-

445 3476 451 3488 ,
571 3476 578 3488 ,
609 3476 615 3488 ,
691 3477 697 3489 ,
933 3475 940 3487 ,
1165 3478 1171 3492 ‚
1290 3413 1418 3476 entiam
1440 3412 1568 3485 invitas,
1590 3412 1787 3495 corrigamus
1808 3408 1889 3475 bane
1909 3410 2046 3475 adstram
2068 3410 2279 3489 maritatas»,

344 3474 506 3554 Quoniam
548 3475 629 3539 nihil
665 3476 718 3540 hie
752 3494 875 3540 novum
909 3473 1024 3540 dieunt
1056 3475 1236 3554 Israelitae,
1290 3501 1459 3561 amatur,
1480 3497 1707 3576 resipiscamus
1738 3497 1834 3561 Μ,
1855 3515 1913 3561 „03
1933 3493 1991 3560 χῶς
2018 3494 2209 3560 affigam
2240 3494 2279 3558 ᾗ,

258 3560 314 3626 sed
337 3562 530 3624 continuant
553 3561 688 3625 eandem
712 3559 918 3638 seutentiam,
942 3580 1001 3643 ego
1020 3561 1110 3627 volui
1132 3570 1236 3626 totum
1290 3582 1480 3663 opsequium,
1513 3587 1549 3646 ,g
1580 3602 1690 3647 nome„
1708 3547 1805 3645 'guum
1827 3601 1890 3664 per
1919 3600 1976 3645 „03
2000 3579 2214 3663 figimur,
2250 3583 2280 3643 a

258 3647 347 3710 hune
377 3656 565 3709 contextum
601 3647 744 3711 breviter
773 3645 1003 3728 perstringere,
1035 3668 1075 3710 ne
1106 3647 1237 3712 abrum-
1289 3669 1469 3733 Studeamus
1490 3668 1585 3732 egam
1606 3687 1656 3731 ,03
1685 3667 1844 3733 mmm
1869 3666 2012 3732 ,educere
2037 3664 2074 3729 t„
2102 3664 2193 3730 „tam
2220 3684 2278 3729 δα.

258 3750 377 3811 parem.
424 3730 545 3794 Dicant
570 3731 670 3811 igitar
696 3753 728 3795 ee
758 3732 894 3795 iacuisse
922 3732 956 3795 ia
986 3733 1057 3796 sais
1085 3733 1235 3798 miseriis.
1290 3753 1367 3819 lug,
1404 3754 1459 3834 qm·
1484 3753 1551 3817 ram
1577 3754 1722 3818 videntur
1746 3753 1875 3833 perditi,
1906 3756 1941 3816 ,g
1967 3749 2190 3815 mmm
2219 3754 2278 3814 sm,

259 3813 392 3893 Quare?
438 3816 514 3894 qaia
553 3815 668 3879 scilieet
712 3816 856 3880 scelerate
894 3821 1019 3899 sperant
1058 3838 1127 3882 eam
1159 3817 1235 3883 Deo.
1289 3858 1354 3903 333,
1368 3803 1421 3903 'pn
1450 3858 1553 3902 omnes
1578 3845 1690 3919 parte,
1722 3838 1873 3916 amaa,
1904 3841 1996 3919 ,ique
2022 3837 2069 3900 ,aa
2095 3834 2189 3900 sah„
2212 3856 2278 3918 1²⁰⁷

258 3899 419 3963 Videmus
442 3901 560 3981 exponi
584 3898 671 3980 quod
694 3912 770 3963 aute
789 3901 929 3965 confessi
954 3903 1093 3983 fuerant,
1116 3924 1236 3986 nempe
1291 3922 1451 3989 christum
1482 3924 1677 4006 „mengum
1709 3923 1814 4004 filium
1843 3927 1933 3988 guum
1959 3920 2104 4003 quam
2132 3921 2276 4003 effcdam

258 3983 401 4047 laborem
436 3992 565 4062 patrum
607 4006 739 4049 suorum
781 3985 881 4048 fuisse
921 3999 1153 4085 consumptum
1196 3987 1237 4085 ab
1289 4028 1382 4072 suum
1404 4008 1538 4073 obtineat
1559 4009 1594 4072 g„
1615 4009 1735 4073 mm„
1754 4008 1904 4091 misus,
1927 4006 2039 4072 Amen,

258 4088 372 4131 eorum
395 4068 527 4148 pudore,
556 4069 617 4132 hoe
639 4077 697 4144 est,
722 4070 762 4132 ab
792 4089 901 4132 eorum
930 4071 1118 4137 sceleribus.
1162 4073 1236 4137 'Prt-

258 4154 365 4218 buunt
387 4162 495 4215 autem
520 4153 580 4217 sibi
603 4154 688 4236 quod
711 4164 839 4235 poterat
868 4156 1035 4220 transferri
1059 4159 1094 4220 in
1117 4168 1236 4238 patres,

258 4238 412 4321 quoniam
437 4239 581 4301 sciebant
603 4261 638 4305 ee
659 4239 844 4320 iniquitatis
866 4239 1010 4320 ipsorum
1033 4241 1135 4306 fuisse
1160 4243 1235 4307 hae·
1271 4281 1274 4286 -

259 4323 361 4389 redes.
407 4323 571 4387 latuimus
598 4346 679 4406 erpo,
710 4324 873 4406 inquiunt,
908 4324 942 4387 in
971 4326 1094 4405 pudore
1123 4333 1235 4393 nostro.

259 4411 323 4475 Hie
355 4409 497 4473 breviter
531 4410 673 4473 latentur
702 4431 736 4473 se
771 4410 886 4472 merito
920 4429 990 4472 esse
1023 4412 1236 4490 calamitosos,
1583 4402 1720 4473 CAPUT
1749 4403 1972 4485 QUARTUM.

259 4516 320 4560 neo
341 4515 435 4577 posse
457 4493 567 4556 Deum
597 4495 743 4558 accusari
772 4493 938 4569 saevitiae,
967 4497 1122 4575 quoniam
1151 4509 1237 4560 atro·

259 4583 339 4646 citer
361 4582 449 4662 ipsos
472 4580 604 4660 affligat.
652 4578 786 4658 Quare?
834 4579 998 4659 Quoniam,
1028 4581 1160 4656 seilicet,
1190 4582 1237 4645 ia·
1378 4581 1793 4665 easaetenatone,
1819 4583 2132 4669 dicitIebovab,ad
2153 4605 2204 4651 me
2224 4606 2274 4652 re

258 4670 345 4731 cecat
365 4667 401 4728 ia
420 4685 476 4729 sito
491 4664 617 4743 probro,
641 4669 668 4727 et
689 4666 809 4745 operiat
831 4683 881 4729 eos
897 4663 1035 4744 propria
1057 4666 1238 4747 ipnomiaia,
1290 4672 1404 4732 vertere
1428 4666 1494 4751 (vel
1524 4669 1611 4750 apud
1641 4692 1693 4735 me
1722 4671 1876 4755 quiesce),
1906 4676 1934 4737 et
1959 4672 1990 4737 ai
2017 4670 2190 4737 aarum
2217 4672 2273 4736 ab·

258 4752 353 4834 quasi
384 4750 528 4813 dicerent
561 4749 704 4812 residere
735 4750 898 4812 malorum
930 4748 1076 4812 omnium
1106 4771 1238 4815 eausam
1291 4753 1495 4817 ominationee
1521 4758 1593 4817 tuas
1622 4777 1642 4819 a
1668 4758 1853 4837 farisaica,
1882 4762 1910 4822 et
1942 4776 2003 4823 non
2033 4756 2138 4838 faeie
2171 4777 2274 4840 names

259 4837 385 4901 insuia
409 4836 558 4918 peccatis,
583 4855 688 4915 neque
706 4834 782 4897 alibi
802 4831 1022 4915 quaerendam
1044 4855 1130 4899 esse:
1160 4835 1238 4915 Quo·
1264 4850 1266 4857 '
1292 4835 1371 4921 (alii,
1395 4849 1427 4900 et
1449 4858 1515 4901 non
1537 4841 1717 4925 migrabis).

258 4923 356 5000 aiam,
378 4921 542 5002 inquiunt,
565 4919 708 4984 scelerate
729 4920 849 5002 eqimtts
872 4939 927 4982 noe
949 4923 976 4981 et
999 4925 1110 4998 patres
1138 4922 1239 4984 nostri

258 5029 280 5070 a
296 5008 439 5088 puer-itia
461 5011 576 5070 azoara.
622 5005 694 5069 Hae
717 5025 797 5068 voce
821 5005 1063 5086 significantes
1087 5027 1150 5067 non
1174 5026 1240 5068 uno
1377 5005 1451 5069 Non
1489 5006 1624 5073 dubium
1652 5019 1701 5075 est
1728 5013 1804 5093 quin
1836 5013 1995 5098 propheta
2023 5011 2136 5095 exigat
2167 5011 2222 5077 hic
2252 5033 2271 5076 a

261 5103 389 5155 tantum
414 5090 476 5169 die,
499 5091 556 5156 sed
579 5101 645 5155 tem
669 5091 913 5167 eontumeoiter,
937 5098 973 5152 ut
996 5089 1060 5152 iem
1084 5109 1103 5151 a
1125 5089 1239 5169 primis
1292 5092 1411 5174 popule
1429 5091 1589 5157 sincerem
1608 5098 1869 5163 conversionem:
1893 5099 2046 5183 quoniam
2066 5097 2272 5163 simulabant

262 5179 357 5242 annis
379 5176 569 5241 imbiberint
592 5177 797 5258 iniquitatem
818 5185 957 5255 patrum,
982 5183 1018 5237 ut
1037 5174 1161 5238 scilieet
1183 5174 1239 5236 ad·
1292 5197 1327 5240 se
1356 5196 1531 5257 agnoscere
1560 5190 1693 5260 peecata
1722 5203 1789 5263 sua,
1819 5198 1852 5249 et
1881 5184 2003 5250 dabant
2035 5182 2140 5247 multa
2174 5184 2272 5265 signa

262 5261 378 5325 derant
409 5260 495 5325 mala
529 5262 633 5326 malis.
689 5261 853 5324 Dixerant
884 5260 977 5340 prius
1010 5269 1239 5341 consumptum
1293 5261 1547 5342 resipiscentiae:
1569 5265 1695 5330 interca
1717 5269 1959 5336 mentiebantur
1981 5268 2062 5335 Deo.
2101 5267 2271 5349 Quoniam
