4784 5970
197 381 260 446 213
1083 379 1233 447 CAPUT
1255 381 1296 446 1..
2121 384 2187 450 214

197 571 387 655 profligatas
410 580 508 636 emet:
532 571 607 652 quia
624 571 721 636 simul
737 589 812 635 cuin
834 568 938 650 patria
952 567 1072 634 amissa
1092 578 1164 632 orat
1214 569 1336 641 mutuis
1365 588 1492 652 quoque
1519 569 1670 635 caedibus
1708 591 1743 635 se
1781 571 1868 652 ipsos
1904 571 2085 637 conficiant.
2137 572 2185 637 llt

199 656 332 721 libertas
354 667 386 720 et
408 655 507 721 libido
529 657 662 722 victoris
683 677 743 739 pro
765 656 835 720 iure
858 660 937 719 erat.
971 653 1017 717 lbt
1037 653 1163 718 interea
1215 663 1300 719 certa
1322 654 1414 719 Deus
1434 666 1484 720 ost
1506 655 1562 736 qui
1584 655 1670 737 ipsos
1692 657 1760 738 agit
1789 657 1996 738 praecipites,
2026 669 2123 740 atquo
2145 658 2182 722 in

198 743 277 807 haec
298 741 475 807 similitudo
497 741 670 824 diligenter
685 742 828 807 notanda
843 750 907 804 est:
929 737 1013 822 quod
1029 737 1164 804 ecclesia
1214 738 1358 804 furorem
1379 739 1533 822 impellit.
1563 754 1599 805 ut
1621 742 1724 818 viros,
1755 763 1833 823 quas
1857 743 1946 823 prius
1965 753 2181 808 exseruerant

198 828 399 911 opprimatur
416 828 591 910 tyrannide
607 828 790 910 principum
806 838 839 892 et
853 824 998 891 faucibus
1013 823 1164 906 luparum
1214 827 1248 887 in
1272 824 1450 904 ecclesiam,
1473 847 1529 890 eas
1552 827 1585 890 in
1608 847 1643 891 sc
1663 836 1864 904 convertant,
1888 846 1996 892 secum
2017 828 2082 910 ipsi
2104 847 2182 893 con·

198 914 344 994 exposita
366 913 423 977 sit:
446 932 484 978 ac
506 912 720 978 nihilominus
734 909 1077 992 iustaeorumpraeda
1093 929 1164 975 esso
1214 911 1346 994 fligant,
1388 919 1424 974 ut
1457 912 1673 988 Madianitac‚
1708 913 1831 996 sibique
1864 913 2001 978 exitium
2032 914 2185 980 afferant.

198 999 410 1063 existimetur.
455 998 528 1063 Hoc
561 999 689 1081 quidem
724 998 896 1080 indignum
930 1011 993 1060 est:
1027 995 1084 1058 sod
1118 996 1164 1059 ita
1215 993 1353 1060 Samma
1376 1005 1434 1075 est,
1457 997 1558 1061 nullis
1578 997 1723 1062 externis
1744 998 1884 1077 auxiliis,
1906 998 2058 1081 nulloque
2082 1020 2182 1083 appa·

198 1086 327 1150 tractati
351 1091 429 1148 sunt
451 1093 560 1165 patres
581 1085 695 1163 nostri,
724 1104 804 1166 quos
832 1103 937 1164 noque
960 1081 1083 1146 virtute
1106 1102 1162 1145 nc·
1214 1093 1287 1146 ratu
1321 1102 1401 1163 opus
1434 1082 1520 1161 fore,
1555 1103 1653 1165 quum
1683 1082 1773 1148 Deus
1807 1092 1953 1149 evertere
1985 1095 2019 1149 et
2049 1085 2185 1167 perdere

198 1190 260 1253 que
291 1169 451 1253 dignitate
489 1168 723 1251 praecellimus.
771 1167 838 1234 Sed
867 1181 1032 1249 utcunque
1060 1167 1163 1231 iustos
1215 1167 1301 1230 volet
1324 1166 1491 1249 reprobos:
1514 1169 1589 1250 quia
1608 1169 1768 1252 vertigine
1786 1169 1826 1234 ab
1844 1191 1882 1233 eo
1902 1169 2047 1251 percussi
2069 1179 2184 1236 mutuo

198 1277 233 1320 so
254 1254 402 1320 dominos
424 1274 495 1319 esse
518 1255 649 1338 iactent,
679 1266 712 1319 et
740 1256 830 1319 inani
855 1252 951 1318 titulo
973 1251 1163 1334 glorientur,
1214 1252 1368 1316 conflictu
1390 1273 1425 1318 so
1447 1255 1629 1330 absumerit,
1651 1253 1730 1319 dum
1748 1254 1938 1337 inexplebili
1961 1256 2051 1320 rabia
2071 1256 2127 1320 alii
2150 1257 2186 1321 in

198 1342 359 1406 Dominus
381 1360 435 1405 eos
457 1340 636 1421 praedones
658 1340 879 1422 iniquissimos
909 1357 980 1402 esse
1010 1337 1162 1414 declarat,
1216 1337 1296 1402 alios
1317 1338 1473 1402 ferentur.

197 1446 296 1508 quum
319 1447 353 1491 ⁸0
384 1424 546 1524 Vlfldlfflln
575 1425 660 1525 tore,
689 1438 787 1509 alq¹¹⁰
816 1427 857 1525 ll?
885 1421 1038 1522 medam
1068 1443 1162 1520 ΒΨ
1300 1446 1357 1532 (Ει
1376 1449 1449 1514 sciet
1470 1452 1570 1514 munis
1591 1469 1669 1515 earo.
1720 1450 1854 1534 Repetit
1875 1451 2070 1518 sententiam
2092 1450 2183 1516 illam

197 1520 386 1595 erepturum
409 1530 479 1575 esse
501 1513 673 1592 significat.
712 1512 780 1577 Nec
802 1532 891 1576 enim
913 1517 999 1573 insta
1021 1507 1164 1573 dominia
1215 1553 1310 1615 quam
1345 1535 1435 1617 prius
1467 1535 1627 1601 vidimus:
1659 1451 1807 1601 dutum
1841 1536 1979 1614 sonim,
2022 1545 2059 1601 ut
2092 1535 2184 1602 Dm,s

197 1605 314 1696 §ttssflli
334 1596 435 1661 Dffllfl·
481 1595 575 1696 ΠΡᾶθ
597 1606 761 1678 ⁸0t¹¹¹l1¹fi
791 1596 1044 1661 d⁰m¹¹1⁸l¹⁰⁰⁰m
1059 1613 1164 1692 ΗΜ
1214 1617 1347 1685 Israelis
1370 1640 1468 1685 verus
1489 1630 1523 1684 et
1541 1622 1656 1686 unicus
1673 1621 1766 1687 Deus
1788 1622 1828 1686 ab
1852 1623 2003 1687 omnibus
2025 1641 2184 1703 agnosca·

197 1705 230 1748 1¹1
263 1681 418 1781 P⁰P¹¹l¹¹¹J¹
451 1682 515 1747 Del
547 1691 760 1764 0⁰⁰¹¹P²¹¹¹¹¹b
795 1703 920 1746 mesum
954 1679 1163 1744 ¹³l¹⁰⁰¹¹¹¹¹¹m
1216 1715 1284 1784 tur,
1315 1706 1399 1787 quod
1432 1726 1508 1770 euos
1529 1707 1569 1770 ab
1592 1706 1726 1771 interitu
1748 1707 1932 1772 vindicarit.
1976 1707 2073 1773 Hanc
2094 1709 2184 1772 enim

197 1791 234 1833 ⁸⁰
267 1766 472 1865 lymnnldffln
505 1766 681 1866 Wlfflin.
708 1788 787 1833 ⁰⁸⁸⁰·
838 1767 908 1833 N⁰⁰
941 1785 1017 1831 ΜΟ
1051 1784 1163 1862 mium
1215 1791 1477 1873 approbationem
1501 1790 1682 1857 divinitatis
1703 1811 1780 1857 suae
1798 1813 1868 1858 esse
1887 1792 1999 1871 voluit,
2022 1791 2108 1876 quod
2130 1813 2183 1857 re·

197 1873 296 1953 arma,
329 1872 450 1950 copiae,
483 1862 542 1918 aut
563 1862 762 1950 munitiones
784 1853 963 1951 obstabunt
989 1869 1163 1949 qu⁰m1¹1¹¹⁸
1215 1874 1365 1958 demptor
1387 1896 1424 1941 ac
1454 1885 1600 1942 servator
1629 1878 1740 1960 populi
1768 1880 1819 1943 sui
1846 1878 1953 1961 palam
1982 1880 2182 1961 apparuerit.

196 1950 351 2003 1¹¹¹¹¹⁸l³m
380 1958 428 2002 0¹⁸
455 1959 691 2020 P⁰⁸⁸⁰⁸⁸¹⁰¹10m
719 1940 882 2004 D⁰ffl¹¹¹l¹⁸
919 1948 1044 2018 ⁰¹¹¹P¹³l·
1094 1934 1163 1999 N⁰⁰
1213 1961 1341 2026 Nomen
1364 1961 1459 2028 Iacob
1480 1963 1629 2027 nonnulli
1658 1965 1692 2028 in
1722 1965 1871 2029 vocativo
1897 1963 2027 2047 legunt:
2056 1983 2118 2045 ego
2147 1967 2183 2028 in

197 2025 300 2089 solum
323 2024 363 2087 ad
386 2028 538 2089 externos
561 2024 671 2088 hostes
693 2035 726 2088 et
752 2037 909 2106 tyrannos
938 2023 1080 2105 pertinet
1100 2022 1164 2085 ista
1213 2047 1368 2129 genitivo·
1412 2048 1573 2113 Dominus
1595 2049 1683 2113 onim
1705 2069 1739 2114 ,0
1762 2058 1973 2130 servatorem,
1997 2049 2184 2131 redempto,

196 2110 374 2208 PiPmlPQlQ
396 2108 453 2206 SPd
470 2110 569 2207 Pllssm
590 2109 635 2207 id,
649 2109 857 2208 llfflnflldflffl
876 2108 1034 2205 Sfflfflfl‘
1058 2128 1076 2170 θ
1099 2126 1163 2187 (1¹¹⁸
1214 2130 1338 2197 rem'et
1360 2133 1478 2198 fortem
1504 2133 1635 2200 Israelis
1657 2155 1728 2199 osse
1750 2142 1898 2212 testatur,
1923 2134 2011 2200 utin
2030 2135 2101 2201 eius
2120 2134 2184 2200 fide

197 2193 337 2259 mirabili
361 2195 424 2258 Dei
446 2203 567 2259 virtute
589 2215 756 2276 eripimur.
800 2195 924 2277 Magna
952 2193 1083 2276 quidem
1113 2202 1163 2256 est
1214 2227 1247 2282 et
1269 2219 1370 2283 tutela
1392 2228 1460 2283 „oto
1482 2220 1590 2285 ,mimo
1612 2221 1828 2303 conquiescat·

196 2280 341 2362 potentia
372 2279 555 2362 praeditus:
588 2280 644 2344 scd
675 2279 838 2345 Dominus
870 2280 968 2364 longe
1000 2277 1163 2361 potentior

197 2386 287 2430 arma
309 2366 378 2430 eius
398 2374 432 2429 et
453 2364 615 2448 praesidia
637 2363 747 2444 diruit,
776 2378 812 2429 ut
835 2385 892 2430 nos
913 2366 947 2429 in
978 2364 1162 2429 libertatem

194 2451 349 2515 vindicet.
382 2448 419 2515 Si
442 2471 519 2533 orgo
541 2449 602 2515 hac
624 2451 658 2513 in
677 2462 768 2532 parte
780 2451 843 2516 Dei
861 2451 1024 2515 virtutem¹
1035 2448 1163 2530 experti

196 2557 318 2610 sumus,
342 2535 447 2600 multo
469 2537 573 2618 magis
595 2535 755 2600 confidere
778 2557 917 2619 aequum
940 2547 1007 2616 est,
1037 2543 1161 2600 certum

196 2622 289 2687 nobis
322 2622 527 2686 liberatorem
563 2622 648 2696 fora,
680 2622 804 2702 quoties
836 2620 972 2703 indigna
1004 2619 1161 2684 servitute

196 2709 341 2789 oppressi
371 2706 430 2770 sub
460 2704 595 2787 pedibus
628 2706 772 2770 hostium
803 2707 988 2772 iacebimus.
1032 2704 1097 2771 Ubi
1127 2725 1162 2767 sc
1560 2664 1752 2746 CAPUT
1782 2666 1828 2745 L·

197 2792 401 2875 litigaturum
425 2790 593 2856 denuntiat
622 2799 736 2856 nostra
761 2810 874 2869 causa,
904 2792 1046 2872 primum
1069 2809 1162 2854 revo-

197 2889 250 2943 cat
270 2899 328 2941 nos
352 2876 391 2940 ad
420 2876 710 2940 considerationem
734 2876 864 2941 virtutis
897 2897 991 2953 suae,
1021 2895 1063 2939 ne
1093 2894 1162 2939 ram
1302 2878 1329 2941 1.
1365 2875 1419 2942 Sic
1450 2876 1525 2941 dicit
1557 2876 1684 2956 Ieticca,
1722 2875 1785 2942 Ubi
1817 2875 1940 2942 libellus
1971 2877 2027 2941 iste
2058 2878 2185 2960 repudii

119 3029 122 3033 ,
198 2962 238 3027 ab
260 2962 405 3026 humana
426 2964 551 3026 ratione
574 2961 626 3025 vel
648 2983 688 3026 ox
707 2960 876 3026 hominum
899 2961 1044 3044 potentia
1065 2960 1164 3025 aesti-
1214 2961 1325 3026 matris
1346 2967 1474 3042 cestrae,
1496 2982 1589 3043 quam
1605 2962 1797 3043 repudiavi?
1820 2967 1876 3027 aut
1896 2962 1968 3043 quis
1985 2962 2115 3026 creditor
2131 2964 2184 3028 cui

198 3069 331 3114 memus.
375 3046 450 3111 Non
469 3057 518 3110 est
539 3047 639 3129 igitur
658 3046 870 3128 spectandum
895 3046 972 3130 quid
994 3046 1163 3129 possimus,
1214 3045 1340 3112 acudidi
1371 3047 1448 3111 aas?
1482 3046 1562 3112 Ecce
1589 3053 1717 3128 propter
1749 3048 1930 3129 iuuabatcs
1961 3052 2078 3113 cubas
2110 3050 2186 3114 estis

199 3149 256 3198 aut
277 3153 358 3215 quac
381 3131 471 3197 nobis
494 3144 622 3212 praesto
644 3133 713 3197 sint
727 3132 880 3212 subsidia,
903 3132 959 3197 sod
983 3142 1087 3196 totuin
1110 3152 1164 3194 ne·
1214 3133 1350 3198 cruditi:
1377 3138 1407 3197 et
1426 3138 1558 3214 propter
1585 3134 1845 3216 trauspressioues
1873 3138 1992 3199 uestras
2019 3135 2185 3214 repudiata

199 3220 322 3302 gotium
345 3219 407 3281 Dei
431 3219 529 3282 unius
551 3217 684 3282 arbitrio
706 3219 907 3283 committere
936 3226 1080 3299 oportet,
1107 3216 1164 3298 qui
1215 3223 1260 3282 est
1280 3223 1378 3282 mater
1399 3224 1509 3283 cestra
1555 3220 1584 3283 2.
1610 3216 1675 3284 &rr
1695 3220 1773 3301 aeui,
1796 3225 1825 3284 et
1846 3238 1934 3283 uemc
1956 3220 2113 3284 auara?
2136 3240 2186 3285 aa

199 3327 258 3369 nos
281 3305 364 3368 tueri
386 3325 424 3369 ac
447 3302 618 3368 defendere
646 3301 817 3386 dignatur:
848 3303 965 3369 deinde
994 3305 1166 3385 profitetur
1215 3304 1293 3383 cavi,
1319 3309 1347 3369 et
1368 3323 1455 3368 ueruo
1476 3302 1662 3385 respoudit?
1685 3305 1742 3368 Au
1764 3304 1968 3370 abbreviaudc
1992 3304 2185 3370 αόὒνευιῗαυιι

199 3412 233 3456 se
261 3390 411 3454 idoneum
442 3389 510 3453 fore
538 3403 708 3470 patronum
738 3390 792 3471 qui
823 3390 964 3454 hostium
993 3388 1164 3454 calumniis
1216 3409 1249 3454 se
1269 3409 1386 3471 awaus
1404 3409 1482 3468 maa,
1508 3395 1542 3455 ut
1563 3410 1624 3455 uou
1644 3389 1804 3455 redimat?
1835 3410 1939 3454 aurion
1959 3390 1995 3453 iu
2015 3409 2063 3454 me
2084 3390 2185 3454 cutus

200 3474 399 3555 respondeat.
446 3474 599 3538 Diximus
619 3475 707 3539 enim
730 3475 825 3556 paulo
847 3488 922 3540 ante
952 3475 1069 3556 impios
1098 3495 1164 3538 non
1218 3476 1260 3540 ad
1281 3475 1501 3540 tiberaudum?
1530 3474 1608 3540 Eece
1629 3476 1838 3558 increpatione
1859 3496 1927 3538 mea
1948 3474 2064 3539 uacca
2085 3494 2188 3538 mure:

201 3574 326 3624 tantuin
349 3559 505 3623 violentia
527 3569 561 3622 et
582 3560 773 3623 crudelitate
795 3560 904 3623 efferri
926 3573 1040 3626 eontra
1065 3558 1165 3624 ecolo-
1213 3580 1295 3640 pauo
1313 3561 1448 3638 flumina
1468 3561 1504 3623 iu
1524 3561 1686 3637 desertum,
1709 3565 1744 3623 ut
1760 3565 1942 3640 putrescant
1958 3561 2062 3639 pisces
2082 3579 2189 3624 eorum

200 3648 292 3722 siam,
314 3644 369 3709 sed
392 3643 471 3708 falsa
495 3645 629 3709 infamia
651 3666 722 3708 cain
745 3665 893 3727 gravare,
921 3664 958 3709 ac
987 3645 1015 3708 si
1038 3645 1109 3709 iure
1130 3645 1166 3707 in
1213 3645 1431 3726 praedotata
1452 3665 1564 3725 aquae,
1593 3649 1620 3708 ct
1641 3645 1821 3708 moriautur
1841 3645 1904 3708 siti.
1947 3644 1978 3710 3.
2001 3644 2106 3710 Iuduc
2126 3665 2190 3710 cce·

200 3751 272 3794 cam
294 3729 469 3793 saevirent.
505 3729 583 3794 Ideo
606 3731 794 3811 plusquam
818 3730 1001 3795 necessaria
1017 3740 1066 3794 est
1088 3729 1168 3794 hacc
1218 3731 1266 3794 los
1285 3730 1426 3812 wlipiue,
1449 3730 1587 3811 etpuasi
1604 3749 1819 3811 saccumpcuo
1835 3731 2056 3811 operirueuttuu
2073 3749 2188 3796 eorum.

200 3814 393 3886 consolatio,
422 3815 530 3880 Deum
563 3815 632 3879 tore
660 3815 865 3880 innocentiae
898 3825 1027 3880 nostrae
1062 3814 1167 3879 vindi·
1218 3815 1249 3879 4.
1278 3816 1435 3880 Dcruiuus
1463 3814 1577 3879 Iclioaa
1604 3815 1688 3880 dedit
1714 3815 1792 3879 milii
1820 3815 1959 3899 tiupuam
1986 3817 2188 3896 eruditorum,

200 3922 279 3975 cem,
303 3900 358 3982 qui
380 3900 496 3964 inanes
525 3920 638 3964 omnes
661 3912 866 3983 praetextus,
896 3901 981 3965 unde
1010 3901 1168 3981 improbis
1218 3901 1370 3966 utseiuu
1396 3900 1480 3965 tasso
1508 3898 1635 3964 uerburu
1661 3901 1860 3980 intempore.
1903 3899 2063 3966 Excitabat
2087 3922 2189 3978 marte,

200 3986 304 4050 maior
326 3984 442 4050 crescit
464 3985 599 4050 audacia
621 3997 653 4048 et
676 3987 801 4065 ferocia,
823 4006 882 4050 suo
901 3986 1080 4069 patrocinio
1102 3985 1167 4049 dis·
1219 4007 1309 4051 marte
1329 3986 1470 4050 acuatu
1491 3984 1572 4050 milii
1592 4006 1718 4065 aaran,
1748 3992 1784 4051 ut
1813 3986 1960 4063 audiam,
1989 3987 2071 4052 sicut
2097 3987 2187 4053 docti.

201 4072 311 4136 cutiet.
356 4069 574 4150 Quamobrem
610 4072 725 4134 iterum
762 4073 896 4154 repetit,
934 4093 986 4156 epo
1022 4072 1167 4136 servabo.
1220 4072 1249 4136 5.
1277 4071 1433 4136 Dorulaus
1456 4069 1572 4135 Icttoua
1588 4072 1713 4150 aperuit
1741 4070 1820 4135 mibi
1849 4076 2024 4151 aurem,at
2053 4091 2107 4155 epo
2129 4093 2191 4138 uou

202 4158 325 4239 Magna
346 4176 423 4221 vero
447 4155 487 4219 ad
509 4176 566 4220 nos
585 4155 761 4220 consolatio
785 4155 876 4235 redit,
900 4178 1000 4240 quum
1016 4157 1169 4239 intelligi·
1218 4159 1270 4238 fui
1290 4156 1426 4222 rebellia:
1454 4161 1623 4222 retrorsum
1644 4177 1704 4220 uou
1725 4177 1868 4222 reseratis
1889 4177 1969 4222 euru.
2013 4157 2043 4222 6.
2068 4156 2189 4238 Corpus

202 4263 274 4306 mus
302 4262 360 4306 nos
389 4252 455 4305 tam
485 4251 574 4307 arcto
602 4240 730 4305 foedere
766 4262 840 4307 cum
875 4244 944 4324 ipso
980 4243 1168 4307 coniunctos
1219 4261 1322 4307 mcum
1336 4242 1465 4323 exposui
1473 4242 1722 4322 percutientibus,
1741 4248 1770 4306 et
1785 4262 1880 4325 peuas
1896 4262 1982 4308 meas
1996 4242 2191 4308 veturitibraa:

204 4349 273 4391 esse
296 4339 333 4391 ut
355 4348 425 4392 sese
447 4336 587 4408 opponat
615 4327 766 4391 omnibus
796 4329 849 4407 qui
879 4327 1048 4394 nobiscum
1078 4329 1169 4392 litem
1219 4327 1335 4410 faeiem
1359 4347 1459 4391 aream
1486 4348 1547 4392 uou
1576 4328 1720 4393 abscoudi
1752 4327 1792 4392 ab
1822 4328 1999 4410 ipuoruiuic
2030 4333 2058 4393 et
2089 4332 2190 4407 spreto.

204 4413 406 4493 suscipiunt:
429 4412 599 4477 benedicat
619 4413 660 4476 iis
682 4411 736 4493 qui
759 4412 963 4493 benedicunt,
986 4434 1023 4480 ac
1045 4425 1169 4490 contra,
1223 4415 1251 4478 7.
1277 4412 1363 4478 Nam
1374 4413 1533 4478 Doruiuus
1546 4412 1661 4479 Ieboca
1681 4414 1890 4479 auxiliabitur
1910 4413 2005 4479 milii:
2019 4418 2190 4495 propterea

204 4496 375 4561 maledicat
406 4498 447 4560 iis
480 4499 535 4579 qiii
568 4495 780 4562 maledicunt:
812 4497 950 4579 deniqne
978 4521 1013 4563 se
1042 4500 1168 4564 hostem
1221 4519 1283 4564 uou
1303 4519 1374 4563 suru
1389 4499 1593 4581 pudefactus,
1622 4499 1690 4564 ideo
1712 4499 1810 4578 posui
1833 4499 1946 4579 faciem
1967 4519 2067 4564 meam
2095 4498 2191 4580 quasi

204 4582 347 4647 hostium
370 4594 556 4647 nostrorum
586 4605 656 4649 esse
677 4590 825 4647 testetur.
868 4583 957 4649 Hinc
985 4585 1084 4650 etiam
1112 4605 1169 4649 no·
1221 4584 1346 4662 adicem,
1369 4589 1396 4648 et
1416 4584 1481 4649 scio
1503 4585 1585 4665 quod
1605 4604 1666 4648 ucu
1686 4584 1870 4666 wafaudar.
1904 4583 1934 4649 8.
1949 4583 2052 4666 Prope
2069 4589 2113 4649 est
2134 4583 2191 4665 qui

204 4667 342 4731 tandum
365 4679 415 4730 est
434 4687 513 4748 opus
537 4667 716 4733 humanum
735 4688 800 4733 non
818 4690 897 4747 esse,
919 4669 1004 4751 quod
1027 4671 1170 4735 restitui·
1222 4690 1269 4735 me
1289 4669 1445 4749 iustificat,
1474 4671 1546 4751 puis
1573 4670 1726 4735 coutcudet
1753 4669 1900 4736 meum?
1932 4668 2055 4734 Stemus
2081 4668 2194 4734 simut:

205 4774 280 4817 mur
302 4751 335 4815 in
358 4751 538 4816 libertatem
561 4767 593 4817 et
615 4754 733 4834 vitain,
763 4754 848 4837 quod
870 4775 934 4818 non
957 4756 1172 4839 opprimimur
1222 4756 1293 4837 puis
1309 4755 1515 4820 uisscias
1525 4774 1638 4819 causac
1648 4756 1758 4819 meae?
1774 4756 1896 4821 aoeemt
1911 4755 1955 4820 ad
1971 4774 2031 4820 ute.
2058 4754 2088 4819 9.
2102 4753 2192 4837 Eece,

206 4839 245 4902 ab
268 4837 430 4902 hostibus:
454 4836 593 4919 denique
615 4839 700 4922 quod
718 4863 831 4907 sumus
848 4839 940 4919 salvi,
963 4844 1098 4922 nequis
1120 4844 1171 4906 in·
1222 4840 1380 4905 Domiuus
1403 4840 1516 4905 Ielicca
1536 4839 1746 4905 auxiliabitur
1774 4841 1868 4920 milii,
1898 4840 1970 4921 quie
1995 4846 2039 4905 est
2063 4840 2119 4921 qui
2144 4860 2193 4906 me

206 4923 348 4988 dustriae
370 4943 449 4989 suae
467 4935 597 5005 arroget
615 4926 700 5008 quod
715 4926 809 4991 Deus
827 4940 982 5008 tanquam
1005 4928 1170 5011 singulare
1222 4925 1420 4991 aramue
1439 4925 1518 4991 Ecce
1535 4944 1639 4990 orarias
1655 4927 1748 5007 quasi
1763 4928 1976 4993 uestimentum
1992 4930 2196 4992 veterasceret:

209 5008 398 5074 bencficium
421 5028 440 5072 a
462 5030 497 5074 se
520 5030 584 5073 uno
606 5013 729 5093 sperari
751 5014 851 5078 iubet.
1222 5012 1306 5076 tiueu
1326 5011 1457 5078 amaa
1478 5030 1538 5076 ecs.
1576 5011 1626 5078 10.
1649 5012 1726 5092 Quis
1747 5013 1783 5077 iu
1804 5012 1887 5077 uobis
1908 5016 1953 5075 est
1973 5011 2083 5076 bueus
2105 5010 2193 5077 Ietic-

290 5094 342 5160 26.
375 5093 433 5180 (Et
451 5114 582 5177 pascam
602 5095 782 5177 cpdiatores
810 5098 902 5184 tuce.)
945 5098 1094 5163 Primum
1117 5097 1171 5163 de·
1223 5097 1318 5161 uem?
1349 5097 1460 5163 ardut
1492 5116 1592 5162 vocem
1625 5099 1708 5163 scria
1739 5099 1816 5164 eius.
1863 5097 1924 5178 Qui
1956 5096 2126 5163 maurit
2158 5097 2195 5162 iu

207 5179 307 5245 clarat
329 5180 434 5263 qualis
457 5181 567 5246 hostes
589 5180 741 5248 ecclesiae
764 5195 894 5248 maneat
915 5184 1037 5249 exitas:
1060 5205 1098 5250 ao
1120 5183 1172 5247 dc·
1223 5181 1373 5263 tenebris,
1401 5181 1505 5264 etqui
1534 5184 1638 5248 caruit
1665 5183 1745 5262 tuce,
1778 5182 1910 5263 confidat
1938 5182 1974 5246 iu
1999 5183 2122 5249 uomiua
2143 5181 2194 5250 Ie-

208 5267 337 5331 nuntiat
362 5268 525 5348 futurum,
557 5280 594 5330 iit
622 5268 744 5333 mdtuis
772 5269 857 5334 inter
886 5289 922 5335 se
944 5270 1026 5335 odiis
1047 5267 1173 5336 moenai
1224 5268 1333 5350 boam,
1367 5267 1575 5334 atiuuitatur
1603 5267 1672 5334 Dec
1701 5289 1767 5335 sao.
1820 5268 1869 5335 11.
1904 5267 1984 5333 Eece
2010 5288 2064 5336 aas
2091 5287 2196 5335 omues

1940 5369 1991 5423 14·
