4784 5970
187 348 252 415 243
1064 348 1114 414 ΙΝ
1137 346 1302 416 Istlatt
2116 346 2179 411 244

190 536 223 604 9.
259 535 417 618 ὶαιᾶιιι,
450 535 601 602 nudate
617 537 742 618 pariter
769 535 951 604 solitudines
973 533 1162 601 Ientealem:
1211 531 1358 619 Vulgare
1379 535 1450 612 luit,
1472 532 1714 601 inairaumaisos
1737 533 1844 598 vaaari
1863 552 1980 599 omues
2001 532 2061 616 qui
2082 531 2176 599 alieni

193 622 348 706 quoniam
369 622 543 687 consolatus
564 627 608 687 est
629 620 743 687 lebona
769 621 918 703 munt
939 640 1049 704 num,
1077 619 1161 686 rede·
1213 630 1306 684 erant
1328 620 1369 685 ab
1390 620 1658 717 aeolesiatauius
1679 617 1862 703 symbolum
1877 617 2177 718 eratairaumaisio,

194 711 253 775 mit
276 705 459 774 Ierusalem.
495 708 545 772 10.
570 707 714 772 Nudavit
735 705 850 773 lebeus
870 705 1030 773 namon
1049 706 1164 772 sancti·
1212 726 1276 787 qua
1309 726 1422 772 omues
1454 705 1500 788 pii
1531 704 1752 788 signabantur.
1810 703 1878 770 Sed
1910 723 1986 787 quta
2015 705 2176 786 permulta,

193 793 268 858 tatis
288 811 365 857 suae
385 812 490 859 coram
512 792 608 860 uulis
630 793 769 857 omnium
788 793 942 875 pestium:
975 796 1003 857 et
1023 791 1165 856 videbunt
1214 792 1362 873 quamvis
1383 791 1445 856 hae
1464 789 1601 856 laedens
1624 799 1700 854 uota
1726 789 1891 873 insigniti,
1923 789 2076 855 meliores
2107 789 2176 855 aliis

195 877 400 977 onmsfines
420 883 521 978 urnae
540 877 672 976 salutem
693 876 757 943 Dei
777 879 888 944 nostri
923 878 984 976 11..
997 876 1163 976 Disceditc,
1214 896 1280 975 nan
1302 886 1413 1027 egat:
1436 887 1629 1026 utNomnem
1646 872 1881 974 dubitationem
1896 875 2033 951 tollent,
2057 874 2177 1025 addiffi

194 963 1166 1131 tttttttntttttttttlt“lttltttt
1214 981 1418 1129 {mitt
1432 1047 1468 1110 t.
1489 969 2177 1130 tt.ttttt⁰¹tt¹⁸.ttt„tissa

197 1135 250 1198 12.
276 1133 429 1214 moniam
446 1153 509 1200 non
525 1134 757 1216 infestinatione
773 1133 904 1210 exibitis,
921 1152 1017 1215 nune
1033 1133 1068 1197 in
1084 1132 1166 1214 fuya
1215 1144 1252 1197 ut
1272 1133 1377 1215 iuquit
1398 1131 1521 1197 Paulus
1542 1128 1630 1217 [Gal.
1646 1131 1676 1208 5,
1692 1131 1712 1195 6
1718 1153 1726 1209 ;
1748 1130 1843 1196 Rom
1862 1131 1892 1206 2,
1908 1128 1977 1219 25])
1999 1141 2177 1213 reputatur.

198 1221 259 1285 crit
287 1221 349 1283 t'ter
375 1217 476 1284 nobis:
506 1219 753 1301 qnandoquidem
775 1220 938 1301 praecedet
966 1238 1020 1284 aas
1041 1217 1165 1296 lebona,
1216 1217 1350 1283 Talibus
1383 1238 1460 1300 ergo
1489 1238 1552 1282 nau
1582 1217 1649 1280 lare
1678 1217 1817 1298 amplius
1844 1217 1880 1281 in
1908 1216 2047 1282 ecelesia
2075 1216 2178 1282 laeum

195 1305 441 1388 etcouqrepabit
461 1324 515 1370 vos
535 1303 625 1369 Deus
648 1303 762 1370 lsrael.
808 1304 858 1368 13.
882 1304 961 1369 Ecce
978 1322 1166 1385 prospuum
1215 1304 1395 1386 signifieat:
1428 1312 1465 1368 ut
1494 1300 1631 1368 sublatis
1658 1300 1851 1384 corruptelis
1880 1308 1914 1366 et
1942 1302 2096 1367 restituta
2117 1301 2177 1367 Dei

196 1409 371 1457 necessum
392 1389 511 1455 babebit
532 1410 640 1455 sertus
654 1410 751 1469 meus,
773 1389 969 1466 eruuntur,
991 1388 1166 1471 elevabitur,
1216 1389 1308 1454 aultu
1329 1389 1519 1471 plenissimo
1541 1386 1660 1470 gaudio
1682 1388 1878 1468 perfruatur.
1920 1385 2119 1469 Quanquam
2140 1388 2177 1452 ad

121 1484 126 1494 '
198 1481 227 1541 et
248 1474 337 1540 ualde
358 1475 504 1542 sublimis
526 1477 593 1539 erit.
642 1475 692 1539 14.
719 1475 980 1556 Quemadmodum
1008 1473 1167 1554 obstupne·
1216 1474 1326 1539 hostes
1348 1483 1478 1539 exteros
1499 1473 1661 1570 restringi·
1675 1493 1739 1536 non
1762 1471 1928 1554 displicet,
1957 1492 2041 1554 quas
2063 1471 2178 1538 odiosis

197 1565 273 1625 runt
293 1579 388 1642 super
409 1561 552 1638 damulti,
574 1561 649 1626 adeo
667 1561 840 1642 deformata
854 1560 918 1643 fuit
935 1559 973 1623 ab
990 1558 1168 1624 bominibus
1217 1559 1404 1625 nominibus
1425 1558 1577 1641 appellat,
1598 1568 1637 1622 ut
1652 1577 1724 1639 rpsa
1738 1577 1861 1639 poenae
1875 1561 2028 1623 attonitas
2044 1556 2177 1623 ludaeos

199 1646 315 1728 specim
336 1647 413 1725 uns,
440 1653 468 1710 et
488 1647 592 1727 suma
613 1648 681 1710 eius
703 1669 724 1711 a
743 1646 822 1726 filiis
844 1645 1017 1710 lominum:
1039 1644 1089 1708 15.
1114 1642 1168 1708 ste
1217 1645 1482 1711 commonefaciat
1503 1643 1543 1708 de
1564 1641 1721 1707 scelerum
1744 1662 1878 1708 suorum
1899 1643 2072 1727 gravitate.

200 1736 339 1814 asperqet
358 1736 461 1814 pentes
481 1731 614 1795 multas:
644 1751 739 1812 super
759 1751 829 1795 eum
850 1751 939 1814 repes
965 1730 1107 1797 claudent
1134 1749 1168 1794 os
1301 1730 1332 1794 2.
1354 1727 1512 1814 (noua.)
1555 1729 1795 1793 [liberationem
1818 1727 1972 1794 ecelesiae
1998 1727 2104 1793 insius
2124 1749 2176 1793 ex·

199 1817 525 1966 aeu?:dquiadqu
546 1817 738 1967 nou'gyfueffl
753 1817 848 1967 laeuis
875 1821 1054 1966 ncttrratum,
1084 1815 1167 1879 oide-
1218 1814 1328 1964 Ροέιὶιι,
1357 1836 1395 1879 aa
1411 1835 1473 1962 tper
1504 1814 1734 1961 hylpatyposim
1762 1813 1913 1878 illustrat.
1958 1811 2176 1962 Qundtip'sam

283 1926 292 1965 .·
913 1952 921 1967 .
1601 1919 1685 1976 rm,
1812 1919 1829 1961 r
1949 1919 1971 1962 n
2104 1919 2178 1962 rme

241 1922 261 1965 ’¹
362 1921 423 1982 Μ
467 1922 568 1968 '²⁰”“
613 1922 679 1966 ‘²⁶⁷⁶‘
830 1922 898 1986 ‘⁹⁶²'
1217 1921 1292 2052 lt
1312 1919 1598 2050 ttttttlt
1612 1919 1754 2048 ludi
1771 1919 2089 2066 tlttfflttttt
2110 2004 2177 2049 aa

1218 2083 1255 2135 ut
1276 2092 1358 2150 eam,
1380 2069 1436 2135 ubi
1459 2072 1565 2134 visum
1589 2071 1660 2150 erit,
1682 2087 1924 2150 consequamur.
1965 2069 2074 2135 Unius
2094 2070 2177 2134 enim

522 2147 572 2213 IN
593 2148 744 2215 CAPUT
765 2149 843 2214 LII.
1217 2154 1280 2221 Dei
1302 2168 1352 2222 est
1374 2155 1520 2220 attollere
1539 2175 1598 2218 nos
1620 2176 1637 2218 e
1659 2154 1803 2235 pulvere.
1826 2154 1952 2238 erigere
1972 2156 2128 2230 intentes,
2148 2168 2178 2219 et

287 2303 303 2364 1
432 2301 438 2314 .
862 2303 868 2316 ,
1069 2301 1076 2314 ,
1218 2241 1360 2306 vinculis
1382 2227 1529 2322 abruptis'
1550 2239 1600 2305 vel
1621 2239 1736 2337 solutis
1755 2239 1920 2304 vindicare
1935 2239 1970 2303 in
1985 2239 2177 2304 libertatem.

308 2349 316 2364 ·
341 2300 527 2386 (Effare-l
559 2301 739 2367 0⁰¹¹fl¹m⁸l
761 2322 959 2385 ⁸⁰P⁰f¹⁰¹⁰m
976 2301 1166 2379 ‘balmam’
1218 2325 1286 2392 Our
1309 2346 1386 2409 erga
1409 2327 1511 2390 utitur
1537 2326 1738 2406 imperatris
1756 2325 1943 2422 propheta,
1971 2325 2104 2407 quanda
2125 2327 2179 2389 mi·

203 2397 240 2451 ut
263 2387 419 2469 populum
442 2388 546 2470 magis
569 2388 717 2486 excitet,
733 2387 788 2469 qui
810 2388 971 2486 maestitia
992 2397 1026 2451 et
1047 2406 1167 2484 angore
1219 2413 1307 2476 nim,
1340 2420 1594 2477 consentaneum
1631 2422 1680 2475 0„
1711 2430 1799 2491 eng,
1835 2409 1922 2492 quod
1954 2409 2086 2474 offioero
2116 2431 2177 2474 m„

202 2491 378 2554 oppressus
410 2481 490 2536 erat.
543 2471 634 2537 Haeo
667 2493 753 2537 surm
786 2471 879 2537 velut
910 2471 1059 2538 stimulos
1092 2470 1166 2535 addi
1219 2495 1411 2580 possumus?
1454 2493 1664 2576 Responde,
1697 2495 1832 2559 ,mum
1865 2495 2048 2577 impomdq
2081 2495 2179 2560 may„

200 2578 333 2625 neeesse
356 2557 433 2636 fuit,
458 2578 521 2638 qua
543 2557 648 2640 magis
671 2557 816 2623 doctrina
837 2559 871 2621 in
894 2559 1019 2622 animos
1032 2557 1167 2655 sopitos
1218 2581 1293 2665 plu,
1317 2582 1476 2647 effimjae
1498 2579 1618 2645 haber,
1639 2580 1680 2644 ,d
1703 2580 1920 2660 expandam,
1941 2600 2041 2663 qm,
2062 2582 2091 2646 ,ἱ
2108 2601 2179 2645 „„„

200 2652 302 2726 atque
324 2642 562 2725 obstupefactos
584 2650 778 2725 penetraret.
812 2643 895 2708 Nam
918 2642 1096 2725 alloquitur
1118 2662 1166 2707 ea·
1218 2668 1343 2732 „tione
1364 2666 1503 2748 ,impyioj
1526 2686 1603 2729 um„
1625 2675 1720 2731 Μ,
1764 2665 2179 2748 1„,q„0„,0„„„fi„f0„,

199 2729 345 2808 alesiam,
367 2748 450 2810 quae
472 2727 564 2792 velut
587 2729 723 2793 attonita
745 2736 841 2811 atque
861 2727 1085 2811 obstupefacta
1101 2737 1165 2792 est:
1219 2763 1255 2819 u,
1275 2753 1307 2816 ,n
1332 2754 1505 2834 pristinam
1526 2751 1707 2816 libertatem
1732 2771 1751 2815 a
1774 2751 1844 2816 Deo
1866 2752 2017 2816 ,mitum
2039 2773 2059 2817 ο
2080 2751 2179 2816 mi,

200 2833 337 2896 eamque
360 2814 496 2878 excitari
517 2813 617 2894 iubet,
640 2824 676 2878 ut
697 2813 829 2898 colligat
851 2815 948 2891 vires,
971 2822 1004 2880 at
1021 2813 1166 2879 animum
1218 2839 1278 2904 bu,
1300 2848 1453 2920 ,mmm
1499 2835 1632 2902 sedendi
1658 2836 1794 2901 ,erbum
1824 2837 2047 2920 integritatem
2077 2848 2179 2902 amu,

200 2907 356 2962 ¹⁰⁸⁰mal·
414 2898 520 2997 'quue
560 2900 700 2998 ⁸⁶⁰⁰,n‘l0
731 2900 878 2999 ,¹⁰Relll3
924 2919 983 2965 ¹²⁰⁰
1029 2899 1166 2963 fl¹¹⁸lf⁸²
1220 2923 1384 3007 designat:
1418 2934 1516 3004 atque
1537 2921 1711 3005 opponitur
1734 2922 1833 2986 rerba
1858 2922 2003 2996 iaoendi,
2036 2941 2104 3005 quo
2125 2943 2179 2988 ex·

201 2983 330 3064 quanda
352 2992 486 3047 exertam
509 3004 546 3048 aa
567 2984 676 3068 eollrgr
707 2984 837 3049 drlfiarle
865 2993 915 3049 est
944 3005 998 3049 eos
1028 3004 1166 3065 quorum
1219 3018 1323 3073 mm,
1361 3008 1526 3073 ,alamitae
1565 3007 1777 3091 ,ignififflm
1839 3005 2010 3071 Intofflum
2049 3005 2179 3090 quidem

202 3067 303 3130 animi
327 3068 394 3164 irae
417 3067 546 3131 divinae
568 3089 665 3133 sensu
696 3069 836 3150 perculsi
863 3077 954 3144 sunt,
987 3068 1038 3133 vel
1067 3069 1165 3132 etiam
1218 3092 1331 3157 ,edere
1352 3094 1515 3175 ,ignjfioat
1544 3103 1740 3174 ,mmmm
1771 3112 1858 3171 0330,
1890 3104 1927 3157 „q
1958 3112 2062 3174 quum
2092 3093 2180 3176 pri„

199 3160 365 3234 Pf⁰⁸l¹³ll
1218 3176 1383 3260 Babyloni
1413 3177 1549 3242 diceret:
1583 3176 1669 3242 Sede
1698 3178 1733 3242 iu
1762 3177 1913 3260 pulvere:
1945 3178 2003 3243 sed
2040 3177 2094 3244 hia
2120 3179 2181 3242 alia

286 3260 402 3345 (Indue
429 3261 664 3346 fortitudinem.)
714 3264 764 3328 Aa
785 3264 812 3327 si
835 3262 971 3328 diceret:
1004 3263 1054 3328 'lu
1077 3263 1166 3344 prius
1217 3263 1410 3345 significatio
1432 3272 1490 3327 ast.
1535 3262 1619 3327 Nam
1645 3284 1744 3344 quum
1773 3263 1905 3328 iusserit
1934 3284 2006 3328 eam
2038 3284 2180 3348 surgere,

203 3349 390 3412 exanimata
408 3346 442 3409 in
465 3345 612 3411 sardibus
635 3359 668 3411 et
689 3346 838 3429 squalore
859 3347 996 3423 iacuisti,
1024 3368 1110 3412 uuna
1133 3358 1166 3411 te
1217 3346 1316 3413 simul
1337 3346 1442 3425 addit,
1479 3347 1519 3414 Ut
1539 3347 1657 3412 sedeat:
1690 3347 1810 3430 idest,
1845 3369 1886 3413 ne
1907 3349 2049 3431 amplias
2070 3353 2180 3429 iaaeat,

201 3432 242 3496 ad
265 3430 395 3496 beatum
418 3441 451 3496 et
472 3430 595 3495 leliaem
617 3440 738 3496 statum
761 3452 928 3515 compara,
957 3434 991 3498 in
1014 3453 1110 3516 quem
1134 3442 1166 3498 te
1217 3432 1274 3497 sed
1303 3432 1475 3515 pristinum
1503 3441 1625 3497 statum
1648 3445 1830 3516 reeuperet,
1863 3453 1922 3499 nea
1952 3434 1985 3498 iu
2015 3444 2179 3516 pasterum

201 3516 363 3583 Dominus
405 3515 564 3581 restituet.
624 3517 864 3583 Fortitudinem
909 3538 987 3603 argo
1033 3519 1166 3601 opponit
1217 3517 1258 3583 ab
1281 3517 1430 3583 hostibus
1452 3529 1684 3599 prosternatur.

201 3605 303 3667 fracto
334 3602 457 3681 anima,
489 3601 592 3683 qualis
624 3604 722 3668 rebus
754 3604 932 3686 desperatis
964 3625 1035 3669 esse
1067 3605 1165 3670 solet:
1301 3604 1332 3668 3.
1364 3601 1465 3689 (Quia
1495 3604 1542 3669 sic
1568 3604 1643 3668 dicit
1667 3602 1847 3688 Dominus.)
1899 3603 1987 3670 Male
2016 3606 2181 3688 expositus

210 3689 312 3753 Vestes
334 3686 467 3764 decoris,
491 3686 631 3769 squalori
653 3699 685 3753 et
706 3687 863 3754 sardibus.
904 3688 1044 3755 Causam
1067 3689 1167 3755 subii·
1217 3697 1268 3754 est
1287 3688 1341 3755 hia
1364 3693 1477 3754 uersus
1499 3708 1518 3752 a
1539 3689 1701 3770 plerisque
1723 3691 1777 3771 qui
1804 3688 1967 3754 subtiliter
1996 3691 2052 3755 hia
2079 3691 2182 3772 philo·

204 3774 263 3850 ait,
292 3771 368 3853 quia
390 3794 454 3835 uon
478 3773 645 3854 permittet
666 3773 756 3839 Deus
780 3783 816 3839 ut
847 3775 984 3858 postbao
1012 3776 1103 3857 impii
1126 3774 1166 3840 ad
1217 3774 1349 3856 saphari
1371 3775 1554 3839 voluerunt.
1597 3773 1683 3838 Nam
1705 3775 1808 3839 multa
1829 3776 2034 3840 somniarunt
2055 3787 2183 3858 praeter

202 3878 274 3922 eam
298 3856 490 3922 vastandam
513 3855 681 3923 libidinose
707 3873 905 3942 grassentur.
948 3860 1103 3925 Liberata
1125 3859 1166 3924 ab
1216 3869 1360 3924 mentem
1385 3860 1572 3941 prophetae.
1615 3858 1778 3923 Convenit
1798 3870 1909 3924 auum
1929 3881 2003 3926 aum
2033 3861 2182 3944 eoquod

203 3962 317 4007 eorum
353 3942 524 4021 tyrannide
549 3943 683 4008 ecelesia
710 3945 774 4009 iam
804 3944 903 4010 habet
932 3965 990 4009 aur
1017 3945 1166 4030 gaudeat,
1218 3945 1308 4027 prius
1329 3946 1432 4026 eapite
1455 3944 1497 4009 50
1519 3944 1688 4010 doatterat:
1717 3943 1780 4010 Oui
1802 3965 1845 4009 ex
1865 3942 2082 4013 creditoribus
2104 3948 2183 4011 meis

202 4028 360 4095 saturitas
391 4048 467 4092 vera
496 4027 531 4091 in
565 4038 730 4109 posterum
763 4029 897 4094 solidam
930 4031 960 4094 ei
992 4029 1102 4112 gaudii
1134 4040 1168 4094 et
1218 4028 1352 4095 vendidi
1375 4027 1455 4094 vos?
1500 4029 1584 4094 Nam
1606 4029 1660 4094 hia
1682 4028 1793 4094 eadam
1818 4029 1914 4094 moda
1943 4029 2039 4096 diait:
2074 4030 2184 4097 Gratis

204 4113 346 4179 laetitiae
368 4115 537 4178 materiam
560 4114 701 4195 praebet.
735 4113 802 4178 Nos
824 4118 947 4179 interea
969 4116 1010 4180 ad
1025 4136 1168 4180 commu·
1220 4114 1343 4178 venditi
1367 4115 1453 4194 estis,
1476 4135 1512 4181 ao
1534 4115 1562 4179 si
1585 4115 1715 4191 diceret,
1738 4135 1774 4179 se
1797 4115 1878 4179 nihil
1900 4116 1996 4197 pretii
2012 4117 2183 4200 aaaspieee,

204 4219 281 4266 uam
303 4198 555 4282 gratulationem
577 4198 765 4264 cohortatur
786 4198 906 4277 Isaias,
938 4201 993 4266 ubi
1015 4199 1168 4267 aeclesiae
1221 4220 1280 4264 neo
1302 4198 1491 4265 obstrietum
1515 4219 1585 4265 esse
1607 4201 1772 4277 traditori,
1804 4200 1859 4282 qui
1881 4202 1984 4281 possit
2004 4222 2061 4268 eas
2083 4202 2184 4266 veluti

203 4304 284 4351 suae
306 4283 533 4349 reconsiliatur
556 4282 656 4348 Deus.
700 4283 746 4347 Et
775 4294 860 4348 aerte
890 4286 918 4349 si
947 4285 1025 4367 quid
1053 4295 1103 4350 ast
1132 4287 1167 4349 in
1219 4285 1289 4348 iure
1323 4285 1475 4367 manaipii
1505 4287 1654 4350 retinere.
1698 4284 1771 4351 Hoa
1798 4296 1905 4350 autem
1936 4286 2114 4368 plurimum
2144 4286 2185 4351 ad

204 4370 300 4436 nobis
324 4370 464 4451 pietatis,
494 4389 552 4433 nas
574 4370 643 4433 eius
665 4377 754 4432 statu
777 4369 987 4435 vehementer
1008 4370 1090 4435 alfini
1114 4371 1168 4434 de·
1219 4368 1475 4434 confirmandam
1509 4370 1754 4452 promissionem
1794 4371 1886 4434 laait:
1926 4373 2003 4453 quia
2034 4368 2184 4438 dubitare

203 4465 272 4535 aet,
303 4465 341 4520 ut
373 4473 527 4537 prospero
560 4452 734 4533 laetemur,
766 4460 800 4517 et
830 4454 966 4520 adverso
994 4455 1167 4521 doleamus.
1220 4463 1370 4538 poterant
1393 4453 1506 4519 Iudaei
1528 4454 1568 4520 de
1589 4455 1738 4521 libertate
1761 4476 1844 4538 quae
1873 4455 1952 4538 ipsis
1975 4457 2184 4539 promitteba-

204 4540 358 4623 Denique
391 4559 520 4604 summa
552 4538 694 4603 laetitiae
726 4548 855 4603 nostrae
887 4559 957 4605 esse
986 4538 1095 4617 debet,
1133 4550 1169 4605 ut
1221 4553 1292 4618 tur,
1324 4539 1407 4620 quod
1436 4540 1501 4604 iam
1531 4540 1656 4605 diutina
1684 4542 1886 4624 possessione
1912 4541 1999 4624 ipsas
2027 4541 2185 4608 Chaldaei

206 4627 303 4692 etiam
339 4625 384 4689 ait
415 4623 546 4689 Pealtes
579 4622 847 4708 (Psal.137,6):
881 4623 1026 4688 Haereat
1058 4623 1169 4706 lingua
1221 4626 1409 4699 tenuissent,
1432 4637 1531 4708 atque
1553 4626 1768 4708 potentissimi
1791 4636 1900 4690 essent
1917 4627 2063 4692 omnium
2079 4628 2184 4694 natio·

205 4711 353 4778 lauaibus
375 4710 455 4775 meis
476 4712 503 4774 si
527 4729 590 4772 nou
615 4709 663 4773 tui
685 4710 878 4787 meminero,
911 4717 944 4773 et
972 4709 1000 4775 si
1030 4730 1095 4774 nan
1126 4712 1170 4776 sis
1221 4730 1310 4774 num.
1346 4708 1433 4775 Huia
1454 4710 1646 4777 dubitationi
1668 4712 1810 4778 oaaurrit
1830 4710 2011 4778 Dominus:
2034 4713 2108 4797 Ego
2132 4734 2186 4778 vae

205 4809 302 4881 eaput
331 4795 473 4861 laetitiae
505 4814 606 4858 meae.
661 4793 822 4859 Venieudi
863 4801 973 4859 autem
1007 4795 1104 4859 verbo
1136 4794 1170 4860 id
1222 4796 1268 4859 eis
1303 4815 1367 4859 non
1402 4795 1547 4876 vendidi,
1590 4817 1693 4879 neque
1726 4797 1884 4861 alienavi:
1918 4799 2022 4880 gratis
2061 4798 2186 4864 venditi

205 4883 368 4966 significat
381 4878 466 4964 quad
483 4879 583 4963 vulgo
603 4878 739 4944 diaimus
755 4879 857 4946 Aooir
874 4883 981 4944 curce.
1011 4879 1171 4945 Dominus
1221 4880 1315 4945 estis:
1355 4900 1484 4962 possum
1519 4883 1618 4965 igitur
1652 4903 1708 4947 vas
1739 4883 1810 4947 iure
1843 4902 1915 4947 mea
1948 4903 2120 4966 reposuere
2151 4904 2188 4949 aa

206 4969 314 5050 impiis
336 4963 525 5049 praecludet
547 4964 649 5042 viam,
683 4985 725 5028 ne
746 4963 787 5027 iis
816 4965 966 5046 impune,
1000 4975 1037 5029 ut
1064 4974 1171 5040 autea,
1222 4964 1411 5030 venditare:
1444 4967 1578 5047 proinde
1602 4987 1643 5031 na
1664 4969 1820 5049 reputetis
1842 4978 1983 5049 quantae
2003 4969 2073 5034 siut
2101 4969 2187 5033 dilfi·

206 5054 388 5137 irrumpere
416 5061 450 5117 et
479 5051 620 5135 grasem
646 5049 749 5115 lineat.
794 5049 860 5114 Per
887 5050 1117 5116 incircumcisos
1138 5059 1171 5114 et
1223 5049 1373 5126 saltatus,
1412 5051 1490 5116 dum
1522 5052 1705 5118 libertatem
1738 5053 1830 5118 vobis
1870 5055 2041 5135 promitto,
2082 5074 2189 5136 usque

206 5138 400 5215 immundos,
422 5134 576 5220 intelligit
597 5134 748 5218 profanos
769 5154 881 5199 amnes
902 5135 958 5216 qui
980 5143 1171 5217 pervertunt
1224 5135 1403 5201 rationibus
1425 5136 1577 5202 humanis
1599 5137 1639 5201 de
1662 5137 1722 5204 baa
1737 5160 1773 5203 re
1788 5138 1970 5204 disseritis:
1994 5138 2086 5206 nullo
2101 5143 2189 5205 enim

203 5223 331 5290 cultum
352 5221 434 5303 Dei,
468 5232 502 5287 et
531 5219 746 5290 aonaoientias
774 5218 962 5301 opprimunt
990 5219 1170 5304 tyrannide.
1223 5221 1294 5285 iure
1316 5220 1471 5286 Chaldaei
1495 5243 1552 5289 vas
1574 5223 1728 5300 retinere,
1759 5235 1815 5288 aut
1838 5222 2023 5290 libertatem
2045 5236 2191 5292 vestram
