4784 5970
2132 340 2193 406 412

185 350 248 413 411
1081 348 1129 413 ΙΝ
1153 346 1318 413 ISAIAM

188 537 376 605 recordatio.
410 536 536 602 Contra
553 557 637 611 vero,
662 536 690 599 si
709 537 829 601 iratum
849 537 1029 601 sentiamus
1046 536 1163 615 Deum,
1215 535 1346 614 nostris,
1370 545 1406 599 ut
1428 554 1537 600 coram
1561 534 1632 598 Deo
1656 530 1767 615 putida
1790 550 1827 595 ec
1856 528 1976 594 foetido
2004 527 2081 595 sint.
2129 525 2190 593 Sed

190 624 260 689 eius
283 621 588 687 commemoratione
611 622 840 687 absterremur.
1217 620 1280 685 hoc
1313 619 1394 685 mihi
1423 619 1555 684 videtur
1589 618 1730 683 alienum
1761 637 1780 681 a
1808 615 1988 698 propbetas
2022 614 2192 690 metentis,

273 706 331 793 (El
351 727 408 772 noc
423 706 646 790 peccavimus)
681 707 807 771 Causae
830 706 969 771 redditio
987 716 1054 770 est:
1077 703 1164 789 quod
1217 726 1319 788 quum
1342 705 1381 770 de
1405 716 1470 770 toto
1493 726 1613 789 genere
1635 703 1779 767 humano
1800 720 1867 766 non
1894 699 2069 782 loquatur:
2100 708 2193 797 atque

188 794 274 859 enim
305 806 371 857 tam
402 794 592 857 dissimilem
622 794 836 874 experiuntur
865 791 983 868 Deum,
1014 812 1080 855 non
1108 790 1164 855 ob·
1218 812 1329 855 eorum
1349 792 1585 873 querimoniam
1606 789 1774 865 describat,
1798 787 1853 870 qui
1872 785 1908 849 in
1926 783 2083 849 exsilium
2105 804 2193 848 miser

187 889 396 943 murmurant
418 879 578 943 adversus
600 879 718 960 ipsum,
749 876 805 941 sed
828 897 959 942 omnem
982 878 1016 940 in
1039 897 1074 941 se
1096 875 1163 940 cnl-
1217 877 1298 941 iram
1334 874 1468 940 Domini
1502 876 1536 939 in
1569 896 1605 939 se
1637 872 1838 939 sentiebant:
1880 869 2019 952 ideoque
2051 889 2088 934 se
2121 888 2192 933 oum

188 984 263 1047 pam
287 962 498 1027 transferunt.
543 962 631 1027 Hinc
654 963 825 1042 discemus,
854 981 1021 1044 nunquam
1044 960 1083 1026 dc
1105 963 1164 1026 fla·
1217 961 1349 1026 iustitiis
1367 963 1435 1026 suis
1453 980 1564 1044 panno
1582 960 1749 1042 inquinato
1768 956 1890 1023 similes
1905 975 1976 1021 esse
1992 953 2192 1047 fatebantur.

188 1049 282 1133 gellis
305 1069 388 1131 quae
410 1045 572 1111 Dominus
595 1048 716 1131 infligit
738 1046 947 1130 cogitandum
975 1068 1056 1126 esse,
1086 1048 1164 1129 quin
1218 1050 1267 1111 Ao
1290 1047 1430 1129 primum
1455 1047 1606 1111 hortatur
1633 1046 1720 1126 ipsos
1743 1041 1783 1108 ad
1812 1041 2047 1127 confessionem
2073 1040 2194 1136 peceati

187 1133 288 1199 simul
311 1144 441 1215 peccata
463 1142 574 1197 nostra
598 1133 690 1196 nobis
719 1134 753 1196 in
784 1142 926 1196 mentem
949 1132 1103 1196 veniant:
1128 1137 1167 1195 ut
1187 1157 1194 1224 ι
1218 1133 1277 1209 sui,
1300 1141 1336 1196 ut
1358 1141 1485 1196 reatum
1509 1152 1606 1195 suum
1629 1137 1823 1213 agnoscant:
1853 1126 1979 1203 deinde,
2009 1135 2048 1189 nt
2076 1122 2193 1189 nubilo·

188 1239 249 1284 nos
271 1221 374 1282 iustas
395 1238 516 1300 poenas
535 1215 612 1281 dare
634 1218 804 1296 fateamur,
827 1229 859 1281 ct
873 1224 1001 1282 reatum
1018 1224 1164 1282 nostrum
1218 1219 1328 1281 minus
1350 1219 1480 1283 veniam
1503 1236 1523 1279 a
1545 1215 1616 1280 Deo
1639 1214 1816 1297 postulent,
1844 1213 1937 1277 cuins
1966 1209 2193 1308 impetrandae

188 1323 414 1388 agnoscamus.
471 1302 637 1367 Saeculum
669 1303 752 1367 nihil
788 1302 877 1367 aliud
908 1313 958 1366 cst
991 1302 1052 1367 hoc
1085 1301 1164 1379 loco,
1219 1304 1301 1366 ratio
1334 1313 1399 1374 est,
1440 1300 1526 1384 qnod
1567 1301 1644 1365 dum
1686 1296 1885 1364 miserabiles
1918 1303 1951 1362 et
1987 1295 2194 1360 calamitosos

188 1410 286 1472 quem
309 1388 525 1452 diuturnitas:
550 1388 607 1453 sed
630 1389 743 1452 referri
766 1397 872 1470 potest
889 1388 943 1452 vel
962 1386 1003 1452 ad
1023 1395 1165 1469 peccata,
1219 1409 1278 1453 nos
1318 1408 1388 1452 esse
1428 1388 1613 1469 querimur,
1653 1384 1750 1450 simul
1791 1404 1850 1448 nos
1886 1381 1990 1447 iustas
2032 1379 2191 1446 scelerum

188 1473 306 1540 velud
331 1473 402 1537 vias
425 1472 571 1537 Domini.
615 1473 668 1538 Ad
691 1482 823 1556 peccata
846 1474 906 1538 boc
930 1472 1041 1537 modo:
1070 1474 1165 1537 Dem-

189 1560 250 1625 etsi
277 1559 431 1623 obstinati
463 1559 583 1622 fuimus
612 1559 647 1621 in
675 1559 818 1640 peccatis
847 1559 977 1637 nostris,
1008 1576 1045 1621 ao
1075 1557 1165 1640 digni

188 1665 269 1726 quos
291 1644 414 1707 centies
437 1643 599 1725 perderes,
630 1652 739 1707 tamen
764 1643 985 1708 misericordia
1007 1654 1066 1706 tua
1089 1643 1164 1708 hac·

190 1740 286 1793 tenus
313 1729 434 1792 servati
464 1749 584 1792 sumus.
630 1727 668 1793 Si
691 1728 730 1792 de
753 1730 814 1794 viis
837 1729 973 1793 Domini
1001 1728 1164 1811 intellige·

188 1835 273 1890 mus,
296 1813 360 1877 erit
377 1834 494 1877 causae
517 1813 664 1889 redditio,
688 1835 746 1879 our
766 1835 830 1878 non
852 1814 986 1896 perierit
1008 1813 1164 1896 populus:

189 1900 267 1981 quia
296 1909 469 1980 perpetuae
502 1911 535 1963 et
568 1898 701 1962 stabiles
731 1908 808 1964 sunt
836 1900 908 1964 viae
931 1900 1074 1977 Domini,
1104 1920 1165 1964 nec

189 2004 335 2066 unquam
359 1992 465 2048 cessat
487 1983 709 2048 misericordia
731 1985 843 2067 ipsius.
877 1985 987 2067 Atque
1015 1984 1068 2049 hic
1090 2005 1164 2048 scn-

188 2091 247 2134 sus
281 2069 385 2150 magis
418 2067 577 2150 quadrare
607 2069 737 2133 videtur
766 2070 842 2134 hnic
876 2070 954 2135 loco.
1001 2067 1165 2152 Supplcnt

188 2153 352 2235 nonnulli,
382 2154 556 2217 fundatum
578 2175 648 2218 esse
678 2156 711 2217 in
735 2155 798 2219 viis
820 2155 955 2219 Domini
986 2153 1163 2219 succulum.

188 2239 255 2305 Sed
290 2238 376 2301 melo
410 2239 602 2320 simpliciter
639 2240 785 2322 accipere
817 2241 920 2305 verba
956 2249 994 2303 ut
1027 2248 1163 2304 sonant:

189 2322 462 2406 quemadmodum
487 2324 571 2388 Psal.
595 2324 637 2389 30
659 2324 703 2409 (v.
728 2325 770 2409 6),
795 2326 848 2389 ubi
871 2325 1036 2408 significat
1054 2323 1164 2388 David

188 2409 369 2474 Dominum
393 2429 458 2472 non
492 2409 554 2473 nisi
585 2408 624 2472 ad
656 2420 859 2474 momentum
887 2411 994 2491 irasci,
1023 2409 1164 2491 placabi-

189 2495 252 2559 lem
275 2513 346 2558 esse
367 2513 404 2556 ac
427 2503 584 2574 perpetuo
614 2494 770 2558 misereri.
815 2495 884 2559 Nec
906 2495 993 2558 enim
1019 2495 1069 2559 vel
1092 2494 1166 2573 cito,

189 2580 240 2645 vel
263 2577 438 2643 immodico
460 2579 587 2643 fervore
610 2578 771 2662 abripitur
793 2579 972 2658 iracundia,
998 2601 1085 2644 more
1108 2580 1164 2645 ho-

187 2665 331 2728 minum:
354 2662 411 2728 sed
434 2677 587 2729 constans
610 2666 643 2728 in
668 2665 896 2730 benevolentia
917 2674 950 2730 et
972 2665 1083 2730 favore
1106 2675 1164 2730 est.

187 2749 340 2814 Nondum
358 2758 466 2814 tamen
483 2750 644 2833 integram
661 2749 838 2833 prophetae
856 2751 1052 2815 sententiam
1075 2759 1165 2816 tene·

187 2857 270 2900 mus.
315 2833 493 2899 Servatum
516 2836 602 2899 enim
626 2836 783 2917 populum
807 2833 893 2913 dicit,
921 2837 975 2918 qui
999 2837 1164 2901 tamenin

190 2920 351 2994 exsilium,
369 2920 458 2983 velut
476 2920 510 2983 in
530 2920 726 3003 sepulcrum,
745 2920 903 2985 abductus
921 2942 1015 2987 suam
1034 2922 1165 2986 calami-

189 3015 289 3069 tatem
315 3003 465 3068 deflebat.
499 3004 617 3085 Itaque
639 3007 853 3085 praeteritum
876 3006 1001 3087 accipio
1023 3007 1092 3071 loco
1116 3008 1131 3070 f
1151 3042 1165 3056 ·

189 3091 265 3155 turi.
308 3089 431 3153 Votum
456 3090 543 3152 enim
566 3104 621 3153 aut
648 3093 790 3171 precatio
819 3092 1047 3173 potiusquam
1077 3093 1165 3156 affir-

188 3175 290 3240 matio
309 3185 367 3238 est.
399 3174 467 3237 Nec
484 3174 669 3256 gloriantur
686 3175 790 3240 sancti
809 3197 843 3239 se
861 3176 996 3258 adeptos
1015 3176 1165 3253 salutem,

189 3261 246 3326 sed
279 3258 485 3339 deplorantes
516 3258 680 3323 miseriam
711 3280 804 3323 suum
830 3260 871 3324 ad
901 3271 1076 3343 perpetuas
1102 3261 1165 3325 Dei

189 3344 426 3410 misericordias
443 3344 648 3426 confugiunt.
687 3344 883 3409 Praedicant
904 3366 983 3429 ergo
1005 3345 1091 3428 quod
1109 3366 1166 3427 op·

190 3441 272 3513 tant,
296 3449 361 3492 non
384 3428 470 3510 quod
493 3430 557 3492 iam
581 3430 773 3510 consequuti
795 3438 882 3494 sunt.

274 3516 303 3579 5.
328 3513 386 3598 (Et
404 3512 551 3597 suimus)
596 3514 745 3596 Pergunt
766 3514 879 3580 fideles
907 3517 942 3579 in
972 3537 1031 3580 sua
1059 3517 1165 3597 queri·

190 3603 314 3665 monia:
349 3599 521 3681 deplorant
549 3601 636 3662 enim
666 3609 788 3664 statum
821 3622 925 3677 suum,
960 3600 1044 3681 quod
1074 3601 1166 3665 Deus

190 3686 315 3749 nullam
333 3686 480 3765 ipsorum
498 3686 656 3747 rationem
675 3684 794 3749 habere
808 3685 967 3750 videatur.
1000 3686 1072 3749 Non
1092 3707 1166 3751 oon-

190 3769 490 3835 sentinntHebraei
508 3770 543 3832 in
562 3770 766 3849 expositione
782 3772 868 3836 vocis
889 3784 967 3847 ntur
984 3784 1051 3837 tt).
1087 3772 1166 3837 Ocr-

1218 1482 1404 1537 ncstrorum
1428 1493 1550 1555 poenas
1573 1471 1651 1537 dare
1681 1469 1897 1553 agnoscimus.
1942 1465 1986 1531 Di
2008 1464 2193 1531 decidimus.

1218 1558 1445 1623 Pulcherrima
1462 1557 1659 1640 comparatio
1678 1565 1737 1637 est,
1760 1575 1825 1637 qua
1842 1551 2025 1617 ostenditur
2047 1550 2195 1615 homines

1219 1663 1419 1708 marcescere
1442 1645 1574 1707 omnino
1598 1662 1635 1707 ac
1656 1640 1835 1717 concidere,
1865 1656 1966 1720 quum
1987 1637 2116 1700 iratum
2138 1636 2194 1699 sibi

1217 1728 1324 1793 Deum
1344 1729 1501 1805 sentiunt,
1521 1725 1794 1811 quemadmodum
1812 1722 1977 1806 praeclare
1996 1721 2194 1803 descriptum

1218 1825 1268 1878 est
1302 1814 1389 1879 Psal.
1420 1814 1463 1880 90
1495 1812 1541 1899 (v.
1564 1812 1597 1898 5)
1631 1822 1664 1878 et
1694 1810 1757 1876 103
1790 1812 1835 1894 (v.
1860 1808 1930 1894 15),
1962 1806 2063 1889 idque
2098 1808 2194 1871 etiam

1217 1919 1287 1982 cap.
1317 1899 1360 1963 40
1388 1900 1583 1964 notavimus.
1639 1897 1760 1963 Merito
1794 1914 1872 1978 ergo
1906 1892 1991 1958 foliis
2026 1910 2195 1974 compara·

1217 2005 1299 2062 mur,
1323 2005 1401 2066 quos
1424 1984 1621 2066 iniquitates,
1644 1992 1800 2065 tauquam
1823 1988 1951 2055 ventus,
1974 1976 2154 2058 abripiunt.

1303 2070 1332 2133 6.
1367 2069 1456 2153 (Nou
1485 2075 1530 2135 est
1558 2071 1614 2150 qui
1641 2067 1780 2151 invocet.)
1831 2064 2016 2130 Confirmat
2044 2060 2079 2124 id
2112 2058 2195 2157 quod

1217 2168 1315 2219 antea
1341 2154 1464 2219 dictum
1496 2167 1553 2219 est.
1598 2154 1762 2218 Hortatur
1790 2152 1878 2215 enim
1908 2146 2032 2225 fideles,
2063 2158 2195 2212 tametsi

1217 2241 1330 2323 gravis
1352 2240 1409 2304 illa
1432 2240 1495 2304 Dei
1526 2240 1606 2305 ultio
1629 2238 1804 2316 videretur,
1834 2249 1944 2299 umen
1975 2242 2013 2297 ut
2045 2253 2083 2296 se
2104 2233 2193 2297 *eius-

1217 2325 1306 2389 modi
1339 2346 1444 2407 poena
1478 2325 1593 2408 dignos
1631 2345 1702 2389 esse
1739 2331 1897 2388 statuant.
1952 2317 2194 2383 Commemorat

1218 2420 1326 2474 autem
1351 2412 1464 2491 gravia
1491 2420 1639 2492 peccata:
1669 2417 1702 2474 et
1731 2408 1884 2490 quoniam
1914 2405 2050 2488 longum
2082 2403 2194 2467 luisset

1218 2498 1327 2560 omnia
1348 2495 1515 2579 sigillatim
1539 2495 1670 2573 referre,
1698 2495 1819 2559 iontem
1842 2492 1951 2573 ipsum
1973 2488 2195 2583 designatae

1218 2582 1404 2664 neglectum
1428 2583 1490 2646 Dei
1512 2580 1639 2645 cultum
1661 2600 1733 2646 esse
1751 2578 1839 2643 dicit.
1872 2575 1957 2640 Nam
1974 2573 2195 2639 invocationis

1218 2668 1349 2730 nomine
1381 2666 1629 2748 comprehendit
1662 2664 1854 2730 universum
1885 2660 2010 2726 cultum
2044 2659 2128 2735 Dei,
2161 2666 2195 2723 ut

1218 2752 1297 2817 sutis
1320 2752 1475 2817 usitatum
1499 2761 1549 2815 est
1571 2750 1756 2832 scripturis:
1787 2746 1939 2830 quoniam
1972 2744 2037 2809 hoc
2070 2744 2194 2827 praeci·

1218 2858 1319 2919 puum
1342 2847 1392 2901 est
1413 2837 1447 2900 in
1471 2836 1606 2902 colendo
1628 2837 1700 2900 Deo
1722 2846 1759 2900 ut
1787 2834 1895 2916 ipsum
1926 2831 2130 2911 invocemus,
2159 2848 2195 2892 ac

1218 2922 1354 2987 fiduciae
1377 2923 1412 2985 in
1435 2922 1546 3003 ipsum
1569 2933 1698 2985 nostrae
1716 2918 1938 2984 testimonium
1958 2913 2086 2979 demus.
2118 2914 2196 2979 (ler-

1220 3020 1290 3071 tum
1320 3007 1451 3089 quidem
1486 3018 1535 3070 est
1562 3027 1676 3088 preces
1707 3014 1740 3070 et
1769 3015 1846 3068 vota
1874 3021 2002 3082 semper
2032 3000 2135 3065 tunm
2161 3000 2195 3062 in

1220 3113 1297 3156 usu:
1321 3092 1376 3156 sed
1400 3093 1476 3173 quia
1492 3112 1547 3156 oor
1565 3103 1726 3155 remotum
1745 3098 1824 3169 erat,
1846 3088 1940 3153 fictas
1955 3104 2072 3149 omnes
2087 3104 2196 3149 caere·

1220 3177 1345 3242 monias
1379 3198 1436 3258 pro
1469 3176 1573 3241 nihilo
1608 3175 1705 3240 ducit.
1760 3173 1863 3257 quue
1895 3171 2014 3237 clarius
2048 3169 2196 3253 explicet

1220 3264 1368 3344 proxima
1390 3263 1558 3343 particula,
1583 3262 1637 3326 ubi
1661 3259 1739 3326 dicit
1761 3261 1925 3324 neminem
1943 3255 2029 3321 serio
2047 3256 2196 3319 animum

1220 3346 1358 3412 adiicere
1381 3359 1414 3410 et
1436 3368 1569 3430 operam
1589 3346 1666 3411 dare
1688 3344 1875 3428 quaerendo
1892 3340 1982 3406 Deo:
2004 3338 2062 3404 sed
2082 3358 2196 3404 omnes

1220 3431 1377 3508 diffluere,
1409 3452 1531 3514 suaque
1558 3431 1696 3515 segnitie
1719 3430 1879 3512 dissipari.
1922 3425 1973 3490 Ao
1994 3424 2103 3508 primo
2126 3424 2195 3507 qui·

1220 3517 1292 3580 dem
1327 3516 1469 3581 ostendit
1503 3516 1585 3580 nihil
1618 3517 1723 3599 magis
1753 3534 1825 3580 esse
1854 3510 1997 3595 optabile
2030 3529 2132 3592 quam
2162 3520 2197 3574 ut

1221 3603 1350 3683 penitus
1380 3601 1452 3667 Dco
1481 3603 1584 3666 simus
1612 3602 1785 3667 coniuncti.
1838 3598 1921 3663 Nam
1952 3616 2054 3678 quum
2083 3614 2196 3659 sumus

1219 3687 1259 3751 ab
1282 3688 1351 3769 ipso
1371 3688 1479 3764 alieni,
1502 3689 1612 3751 omnia
1630 3686 1721 3751 nobis
1739 3683 1912 3750 infeliciter
1929 3681 2045 3747 cedere
2062 3699 2196 3746 neeesse

1219 3783 1278 3837 est.
1303 3772 1426 3838 Sumus
1439 3786 1548 3838 autem
1560 3772 1645 3837 tardi
1657 3779 1689 3837 et
1702 3792 1817 3855 segnes
1834 3780 1968 3834 natura:
1981 3763 2196 3848 quamobrem

191 3863 263 3919 tum
286 3860 465 3917 esttamen
489 3875 558 3916 rem
583 3854 680 3916 vilem
704 3867 738 3918 et
761 3855 884 3921 nullius
914 3857 1011 3938 pretii
1040 3857 1166 3939 signifi·
1219 3858 1361 3923 stimulis
1384 3878 1467 3940 opus
1497 3858 1654 3922 habemus
1676 3856 1717 3921 ud
1748 3877 1807 3921 nos
1835 3853 2036 3919 excitandos.
2082 3849 2195 3931 Quum

191 3941 268 4020 cari,
299 3939 364 4001 imo
396 3959 478 4020 quae
511 3959 570 4002 sua
603 3939 809 4004 immunditie
842 3942 941 4005 foetet
973 3940 1166 4006 hominibus.
1220 3944 1371 4026 pigritiae
1404 3952 1534 4007 nostrae
1566 3943 1797 4026 indulgeamus
1830 3951 1961 4015 natura,
1995 3934 2198 4001 audiendum

192 4025 367 4089 Caeterum
399 4024 449 4088 hic
477 4023 542 4087 duo
574 4026 677 4087 notari
707 4025 844 4088 debent:
874 4026 1027 4108 primum,
1055 4026 1168 4091 fideles
1220 4039 1271 4093 est
1303 4027 1476 4092 consilium
1509 4027 1704 4110 prophetae,
1741 4048 1783 4091 ne
1824 4023 1957 4089 omnino
1989 4033 2196 4103 torpeamus:

192 4119 320 4172 reatum
353 4129 449 4172 suum
490 4109 585 4172 lateri
619 4130 655 4171 ac
696 4110 811 4173 merito
848 4131 883 4174 se
917 4132 1038 4192 poenas
1072 4112 1167 4175 dare:
1221 4113 1297 4194 quia
1318 4115 1375 4176 fiet
1397 4112 1531 4176 tandem
1555 4120 1594 4176 ut
1620 4134 1680 4177 nos
1704 4110 1847 4176 vicissim
1871 4106 2022 4191 repudiet
2045 4106 2100 4170 vel
2122 4127 2197 4189 prae

192 4193 318 4269 deinde,
342 4192 555 4257 nihilominus
574 4194 729 4275 conqueri
748 4193 787 4257 de
806 4195 971 4277 gravitate
988 4216 1167 4278 poenarum
1221 4196 1350 4262 fastidio
1372 4197 1512 4263 obiiciat.
1557 4197 1724 4262 Describit
1745 4197 1833 4261 enim
1863 4191 2025 4278 propheto
2047 4190 2090 4255 de
2114 4192 2198 4257 lora·

191 4299 271 4362 quas
294 4278 475 4342 sustinent:
507 4299 573 4343 non
598 4287 635 4342 nt
656 4278 867 4359 expostulent
897 4301 972 4345 curn
996 4281 1087 4356 Deo,
1108 4282 1165 4347 sed
1221 4291 1292 4347 tum
1313 4282 1427 4366 populi
1450 4290 1582 4364 statum,
1612 4284 1646 4346 in
1677 4302 1741 4365 quo
1775 4281 1900 4346 nullum
1930 4296 2077 4360 quaeren
2101 4277 2113 4341 i
2136 4275 2197 4341 Dei

192 4373 229 4430 ut
251 4364 357 4446 ipsum
381 4363 421 4425 ad
444 4362 652 4427 clementiam
676 4379 867 4444 provocent:
895 4365 1166 4445 quemadmodum
1220 4367 1377 4450 studium,
1406 4366 1499 4431 nulla
1526 4366 1632 4432 cordis
1660 4370 1700 4431 ad
1730 4368 1887 4450 pietatem
1916 4361 2085 4428 excitaffli
2115 4364 2198 4429 ratio

192 4450 248 4516 ubi
272 4470 347 4514 reus
368 4448 508 4511 iudicem
540 4450 670 4512 flectere
692 4457 838 4525 conatur,
869 4451 1017 4515 miserias
1039 4450 1069 4514 ei
1092 4471 1167 4514 suas
1221 4462 1300 4517 erat.
1348 4452 1520 4517 Tabescere.
1565 4452 1692 4518 Iterum
1720 4462 1903 4534 queruntur
1931 4468 1967 4513 se
1995 4447 2092 4513 obrui
2120 4446 2198 4512 muli

192 4543 224 4599 et
246 4533 450 4599 calamitates
473 4535 616 4613 exponit.
661 4533 727 4598 Hic
756 4553 790 4598 se
822 4534 975 4598 nonnulli
1004 4542 1167 4619 torquent,
1221 4537 1394 4620 gravitate,
1417 4557 1476 4603 nec
1494 4535 1670 4619 quidquam
1690 4536 1895 4601 allevationis
1912 4533 2061 4599 obtinere
2079 4553 2101 4597 a
2115 4531 2216 4597 Deo.-

192 4619 278 4702 quod
301 4618 459 4701 propheta
486 4616 525 4679 de
555 4617 714 4682 scelerum
745 4619 1002 4700 inquinamentis
1031 4620 1168 4701 loquens
1219 4621 1306 4686 Nam
1329 4623 1428 4687 totius
1451 4621 1563 4704 populi
1580 4623 1711 4687 nomine
1730 4622 1810 4685 haec
1828 4618 1994 4702 praedicet
2015 4616 2139 4683 lecim
2161 4636 2198 4683 eo

192 4706 263 4769 sine
287 4704 478 4785 exceptione
498 4702 637 4767 Iudaeos
660 4724 772 4767 omnes
795 4705 969 4784 exprimat,
992 4705 1026 4766 in
1050 4705 1168 4786 quibus
1221 4716 1372 4790 precatur
1394 4708 1512 4783 Deum,
1536 4729 1576 4772 ne
1598 4709 1632 4771 in
1656 4706 1756 4772 tantis
1778 4705 1919 4771 miseriis
1940 4703 2051 4786 ipsum
2073 4703 2197 4769 diutius

193 4802 303 4854 tamen
338 4788 487 4852 nonnulli
522 4787 688 4851 restabant
720 4789 794 4869 puri
829 4786 893 4851 Dei
926 4789 1077 4867 cultores,
1111 4791 1167 4854 sed
1221 4791 1385 4857 tabescere
1405 4792 1501 4856 sinat.

192 4875 331 4938 frustra:
362 4875 438 4955 quia
460 4894 525 4936 non
548 4873 695 4953 loquitur
717 4873 757 4936 de
779 4873 928 4956 singulis,
952 4873 1007 4938 sed
1032 4873 1071 4936 de
1095 4876 1167 4939 uni·
1307 4877 1336 4941 ’1.
1370 4875 1427 4959 (Et
1454 4897 1537 4942 :tuuc
1565 4877 1727 4961 Domino.)
1778 4876 1956 4958 Postquam
1987 4873 2028 4938 de
2056 4872 2198 4939 miseriis

85 4968 89 4976 '
193 4980 286 5024 verso
319 4977 468 5042 corpore:
503 4958 590 5039 quod
624 4978 723 5039 quum
758 4958 842 5021 inira
875 4979 987 5023 omnes
1020 4959 1168 5026 homines
1221 4962 1289 5026 suis
1311 4964 1477 5043 conquesti
1501 4972 1579 5026 suot
1600 4963 1716 5044 quibus
1739 4982 1840 5043 prope
1866 4958 1974 5025 obruti
1995 4968 2103 5037 erant,
2133 4962 2197 5025 iam

193 5045 353 5109 abiectum
376 5054 472 5125 atque
490 5052 638 5107 extrema
657 5042 748 5106 clade
767 5043 920 5107 affectum
941 5053 1035 5121 esset,
1059 5064 1168 5124 panno
1221 5046 1367 5129 apertius
1383 5048 1512 5111 veniam
1536 5047 1713 5111 aDomino
1736 5058 1768 5112 et
1791 5045 1952 5110 malorum
1968 5043 2196 5111 allevationem

192 5128 322 5192 sordido
356 5134 532 5211 comparat.
585 5128 650 5193 Hic
681 5127 769 5192 locus
803 5127 894 5192 citari
925 5149 944 5191 a
972 5128 1166 5210 quibusdam
1221 5139 1348 5213 petunt,
1371 5141 1403 5196 et
1432 5133 1552 5196 maiore
1582 5132 1701 5197 fiducia
1731 5133 1890 5197 obiiciunt
1918 5130 1988 5195 Deo
2018 5151 2055 5195 se
2086 5136 2195 5196 tamen

193 5213 283 5287 solet,
308 5223 344 5276 ut
366 5215 504 5295 probent
527 5214 606 5278 adeo
629 5211 711 5277 nihil
735 5233 805 5276 esse
828 5213 934 5277 meriti
959 5215 992 5276 in
1017 5214 1167 5294 operibus
1222 5238 1292 5281 esse
1315 5217 1384 5281 eius
1414 5217 1506 5283 tilios.
1553 5217 1633 5283 Sola
1661 5219 1749 5282 enim
1778 5216 1910 5298 adoptio
1939 5214 1981 5280 ad
2013 5216 2096 5282 bene
2125 5237 2196 5300 spe·
