4784 5970
188 355 254 421 203
1069 352 1119 419 IN
1146 351 1311 417 ISAIAM
2125 351 2193 416 204

190 547 270 614 satis
290 542 420 628 quidem
442 541 574 605 firmum
599 560 664 604 non
687 549 746 605 est.
790 540 863 624 Ego
884 544 994 604 tamen
1021 560 1083 605 non
1107 560 1158 604 re-
1210 538 1376 623 significet
1397 538 1564 605 ecclesiam
1588 539 1700 604 multis
1725 538 1891 604 aerumnis
1920 539 1954 603 in
1976 539 2039 605 hoo
2061 537 2191 605 mundo

192 631 308 717 pudic,
340 628 418 712 quia
447 637 480 691 et
510 623 677 710 probabile
706 634 773 704 est,
804 635 838 689 et
865 627 1018 691 convenit
1047 623 1159 690 multis
1210 622 1383 690 obnoxiam
1415 644 1496 690 esse.
1545 624 1592 690 Ut
1612 640 1698 708 ‘ergo
1728 624 1967 690 misericordiae
1989 624 2054 690 Dei
2084 626 2189 708 parti·

192 717 264 788 eliis
284 715 372 780 loeis.
417 712 515 778 Certe
537 711 677 795 primum
701 709 779 776 dicit
808 718 961 775 venturos
989 733 1006 775 e
1028 710 1158 795 longin·
1210 711 1298 793 cipes
1319 711 1430 788 simus,
1454 710 1615 775 diseamus
1637 709 1696 776 sub
1715 731 1809 775 cruce
1831 711 2007 794 multisque
2028 710 2190 777 molestiis

192 804 265 887 quis
287 799 401 865 mundi
424 797 545 882 plagis,
576 797 699 879 species
721 793 854 874 deiude,
886 796 1007 875 idest,
1035 795 1159 877 aliquas
1211 816 1283 860 cum
1308 796 1431 878 gemitu
1454 802 1487 859 et
1510 796 1663 880 lacrymis
1685 794 1725 861 ad
1748 815 1817 859 eam
1840 796 1929 861 eniti.

192 898 301 973 partes
322 884 490 967 subiungit
512 884 552 946 ad
575 882 736 965 generalis
758 882 827 946 eius
853 882 1034 947 sententiae
1055 881 1158 965 expli·
1298 882 1348 945 14.
1377 879 1490 966 (Atqui
1511 881 1592 945 dixit
1615 880 1701 964 Sion,
1730 879 1839 946 Dercl‘
1859 882 1908 946 uir
1927 901 1975 945 me
1996 880 2065 967 eto)
2111 881 2189 963 Quo

191 974 362 1041 cationem.
395 969 477 1034 Loco
492 967 581 1033 Sinis
600 967 654 1032 alii
673 966 781 1032 Sinim
803 967 931 1049 legunt:
956 977 1054 1050 atque
1073 966 1159 1049 apud
1211 968 1314 1051 magia
1343 967 1482 1050 gratiam
1514 987 1608 1031 suam
1636 967 1811 1049 amplificet
1872 987 1940 1047 eus,
1972 969 2187 1050 conqueritur

193 1063 280 1144 ipsos
301 1056 468 1122 Hebraeos
492 1056 582 1118 varia
606 1054 700 1119 lectio
722 1062 781 1119 est.
818 1052 1041 1137 Hieronymus
1063 1053 1159 1116 meri·
1210 1052 1290 1116 adeo
1308 1064 1464 1135 angustos
1482 1060 1515 1117 et
1533 1053 1699 1118 restrictos
1716 1053 1818 1118 fuisse
1834 1052 2029 1117 ludaeorum
2048 1052 2185 1133 animos,

194 1144 356 1209 dionalem
391 1141 520 1225 plagam
554 1137 717 1222 designari
751 1146 846 1221 putat
877 1137 972 1222 (quae
998 1137 1160 1203 sententia
1210 1146 1246 1201 ut
1268 1138 1330 1203 sibi
1352 1140 1419 1202 lere
1441 1138 1495 1202 via
1523 1137 1634 1203 clausa
1663 1138 1769 1215 fuerit,
1800 1138 1863 1202 nisi
1887 1137 2049 1222 malignas
2073 1158 2187 1203 eorum

193 1231 297 1314 magis
320 1236 448 1309 recepta
470 1224 532 1309 est)
555 1233 700 1288 amonte
719 1224 822 1303 Sinai,
843 1244 926 1306 quae
949 1222 990 1288 ad
1013 1234 1160 1289 austrum
1211 1224 1424 1307 cogitationes
1444 1223 1572 1307 ingenti
1595 1223 1737 1288 bonitate
1759 1224 1899 1288 vicisset.
1944 1222 2053 1289 Simul
2076 1238 2186 1289 tamen

195 1317 258 1381 sita
281 1324 360 1379 erat.
404 1312 473 1377 Alii
497 1309 629 1376 Sionem
653 1330 723 1374 esse
748 1318 879 1391 putant,
912 1309 998 1392 quod
1029 1311 1089 1373 sita
1118 1308 1162 1372 sit
1213 1311 1331 1375 vitium
1361 1310 1423 1375 hoc
1455 1309 1617 1391 corrigere
1650 1308 1768 1387 studet,
1801 1319 1837 1373 ut
1866 1308 2095 1375 liberationem
2127 1309 2188 1375 sibi

193 1400 253 1466 sub
283 1399 404 1480 tropico
432 1396 559 1462 Cancri.
611 1396 735 1458 Verum
768 1393 847 1459 haec
875 1392 1048 1460 diversitas
1077 1393 1161 1457 nihil
1212 1394 1354 1461 oblatam
1376 1403 1409 1458 et
1434 1395 1525 1477 quasi
1554 1393 1684 1459 obviam
1715 1395 1836 1477 apertis
1864 1396 1984 1460 animis
2013 1396 2187 1479 excipiant,

193 1486 235 1551 ad
257 1483 434 1568 prophetae
456 1503 605 1558 sensum,
635 1482 690 1563 qui
714 1501 771 1561 per
794 1501 829 1546 so
858 1479 976 1563 planus
1005 1479 1162 1544 etfacilis
1213 1490 1247 1547 et
1268 1481 1363 1547 sicuti
1386 1500 1565 1563 propensus
1587 1487 1638 1544 est
1658 1479 1699 1544 ad
1722 1482 1809 1561 ipsos
1830 1479 1997 1558 iuvandos,
2020 1481 2067 1546 sic
2089 1481 2188 1546 etiam

194 1582 253 1637 est.
286 1571 355 1635 Nee
376 1570 464 1632 enim
487 1567 620 1631 dubium
644 1565 721 1647 quin
743 1564 900 1647 propheta
921 1566 1083 1650 significet
1106 1587 1161 1630 eos
1213 1566 1356 1633 vicissim
1390 1586 1425 1631 se
1457 1573 1647 1647 comparent
1674 1565 1715 1628 ad
1747 1565 1829 1630 bene
1857 1566 2065 1648 sperandum.
2116 1565 2188 1633 Iam

194 1659 249 1740 qui
279 1655 376 1720 variis
409 1655 443 1717 in
476 1652 554 1717 loeis
588 1652 723 1733 dispersi
753 1664 850 1733 atque
878 1651 1026 1735 dissipati
1056 1660 1160 1726 erant,
1213 1652 1254 1717 ad
1277 1672 1338 1715 nos
1361 1671 1488 1733 quoque
1510 1652 1652 1733 pertinet
1673 1651 1754 1716 haec
1783 1650 1940 1730 doctrina,
1971 1652 2047 1734 quia
2075 1672 2189 1718 omnes

194 1745 263 1807 sive
280 1742 319 1806 ab
338 1738 496 1821 aquilone,
519 1738 590 1802 sive
608 1757 627 1799 ι
645 1736 727 1800 mari
748 1737 952 1820 colligantur.
993 1737 1048 1803 Sic
1067 1757 1161 1819 porro
1213 1739 1289 1815 iere,
1313 1735 1368 1800 ubi
1390 1736 1482 1801 Deus
1504 1735 1664 1801 auxilium
1688 1756 1785 1801 suum
1808 1736 1926 1816 differt,
1954 1738 2074 1802 misere
2096 1739 2190 1822 angi·

195 1827 335 1893 reditum
358 1846 376 1889 e
397 1824 568 1906 Babylone
597 1822 760 1904 promittit
781 1822 901 1898 Isaiae,
929 1832 967 1886 ut
995 1822 1091 1887 simul
1121 1818 1162 1886 ad
1213 1844 1289 1888 mur
1311 1843 1348 1887 ac
1371 1822 1569 1888 cruciamur:
1601 1828 1754 1905 putamus
1782 1823 1870 1887 enim
1898 1843 1959 1889 nos
1989 1823 2135 1889 desertos
2158 1834 2190 1888 ct

195 1927 325 1995 tempus
348 1909 470 1975 Christi
494 1909 554 1974 hoc
585 1907 772 1973 vaticinium
801 1908 972 1972 extendat:
1006 1906 1162 1990 quemad·
1213 1911 1361 1976 abiectos.
1399 1907 1452 1972 Ita
1469 1907 1562 1972 facile
1581 1908 1709 1988 obrepit
1728 1907 1919 1988 desperatio,
1942 1909 1994 1974 eui
2015 1928 2187 1975 occurrere

195 1998 326 2063 modum
349 2017 390 2059 ex
419 1992 639 2077 superioribus
668 1993 761 2058 facile
788 1993 958 2075 colligitur.
1005 1994 1163 2057 Memoria
1214 2015 1345 2060 neeesse
1372 2000 1422 2057 est
1451 2013 1492 2057 ne
1520 1995 1627 2076 gratia
1649 1993 1711 2056 Dei
1741 1993 1919 2076 privemur.
1964 1994 2009 2058 Et
2036 2006 2126 2060 certe
2154 1995 2190 2059 in

194 2085 281 2148 enim
304 2081 492 2158 tenendum,
515 2078 600 2161 quod
623 2080 713 2162 prius
736 2076 889 2161 diximus,
911 2079 964 2144 hie
987 2078 1162 2143 secundam
1215 2081 1276 2146 hac
1299 2077 1500 2144 dubitatione
1522 2099 1557 2143 se
1578 2077 1686 2160 prodit
1704 2098 1741 2143 ac
1764 2077 1885 2162 detegit
1905 2088 2018 2144 nostra
2039 2079 2191 2146 incredu-

194 2169 348 2235 ecolesiae
371 2166 576 2230 nativitatem
608 2163 754 2229 describi.
798 2163 868 2228 Nec
897 2165 984 2228 enim
1018 2171 1163 2227 tantum·
1214 2167 1300 2243 litas,
1328 2163 1413 2247 quod
1434 2165 1469 2227 in
1492 2163 1555 2228 Dei
1585 2165 1753 2246 promissis
1784 2185 1849 2228 non
1880 2165 2126 2247 acquiescimus,
2155 2174 2193 2231 ut

196 2254 290 2320 modo
312 2252 471 2335 promittit
492 2251 632 2315 Iudaeos
653 2249 888 2333 lerosolymam
916 2249 1095 2328 redituros,
1127 2258 1164 2312 ut
1215 2252 1381 2316 moderate
1405 2249 1547 2314 feramus
1570 2249 1620 2313 vel
1652 2250 1890 2332 castigationes,
1920 2250 2037 2333 quibus
2067 2272 2128 2317 nos
2150 2250 2191 2316 ad

197 2339 356 2422 templum
388 2339 587 2417 instaurent,
624 2332 681 2399 sed
711 2334 907 2418 colligendos
940 2356 981 2398 ex
1014 2332 1164 2399 omnibus
1215 2336 1446 2420 poenitentiam
1476 2335 1631 2399 sollicitat
1651 2333 1758 2399 Deus:
1789 2335 1840 2399 vel
1868 2335 1945 2400 fidei
1973 2337 2191 2418 probationes,

196 2437 303 2490 terrae
326 2423 431 2505 plagis
453 2422 507 2503 qui
532 2422 620 2504 prius
643 2418 683 2484 ab
701 2420 834 2486 ecelesia
857 2421 985 2484 fuerant
1007 2421 1113 2484 alieni.
1216 2423 1333 2505 quibus
1356 2442 1414 2485 nos
1438 2420 1477 2484 ad
1509 2420 1714 2485 tolerantiam
1744 2421 1863 2497 erudit,
1894 2422 1944 2485 vel
1975 2440 2190 2505 quascunque

283 2509 333 2573 13.
368 2507 525 2592 (Laudote
553 2507 639 2582 coeli,
667 2511 695 2571 et
721 2505 842 2571 esseda
870 2505 978 2591 terro.)
1022 2505 1164 2571 Tametsi
1217 2509 1417 2581 afflictiones,
1441 2505 1556 2588 quibus
1579 2526 1638 2569 nos
1660 2504 1820 2571 humiliat.
1861 2507 1980 2571 Merito
2003 2508 2114 2590 itaque
2134 2528 2191 2573 ex·

197 2597 266 2681 pios
288 2615 401 2658 omnes
423 2593 463 2657 ad
491 2592 672 2675 gratiarum
702 2591 861 2657 actionem
889 2592 1040 2656 hortatur
1067 2601 1165 2673 atque
1217 2593 1360 2678 postulat
1377 2591 1470 2656 Deus
1488 2611 1563 2655 eum
1581 2591 1720 2667 Iudaeis,
1744 2590 1830 2674 quod
1848 2613 1951 2675 prava
1968 2613 2027 2658 sua
2045 2592 2192 2659 diffiden-

196 2682 319 2757 ineitat,
347 2690 455 2743 tamen
477 2676 537 2743 hoo
560 2678 656 2742 simul
680 2678 820 2760 respicit,
844 2687 880 2740 ut
901 2680 1071 2743 confirmet
1092 2698 1165 2759 pro·
1218 2684 1263 2745 tia
1284 2679 1425 2746 oblatam
1450 2678 1587 2742 salutem
1611 2689 1776 2759 respuant,
1799 2697 1859 2743 noc
1880 2679 2063 2744 sustineant
2085 2701 2121 2745 se
2142 2681 2191 2743 in·

196 2767 383 2831 missionem
406 2784 489 2846 quae
512 2763 609 2827 dubia
629 2762 732 2827 videri
750 2763 916 2845 potuisset.
949 2762 1061 2828 Rebus
1079 2764 1164 2827 enim
1218 2765 1299 2831 vari.
1344 2764 1457 2845 Neque
1480 2783 1556 2827 vero
1579 2763 1748 2846 restringit
1772 2763 1834 2828 hoc
1857 2764 1973 2828 vitium
1996 2764 2037 2828 ad
2060 2784 2189 2847 paucos,

196 2854 325 2917 afflictis
358 2851 535 2914 turbantur
568 2849 782 2914 conscientiae
815 2862 958 2926 nostrae,
993 2858 1091 2931 atque
1120 2850 1167 2913 ita
1219 2853 1275 2918 sed
1298 2856 1401 2914 totam
1424 2848 1491 2912 lere
1513 2849 1680 2914 eeclesiam
1702 2849 1958 2932 comprehendit,
1981 2859 2018 2913 ut
2039 2850 2192 2915 ostendat

197 2938 352 3002 vacillant
374 2948 410 2998 ut
432 2955 496 2997 non
520 2934 598 2997 odeo
621 2934 713 2999 facile
736 2935 778 2996 sit
800 2935 833 2996 in
851 2935 915 2998 Dei
935 2935 1167 3016 promissiones
1220 2959 1254 3002 se
1284 2958 1361 3020 erga
1391 2933 1529 2998 Iudaeos
1559 2933 1741 2997 beneficum
1770 2954 1808 2997 ao
1840 2933 1968 3018 largum
2001 2936 2071 3000 lore
2104 2935 2192 3000 ultra

197 3021 299 3088 solide
328 3021 523 3084 recumbere.
579 3018 729 3099 Denique
759 3020 907 3082 homines
936 3031 991 3083 aut
1018 3021 1167 3101 suspensi
1219 3041 1407 3087 mensuram
1428 3019 1503 3083 fidei
1524 3019 1686 3101 ipsorum:
1717 3020 1782 3083 imo
1810 3040 1883 3084 cum
1905 3021 1985 3103 ipsis
2006 3041 2042 3086 se
2062 3021 2191 3095 luctari,

198 3109 343 3182 haerent,
366 3116 423 3168 aut
446 3103 619 3185 trepidant,
649 3110 707 3167 aut
735 3104 865 3185 penitus
895 3103 1071 3181 labascunt,
1102 3105 1168 3168 imo
1220 3118 1257 3174 ut
1280 3127 1353 3171 cum
1376 3105 1481 3169 salute
1500 3124 1559 3168 sua
1581 3117 1772 3187 perrumpat
1797 3105 1963 3170 obstacula
1989 3107 2100 3171 omnia
2121 3107 2191 3189 qni·

199 3192 362 3256 deficiunt.
415 3190 544 3251 Interea
578 3189 766 3269 quantisper
798 3202 933 3270 occupat
967 3202 1080 3265 metus,
1115 3189 1168 3254 vel
1220 3195 1282 3257 bus
1305 3212 1376 3255 eam
1400 3190 1561 3254 arcebant.
1606 3188 1751 3254 Videant
1773 3210 1851 3274 ergo
1880 3191 2002 3274 singuli
2031 3203 2191 3275 nostrum,

199 3279 357 3350 anxietas,
382 3274 431 3337 vol
452 3293 589 3355 moeror,
613 3274 669 3336 vix
693 3272 759 3338 ulla
777 3273 952 3337 consolatio
972 3273 1169 3338 admittitur:
1220 3278 1342 3343 nasibi
1362 3278 1394 3339 in
1411 3296 1448 3338 eo
1466 3273 1659 3356 indulgeant
1673 3285 1730 3338 aut
1746 3276 1930 3341 adulentur.
1962 3277 2091 3360 Litigat
2105 3277 2192 3343 enim

198 3363 335 3444 ideoque
358 3358 459 3423 variis
488 3359 590 3422 modis
618 3360 704 3440 ipsos
733 3360 918 3423 confirmari
948 3379 1078 3423 necesse
1109 3373 1167 3424 est.
1220 3364 1382 3428 Dominus
1403 3381 1476 3424 cum
1500 3370 1568 3424 tota
1597 3360 1740 3436 ccclesia,
1771 3363 1856 3442 quod
1887 3362 2073 3427 huiusmodi
2096 3383 2193 3428 voces

198 3450 376 3530 Propterea
400 3457 466 3507 tam
492 3445 653 3526 mignifice
671 3445 860 3509 beneficium
883 3444 981 3509 huius
1008 3445 1168 3510 liberatio·
1221 3451 1297 3515 edat
1320 3469 1401 3530 quae
1425 3466 1466 3509 ex
1488 3444 1689 3509 diffidentiae
1711 3447 1800 3510 fonte
1823 3457 1967 3512 manant.

197 3535 250 3600 nis
272 3530 437 3616 praedicat
458 3530 579 3593 Isaiae:
614 3542 649 3593 ut
679 3531 807 3594 tametsi
841 3530 886 3611 pii
918 3530 1000 3594 nihil
1035 3532 1169 3596 omnino
1307 3533 1357 3600 15.
1391 3533 1459 3615 (Aa
1491 3531 1684 3596 obliviscetur
1710 3531 1846 3617 mulier.)
1894 3533 1941 3599 Ut
1973 3533 2192 3599 diffidentiam

198 3635 327 3703 praeter
361 3628 498 3679 mortem
532 3622 564 3680 et
594 3615 732 3680 exitium
766 3617 988 3692 intuerentur,
1022 3618 1168 3681 animum
1221 3625 1316 3687 istam
1346 3619 1502 3701 corrigat,
1535 3617 1785 3698 expostulationi
1819 3618 2080 3685 exhortationem
2116 3621 2193 3686 sub·

198 3718 308 3769 tamen
325 3724 382 3784 spe
396 3701 655 3766 meliorisstatus
672 3703 844 3785 erigerent.
874 3703 942 3767 Eos
953 3702 1055 3785 igitur
1066 3724 1168 3786 paene
1219 3706 1328 3789 iungit
1350 3706 1478 3788 plenam
1501 3702 1715 3768 suavissimae
1735 3704 1971 3770 consolationis.
2007 3704 2093 3770 Nam
2117 3719 2195 3789 apta

199 3791 233 3854 in
252 3810 321 3853 rem
340 3800 540 3870 praesentem
560 3786 698 3864 adducit,
713 3809 754 3851 ne
772 3786 921 3851 dubitent
936 3788 1167 3871 amplissimam
1219 3791 1433 3859 similitudine
1471 3786 1612 3853 ostendit
1649 3800 1804 3869 quantam
1845 3789 2099 3855 sollicitudinem
2132 3812 2193 3875 pro

199 3876 279 3957 ipsis
306 3871 468 3957 gaudendi
498 3874 666 3936 materiam
697 3874 775 3937 fore:
808 3875 935 3939 tametsi
970 3894 1058 3938 nunc
1088 3875 1168 3937 nihil
1220 3880 1289 3944 suis
1311 3884 1413 3962 gerat,
1437 3875 1533 3948 matri
1556 3895 1626 3938 sese
1654 3894 1855 3954 comparans,
1887 3875 1980 3941 cuius
2002 3877 2083 3942 adeo
2104 3876 2194 3941 solli-

199 3971 330 4043 praeter
360 3978 539 4023 moerorem
570 3968 602 4020 et
629 3958 753 4023 luctum
781 3969 961 4024 cernerent.
1014 3960 1170 4024 Memine·
1221 3968 1306 4030 citus
1329 3973 1426 4044 atque
1449 3960 1567 4024 anxius
1596 3967 1644 4023 est
1673 3980 1764 4023 amor
1797 3961 1829 4023 in
1863 3961 1984 4026 foetum
2017 3982 2126 4043 suum,
2159 3974 2195 4027 ιιι

200 4047 303 4110 rimus
342 4064 434 4125 ergo,
477 4043 600 4125 quoties
634 4043 797 4107 Dominus
838 4044 960 4125 aliquid
1000 4047 1169 4126 promittit,
1223 4062 1394 4133 paternum
1417 4046 1513 4110 etiam
1537 4045 1634 4127 longo
1652 4044 1826 4109 intervallo
1844 4057 1983 4129 superet.
2017 4047 2094 4112 Non
2116 4049 2196 4114 satis

200 4129 459 4213 coniungendam
480 4151 549 4193 osse
567 4150 586 4192 a
605 4128 698 4192 nobis
716 4129 895 4211 gratiarum
915 4131 1083 4207 actionem,
1106 4150 1171 4212 qua
1222 4156 1300 4218 ergo
1319 4134 1383 4215 ipsi
1406 4131 1467 4195 luit
1487 4131 1590 4211 patris
1612 4131 1761 4212 exemplo
1789 4132 1838 4196 uti
1869 4131 1965 4216 (quod
1988 4133 2109 4214 alioqui
2132 4136 2195 4199 ire·

201 4217 307 4301 magis
324 4215 448 4278 animos
467 4229 592 4279 nostros
611 4217 804 4279 excitemus:
829 4215 953 4293 deinde,
977 4216 1171 4281 attollendae
1223 4219 1434 4303 quentissime
1458 4216 1605 4298 usurpat)
1627 4216 1684 4279 sed
1707 4225 1744 4280 ut
1761 4217 2023 4283 ardentissimum
2043 4219 2196 4285 affectum

201 4324 271 4368 esse
299 4308 424 4365 mentes
449 4300 488 4362 ad
519 4301 697 4381 potentiam
728 4301 799 4379 Dei,
827 4320 890 4381 qua
918 4301 1014 4383 longo
1043 4302 1172 4385 lateque
1223 4325 1318 4371 suum
1348 4301 1556 4384 exprimeret,
1590 4302 1687 4365 matri
1720 4322 1754 4366 se
1788 4304 1935 4367 conferre
1968 4304 2101 4368 maluit:
2137 4325 2197 4370 nec

202 4391 340 4470 imperat
362 4384 512 4449 omuibus
539 4387 705 4449 creaturis.
750 4385 832 4449 Nam
863 4387 960 4449 simul
983 4397 1080 4469 atque
1103 4410 1171 4451 ma·
1222 4391 1342 4456 liberos
1364 4389 1470 4452 solum
1495 4388 1649 4465 nominat,
1678 4389 1735 4451 sed
1768 4388 1888 4453 foetum
1918 4389 1951 4453 in
1987 4410 2085 4472 quem
2119 4412 2196 4474 pro-

202 4494 282 4537 num
305 4471 436 4549 exserit,
466 4470 590 4534 coelum
614 4481 645 4534 et
668 4479 756 4535 terra
778 4484 1033 4536 commoventur.
1077 4473 1171 4552 Quod
1223 4477 1353 4561 penaior
1383 4473 1520 4538 affectus
1549 4493 1619 4537 esee
1648 4473 1741 4536 solet.
1792 4473 1998 4540 Incredibilis
2026 4475 2114 4541 enim
2144 4490 2197 4541 est

202 4561 230 4625 si
254 4559 372 4640 ubique
395 4557 489 4639 signa
507 4565 666 4637 apparent
684 4556 883 4621 admirabilis
906 4558 975 4621 cius
997 4559 1172 4638 potentiae,
1224 4562 1339 4627 matris
1372 4559 1509 4624 aflectus
1545 4559 1579 4622 in
1613 4559 1734 4622 foetum
1768 4580 1863 4641 quem
1898 4561 1986 4625 fovet
2018 4563 2092 4626 sinu
2126 4583 2197 4637 suo,

201 4643 414 4728 praecipuum
445 4642 607 4723 specimen
642 4654 673 4705 ct
706 4643 849 4705 maxime
881 4641 1008 4707 illustre
1041 4645 1172 4726 agnosci
1223 4647 1333 4729 lactat,
1362 4653 1396 4710 et
1424 4643 1559 4710 sollicite
1588 4653 1698 4708 curat:
1728 4644 1807 4709 adeo
1836 4656 1872 4709 ut
1900 4647 2066 4712 insomnes
2095 4646 2195 4714 ducat

202 4731 277 4795 vult
298 4730 333 4793 in
356 4727 509 4792 ecclesiae
538 4726 649 4791 saluto.
694 4728 767 4792 Hac
794 4737 902 4792 autem
932 4728 1040 4811 figura
1069 4728 1173 4808 docet,
1225 4743 1344 4810 noctes,
1367 4750 1467 4812 seque
1489 4731 1643 4794 continuo
1673 4742 1823 4807 maceret,
1854 4744 1886 4795 et
1908 4734 1958 4797 eui
1987 4734 2089 4816 ipsius
2115 4733 2197 4799 obli-

203 4815 332 4880 nullum
354 4833 424 4878 esse
446 4812 554 4895 potius
584 4813 770 4894 obsequium
801 4812 885 4895 quod
909 4813 980 4877 Deo
1007 4824 1173 4896 praestent
1224 4820 1379 4885 viscatur.
1425 4821 1533 4897 Atque
1566 4815 1647 4881 haec
1680 4814 1861 4881 sollicitudo
1901 4839 1964 4882 non
1999 4827 2129 4883 tantum
2161 4820 2196 4884 in

203 4901 328 4966 coslum
347 4910 379 4964 et
398 4909 494 4975 terra,
515 4916 613 4979 quam
631 4897 659 4961 si
677 4899 870 4980 conspirent,
894 4909 927 4961 et
945 4919 1059 4981 operas
1077 4901 1172 4966 simul
1224 4903 1410 4969 hominibus
1433 4913 1575 4984 apparet,
1606 4899 1663 4965 sed
1685 4900 1783 4964 etiam
1805 4902 1840 4965 in
1863 4903 1940 4968 feris
1962 4904 2089 4969 bestiis:
2113 4925 2198 4987 quae

203 4986 371 5051 conferant
406 4983 447 5049 ad
484 4983 649 5047 ecelesiam
685 4984 871 5049 iuvandam.
915 4984 1098 5065 Caeterum,
1134 5009 1174 5052 ne
1226 4990 1355 5055 tametsi
1378 4989 1537 5052 immanes
1557 4987 1624 5051 sint
1653 4995 1779 5065 natura,
1811 4998 1918 5054 tamen
1947 4989 2008 5053 hac
2037 4990 2072 5054 in
2102 5007 2198 5073 parte

203 5071 357 5136 fatiscant
379 5069 438 5136 sub
461 5068 621 5133 malorum
643 5088 740 5133 onero
759 5068 879 5146 fideles,
903 5079 1077 5153 antequam
1100 5095 1173 5138 eon·
1225 5083 1466 5140 mansuescunt.
1495 5072 1696 5153 Quumvero
1711 5074 1876 5138 interdum
1891 5076 2060 5160 contingat
2073 5087 2198 5143 mames

204 5155 395 5223 solationem
424 5154 489 5219 illie
512 5174 531 5218 a
554 5155 624 5218 Deo
653 5154 831 5237 promittat,
860 5156 901 5218 ad
931 5157 1078 5221 miserias
1107 5159 1173 5241 pla·
1226 5162 1273 5226 sic
1295 5158 1493 5244 degenerare
1514 5159 1548 5222 in
1570 5167 1725 5239 monstra,
1749 5167 1784 5223 ut
1806 5159 2011 5227 immanitate
2035 5163 2121 5228 ieras
2142 5184 2198 5228 su·

204 5241 274 5307 cide
305 5241 454 5344 ferendas
487 5241 648 5305 hortatur.
704 5239 843 5305 Nomine
879 5241 966 5306 enim
993 5263 1175 5324 pauperum
1226 5256 1351 5331 parent,
1374 5256 1406 5310 et
1424 5246 1529 5310 foetus
1547 5244 1596 5310 sui
1619 5243 1869 5312 obliviscantur:
1892 5246 2062 5330 subiungit
2083 5247 2200 5315 Domi·
