4784 5970
188 373 251 440 tab
1068 372 1118 436 IN
1140 368 1304 438 ISAIAM
2133 363 2196 432 196

186 571 340 644 torqueat
361 569 458 644 atque
487 561 602 626 anxios
634 559 748 626 reddat
781 582 879 644 quam
914 561 942 627 si
976 559 1162 626 dubitemus
1214 579 1287 624 rare
1312 558 1470 637 affirmat,
1503 559 1556 624 cui
1585 557 1692 642 placat
1720 557 1837 707 imffioe
1865 557 1928 623 hoc
1956 556 2058 622 modo
2085 554 2193 641 magis

187 668 253 732 quo
281 656 410 723 autore,
442 646 601 729 quibusve
631 647 783 729 auspiciis
811 648 1000 713 institutum
1031 644 1162 728 aliquod
1213 643 1306 710 reddi
1328 643 1573 711 inexcusabiles.
1620 643 1680 709 Bis
1708 642 1838 725 quiem
1867 642 2076 726 glorificatur
2098 640 2194 707 Deus

189 732 430 818 aggrediamur.
471 733 649 815 Propterea
671 752 732 798 nos
754 733 795 798 ad
816 731 1043 799 certitudinem
1067 751 1163 798 voca·
1187 720 1190 767 i
1213 730 1243 795 si
1264 731 1349 796 votis
1372 749 1539 796 successus
1562 727 1770 812 respondeat:
1804 727 1861 793 ssd
1883 728 1941 794 ubi
1965 726 2050 793 nihil
2072 728 2192 793 me·

189 819 289 884 tionis
312 824 444 883 nostrae
465 820 599 883 revocat
621 818 732 883 Isaiae.
778 821 829 884 Ac
851 819 957 901 primo
981 818 1025 899 pii
1052 816 1162 883 docto·
1215 816 1284 880 rint
1305 815 1398 881 verbi
1421 816 1572 895 ministri,
1595 814 1745 898 quamvis
1768 814 1883 879 manto
1904 814 1985 897 ipsis
2008 811 2123 880 doleat
2142 814 2190 877 in·

188 925 242 970 res
264 925 338 970 oum
362 903 509 987 principe
531 925 590 968 suo
613 902 745 969 Christo
768 905 927 969 divinitus
949 923 984 969 se
1005 904 1163 968 formatos
1216 903 1415 968 fructuosum
1440 921 1510 965 esse
1536 900 1698 978 laborem,
1733 919 1798 964 non
1825 909 1875 965 ast
1903 909 2016 965 tamen
2046 919 2110 966 cnr
2138 920 2191 964 eos

189 989 401 1056 essedicunt:
424 989 499 1071 quia
516 1009 645 1071 semper
664 991 857 1057 necessariis
881 990 1009 1055 dotibus
1029 988 1165 1055 instruit
1216 987 1384 1070 poeniteat
1406 987 1477 1053 Deo
1499 986 1673 1069 placuisse,
1702 986 1795 1051 cuius
1825 984 2017 1069 approbatio
2039 984 2097 1051 bio
2118 1004 2190 1068 pcr-

189 1084 225 1141 et
246 1086 342 1141 ornat
361 1074 453 1138 Deus
476 1095 685 1157 quoscunque
705 1076 745 1139 ad
768 1095 888 1140 munus
906 1074 1042 1140 docendi
1060 1084 1163 1139 vocat.
1216 1073 1322 1137 versis
1345 1072 1445 1137 totius
1466 1071 1580 1137 mundi
1603 1069 1731 1136 iudiciis
1753 1071 1938 1155 opponitur,
1960 1070 2045 1137 acsi
2067 1069 2189 1136 diceret

191 1162 278 1226 Nam
301 1160 548 1243 quibuscunque
570 1159 663 1225 donis
686 1161 857 1241 excellant,
879 1162 918 1226 ab
942 1181 1007 1225 uno
1030 1160 1165 1243 spiritus
1216 1157 1391 1242 propbeta:
1416 1156 1578 1237 Quamvis
1600 1157 1740 1241 pessima
1762 1156 1897 1223 audiant
1918 1157 2005 1221 inter
2027 1155 2189 1233 homines,

192 1248 285 1311 fonte
303 1246 467 1328 prodeunt
484 1246 602 1310 omnia.
639 1245 694 1312 Sic
710 1247 916 1330 unigenitum
935 1246 1038 1311 filium
1057 1248 1164 1328 signa·
1214 1244 1391 1326 multisque
1414 1244 1540 1326 probris
1561 1253 1745 1318 onerentur,
1769 1242 1860 1308 laoils
1882 1252 1993 1309 tamen
2016 1262 2055 1308 ac
2077 1243 2189 1324 aequis

189 1334 241 1398 vit
263 1342 374 1414 pater:
398 1331 515 1395 deinde
538 1332 617 1396 alios
640 1354 698 1395 suo
721 1353 881 1415 quamque
904 1331 1007 1415 gradu
1031 1351 1164 1415 praepa·
1216 1330 1333 1395 animis
1355 1328 1416 1394 hoc
1438 1328 1505 1393 illis
1527 1350 1597 1395 esse
1620 1328 1856 1394 devorandum:
1880 1330 1956 1412 quia
1975 1326 2072 1393 Deus
2095 1326 2189 1393 aliter

189 1428 253 1501 rat,
275 1428 312 1482 ut
333 1416 443 1482 idonei
466 1419 533 1480 sint
556 1419 595 1482 ad
624 1418 808 1483 obeundum
838 1438 968 1482 munus.
1012 1416 1166 1482 Ostendit
1217 1424 1355 1492 statuat,
1386 1423 1419 1479 et
1440 1434 1559 1481 corona
1581 1414 1705 1480 decoris
1727 1413 1881 1499 dignetur
1903 1433 2016 1480 eornm
2046 1411 2188 1479 toleran-

190 1502 293 1570 simul
314 1504 413 1566 finem
437 1504 632 1568 vocationis:
656 1524 731 1568 uam
753 1504 789 1569 in
813 1504 900 1568 hunc
922 1504 1019 1568 finem
1043 1501 1166 1569 eonsti-
1217 1501 1306 1580 tiam,
1329 1521 1412 1582 quaa
1433 1501 1620 1583 petulanter
1641 1498 1682 1563 ab
1703 1500 1857 1582 improbis
1886 1498 2079 1565 traducitur.
2125 1499 2188 1564 Eo·

191 1589 257 1655 tuti
280 1598 412 1652 suntet
433 1588 581 1671 apostoli,
602 1600 635 1652 at
658 1588 805 1656 doctores
827 1589 989 1672 ecclesiae,
1012 1605 1050 1654 ut
1072 1588 1165 1653 dissi·
1219 1584 1293 1650 dem
1315 1606 1414 1651 sensu
1437 1605 1514 1650 mox
1544 1586 1704 1668 seqnitur,
1734 1586 1885 1652 sulficere
1914 1583 2002 1669 quod
2026 1585 2122 1651 Deus
2148 1585 2188 1650 sit

191 1684 307 1758 patum
342 1693 475 1756 gregem
511 1674 644 1740 Domini
675 1675 850 1759 colligant,
891 1695 953 1757 quo
985 1694 1098 1739 omnes
1130 1673 1165 1736 in
1217 1669 1384 1747 fortitudo,
1403 1693 1444 1735 ne
1461 1680 1646 1737 terreantur
1665 1671 1807 1737 bostium
1826 1693 1957 1737 suorum
1976 1669 2189 1737 multitudine

192 1759 279 1825 idem
315 1778 432 1841 corpus
464 1758 525 1824 sub
558 1759 691 1824 Christo
730 1760 957 1826 coalescamus.
1013 1760 1098 1825 Nam
1132 1760 1166 1823 in
1217 1767 1276 1822 aut
1297 1757 1456 1839 potentia,
1490 1777 1589 1840 quum
1620 1755 1720 1821 robur
1749 1778 1845 1823 suum
1876 1756 2019 1823 habeant
2047 1756 2085 1821 in
2118 1756 2188 1821 Deo

195 1844 320 1910 mundo
342 1846 462 1909 misera
484 1845 652 1925 dissipatio
675 1856 741 1911 est:
775 1847 807 1910 in
832 1845 963 1912 Christo
993 1866 1070 1910 vero
1097 1864 1165 1909 orn·
1215 1844 1439 1909 constitutum.

195 1932 289 1996 nium
301 1929 587 2014 ἀνακεφαλαίωσις,
600 1941 637 1994 ut
646 1932 755 2013 inquit
765 1931 930 2013 apostolus
942 1930 1041 2016 (pr.
1056 1932 1084 2007 1,
1099 1929 1165 2016 10):
1303 1929 1333 1993 6.
1356 1926 1413 2013 (El
1434 1930 1490 2010 cit,
1512 1928 1575 1992 lece
1596 1926 1661 2012 cst.)
1693 1927 1840 1994 Ulterius
1862 1928 1960 1994 etiam
1979 1926 2189 2012 progreditur

195 2036 303 2098 nequa
334 2016 421 2079 enim
453 2015 539 2080 aliud
575 2017 742 2082 vinculum
776 2018 913 2082 unitatis
946 2037 1017 2083 esse
1049 2025 1166 2099 potest.
1217 2013 1338 2079 Isaiae:
1370 2022 1467 2095 atque
1501 2012 1644 2078 laborem
1674 2013 1800 2078 christi
1832 2020 1866 2079 et
1899 2015 2000 2080 totius
2033 2013 2190 2081 ecclesiae

195 2101 293 2183 Quod
326 2102 444 2166 attinet
477 2102 518 2166 ad
555 2101 691 2166 verbum
733 2102 862 2167 creandi
902 2104 954 2167 vel
969 2106 976 2117 '
994 2101 1166 2179 formandi,
1219 2120 1283 2164 non
1308 2109 1434 2164 tantum
1454 2119 1561 2164 coram
1577 2097 1659 2178 Deo,
1682 2098 1855 2164 sedetiam
1873 2119 1982 2166 coram
2000 2098 2189 2167 hominibus

194 2189 320 2253 frustm
359 2186 412 2251 bic
452 2186 601 2251 nonnulli
634 2186 907 2270 philosophantur
945 2189 984 2253 de
1024 2186 1168 2252 humana
1218 2185 1395 2268 gloriosum
1418 2185 1487 2249 fore
1510 2183 1660 2250 ostendit.
1705 2184 1865 2265 Quamvis
1891 2187 1979 2250 anim
2006 2185 2104 2250 initio
2133 2207 2185 2253 va·

194 2270 322 2339 Obristi
344 2272 502 2347 essentia,
532 2293 613 2354 quae
635 2286 744 2338 creata
766 2284 825 2338 est.
869 2274 961 2339 Luce
989 2273 1076 2338 enim
1101 2271 1168 2337 cla·
1219 2291 1281 2335 nus
1304 2283 1337 2335 et
1357 2271 1485 2335 inutilis
1508 2269 1667 2348 videatur,
1690 2269 1853 2336 Dominus
1875 2281 1985 2336 tamen
2008 2271 2133 2337 efficiet
2153 2278 2188 2337 nt

195 2359 265 2423 rius
287 2367 348 2437 est,
374 2357 603 2422 formationem
626 2357 667 2422 ad
690 2360 830 2422 officinm
854 2356 1057 2424 referendam
1086 2379 1166 2423 esse.
1219 2355 1350 2421 tandem
1373 2354 1492 2437 aliquis
1513 2356 1640 2422 fruetus
1661 2367 1791 2437 praeter
1812 2357 1997 2439 opinionem
2017 2358 2186 2423 hominum

282 2442 453 2525 (Αιᾳιιοιιι
476 2441 664 2508 Israeliten
678 2442 864 2530 colligatur.)
897 2442 1010 2509 ludaei
1025 2444 1165 2508 interro·
1218 2451 1372 2524 emergat.
1417 2441 1487 2505 lam
1516 2443 1595 2506 satis
1623 2453 1693 2505 arat
1721 2441 1863 2507 laborem
1893 2452 2044 2509 nostrum
2074 2464 2096 2509 a
2118 2442 2187 2508 Deo

195 2529 308 2613 gative
330 2528 555 2610 haaolegunt:
579 2529 699 2593 Annon
715 2529 867 2594 reducam
884 2529 991 2613 Iacob,
1014 2538 1046 2594 et
1064 2529 1168 2594 Israel
1219 2528 1366 2609 probari:
1399 2527 1455 2591 scd
1488 2547 1585 2608 quum
1616 2526 1708 2591 addit
1737 2547 1801 2591 non
1831 2528 1962 2593 inanem
1988 2529 2059 2594 lore
2089 2530 2185 2595 etiam

195 2633 264 2680 non
286 2611 480 2696 colligetur?
513 2623 612 2695 atquc
633 2614 788 2698 supplent
809 2615 1002 2697 particulam
1028 2630 1060 2683 rt.
1102 2614 1167 2679 Ve-
1218 2613 1303 2695 apud
1326 2612 1483 2689 homines,
1507 2612 1687 2677 boeotiam
1710 2635 1770 2677 nos
1787 2615 1891 2697 magis
1909 2615 2071 2680 consolari
2090 2624 2187 2698 atque

195 2719 268 2766 rum
291 2698 349 2763 illa
370 2698 465 2764 lectio
489 2699 586 2764 nimis
601 2709 712 2766 coacta
726 2708 793 2765 est:
815 2722 874 2766 neo
889 2707 1039 2784 apostant
1054 2698 1166 2765 Iudaei
1218 2699 1325 2763 acrius
1347 2700 1484 2763 incitare
1503 2697 1607 2763 debet.
1653 2697 1749 2763 Unde
1771 2701 1927 2781 sequitur,
1951 2699 2096 2766 beneda
2117 2722 2185 2766 suc·

196 2784 277 2867 quid
307 2785 445 2850 voluerit
479 2786 655 2867 propbeta:
689 2785 747 2851 sed
780 2798 940 2868 quantum
973 2786 1007 2851 in
1041 2807 1075 2851 se
1108 2795 1167 2865 est,
1219 2805 1311 2849 cassu
1333 2784 1530 2866 sperandum
1554 2804 1639 2859 essa,
1672 2783 1728 2849 sed
1750 2783 1813 2849 Dei
1836 2785 1939 2867 ipsius
1960 2786 2099 2851 arbitrio
2119 2807 2187 2852 esse

196 2879 328 2935 textum
351 2869 542 2952 depravant,
565 2881 603 2934 ut
625 2876 740 2954 tegant
760 2872 975 2954 ignominiam
994 2892 1072 2938 snae
1087 2892 1167 2953 gen·
1219 2870 1492 2953 permittendum,
1526 2879 1563 2933 ut
1590 2869 1772 2934 benedictio
1805 2891 1903 2952 quam
1935 2872 2100 2953 promittit
2131 2893 2188 2938 sao

198 2956 252 3021 tis.
286 2954 355 3019 Alii
378 2964 557 3037 exponunt,
579 2956 655 3020 Non
678 2956 840 3038 perdetur,
864 2957 924 3035 val,
946 2957 1020 3021 Non
1039 2957 1167 3040 peribit.
1220 2966 1375 3037 tempore,
1398 2968 1555 3037 quantum
1575 2954 1811 3037 quoquomodo
1830 2954 2006 3040 videbitur,
2025 2972 2187 3041 appareat

197 3040 285 3105 Nam
306 3053 375 3131 ηῠιι
400 3040 566 3104 interdum
596 3042 757 3125 siguificat
785 3042 869 3124 quod
900 3042 1037 3108 dicimus
1066 3042 1167 3124 vulgo
1219 3040 1322 3105 Addit
1351 3051 1520 3122 praeterea
1556 3060 1619 3104 non
1649 3048 1779 3104 tantum
1810 3041 1973 3108 efficacem
2005 3043 2073 3109 lora
2103 3043 2188 3109 huuc

200 3126 365 3191 arcusa.
398 3125 608 3207 Colliguntur
630 3128 716 3190 enim
739 3147 778 3190 aa
794 3147 877 3209 quas
895 3126 1058 3192 servanda
1072 3138 1167 3191 sunt:
1221 3126 1363 3190 laborem
1386 3126 1420 3190 in
1443 3125 1561 3207 populo
1580 3125 1761 3205 israelitico,
1783 3126 1956 3193 sedetiam
1974 3127 2009 3194 in
2027 3129 2185 3212 gentibus,

197 3212 278 3276 itam
293 3229 376 3292 quae
391 3209 620 3275 consumendo.
653 3210 749 3276 Unde
764 3213 894 3294 saepius
909 3233 1008 3295 quum
1025 3212 1167 3294 aliquem
1221 3221 1320 3293 atque
1341 3211 1387 3274 ita
1408 3232 1444 3276 re
1466 3212 1535 3293 ipsa
1556 3212 1674 3276 evenit.
1709 3211 1780 3277 Imo
1803 3232 1902 3295 quum
1921 3212 2054 3280 Iudaeis
2071 3235 2185 3298 parum

197 3293 339 3361 emedio
353 3295 516 3361 sublatum
534 3296 767 3377 significamus,
792 3297 897 3362 dicere
912 3298 1054 3364 solemus
1070 3298 1169 3381 vulgo
1220 3296 1389 3380 prodesset
1417 3296 1579 3379 evangelii
1609 3296 1822 3379 praedicatio,
1851 3309 1948 3381 atque
1976 3300 2187 3382 pervicaciter

197 3381 236 3448 It
262 3387 307 3448 cst
337 3381 467 3446 boreae.
518 3381 586 3445 Nec
619 3381 704 3446 male
733 3384 923 3448 conveniret
954 3383 1007 3450 hic
1038 3402 1170 3448 sensus:
1221 3381 1263 3446 ab
1285 3381 1325 3446 iis
1344 3380 1498 3450 Christus
1521 3381 1720 3459 reiiceretur,
1751 3393 1866 3466 gentes
1887 3384 1921 3448 in
1944 3405 2058 3451 corum
2082 3386 2185 3453 locum

196 3467 322 3534 Missus
344 3488 433 3544 sum,
463 3488 505 3531 ne
527 3467 630 3531 Israel
656 3475 786 3550 pereat:
818 3469 876 3534 sed
898 3469 983 3533 malo
1006 3468 1170 3534 diversam
1221 3467 1376 3533 suffectae
1398 3471 1485 3532 sunt.
1532 3470 1640 3549 Atque
1662 3468 1708 3532 ita
1730 3468 1884 3535 Christus
1905 3470 1941 3535 in
1971 3471 2080 3537 lucam
2109 3492 2185 3556 gen·

197 3553 501 3636 interpretationem
524 3552 624 3635 sequi,
647 3573 778 3637 nempe:
811 3555 956 3619 Tametsi
979 3554 1081 3620 lsrael
1104 3574 1170 3619 non
1222 3556 1303 3618 tium
1343 3553 1554 3629 constitutus,
1607 3565 1704 3636 atquc
1750 3557 1907 3619 extremis
1946 3555 2035 3624 orbis
2083 3566 2187 3623 tarrac

198 3638 391 3721 colligatur,
422 3648 531 3702 tamen
554 3639 715 3721 gloriosus
743 3659 808 3704 ero.
853 3639 939 3704 Nam
967 3640 1086 3723 opponi
1108 3641 1170 3706 hoc
1221 3640 1368 3722 partibus
1389 3638 1478 3704 salus
1500 3640 1570 3703 eius
1590 3640 1750 3722 patefacta
1772 3652 1832 3707 est.
1867 3640 1959 3707 Haec
1980 3651 2090 3708 autern
2113 3664 2186 3709 con·

198 3724 270 3788 loco
292 3742 345 3786 res
367 3724 453 3787 inter
475 3745 509 3789 se
532 3724 712 3790 contrarias
735 3726 899 3807 probabile
921 3734 980 3791 ast.
1014 3724 1051 3791 Si
1071 3725 1169 3792 desti·
1221 3726 1336 3791 solatio
1359 3724 1453 3789 valde
1483 3725 1665 3791 necessaria
1698 3726 1759 3789 fuit
1791 3738 1858 3790 tam
1891 3727 2058 3810 prophetis
2092 3748 2185 3812 quam

199 3808 267 3872 nati
290 3819 368 3873 sunt
390 3809 531 3872 ministri
555 3810 644 3874 verbi
667 3812 701 3874 in
724 3810 863 3877 salutem
887 3811 1072 3888 hominum,
1100 3810 1169 3896 glo·
1221 3810 1385 3893 apostolis,
1407 3811 1460 3892 qui
1482 3812 1697 3894 pervicaciam
1720 3809 1918 3885 Iudaeorum
1937 3813 2042 3897 magis
2062 3833 2104 3881 ae
2121 3835 2186 3879 ma·

198 3894 323 3958 riosum
344 3893 425 3975 ipsis
447 3903 497 3957 est
518 3895 637 3959 multos
659 3894 699 3958 ad
722 3916 793 3959 eam
816 3896 946 3962 adduci:
977 3898 1029 3961 sin
1052 3897 1170 3976 minus,
1222 3899 1271 3980 gis
1304 3897 1432 3977 experti
1465 3908 1551 3961 sunt.
1607 3897 1762 3961 Poterant
1795 3899 1880 3962 enim
1920 3896 2068 3964 dubitare
2109 3920 2186 3965 num

199 3976 263 4044 hoo
295 3978 374 4060 ipsis
408 3979 554 4043 dedecori
588 3991 620 4043 et
659 3982 857 4063 ignominiae
895 3981 989 4047 cedit.
1046 3983 1171 4047 Paulus
1221 3983 1451 4047 irritaeessent
1468 3983 1548 4046 istae
1567 3983 1807 4065 promissiones,
1825 3984 2055 4065 quumnullus
2075 4005 2186 4051 aarum

200 4065 288 4128 anim
311 4075 408 4130 vocat
430 4084 485 4129 eos
508 4083 589 4145 quos
618 4065 778 4130 lucrifecit
799 4066 948 4145 (lhristo,
978 4066 1114 4150 gloriam
1139 4078 1172 4131 ct
1222 4067 1348 4132 fruetus
1369 4075 1523 4131 exstaret.
1558 4066 1623 4132 Sed
1646 4088 1745 4150 quum
1768 4068 2000 4135 intellexerunt
2015 4068 2188 4138 Ohristnm

200 4168 353 4215 coronam
376 4170 468 4215 suam
490 4149 625 4235 (Philip.
648 4151 679 4229 4,
699 4151 727 4233 1,
752 4153 779 4215 1.
796 4152 935 4230 Thes.2,
950 4153 1014 4239 19).
1047 4153 1172 4218 Contra
1222 4154 1319 4217 otiam
1342 4150 1494 4235 gentibus
1521 4152 1656 4217 missum
1685 4175 1772 4232 esse,
1805 4155 1930 4220 animos
1963 4154 2118 4240 colligere
2149 4154 2188 4222 ad

202 4254 292 4317 vero,
322 4234 377 4299 ubi
400 4234 548 4299 homines
570 4248 716 4318 pereunt,
748 4236 831 4301 nihil
854 4246 984 4321 praeter
1012 4238 1170 4321 pudorem
1222 4237 1500 4319 perseverantiam
1529 4238 1668 4303 nonita
1697 4239 1826 4304 difficile
1857 4241 1926 4306 luit.
1978 4240 2053 4307 Hoc
2080 4252 2188 4308 autem

200 4332 234 4385 et
256 4319 469 4404 ignominiam
492 4331 713 4401 reportamus:
747 4324 900 4403 quoniam
929 4324 1058 4389 videtur
1079 4323 1171 4389 Deus
1222 4323 1420 4395 incredibile,
1443 4323 1508 4385 imo
1530 4323 1749 4408 prodigiosum
1774 4337 1856 4390 crat:
1878 4325 1935 4391 sad
1958 4326 2125 4393 Dominus
2143 4327 2190 4391 ita

200 4405 395 4471 maledicere
427 4405 593 4471 laboribus
626 4407 761 4486 nostris,
801 4428 905 4490 neque
944 4430 1004 4473 nos
1042 4408 1170 4492 dignari
1223 4419 1351 4491 preater
1381 4407 1565 4489 opinionem
1595 4410 1740 4475 omnium
1768 4412 1895 4492 operari
1923 4413 2013 4478 solet.
2064 4412 2189 4478 Paulus

202 4499 295 4556 tanto
317 4488 449 4569 honore,
476 4501 513 4555 ut
535 4512 671 4575 regnum
701 4493 804 4576 ipsius
832 4513 930 4575 opera
958 4504 1068 4559 nostra
1097 4514 1170 4576 pro·
1222 4494 1284 4558 hoc
1312 4514 1467 4558 arcanum
1499 4514 1518 4557 a
1546 4495 1684 4561 saeculis
1713 4495 1937 4561 absconditum
1966 4498 2066 4563 luisse
2096 4498 2189 4565 dicit:

202 4577 351 4642 vehatur.
393 4580 438 4640 At
461 4576 620 4659 propheta
642 4578 854 4643 nihilominus
884 4599 939 4643 eos
961 4579 1017 4660 qui
1039 4578 1170 4644 Christo
1222 4600 1283 4645 nee
1304 4579 1428 4662 angelis
1451 4580 1579 4661 quidam
1602 4581 1681 4663 ipsis
1703 4591 1915 4665 compertum,
1945 4583 2008 4649 nisi
2030 4604 2134 4665 quum
2154 4603 2189 4649 re

200 4661 386 4738 servierint,
409 4662 567 4745 gloriosos
589 4663 658 4726 fora
673 4665 872 4745 pronuntiat.
906 4664 1070 4745 Loquitur
1084 4665 1170 4729 enim
1221 4665 1293 4748 ipsa
1314 4667 1347 4728 in
1378 4662 1512 4729 eeclesia
1541 4666 1605 4729 Dei
1633 4668 1830 4750 patefactum
1859 4668 1923 4733 luit
1946 4667 2065 4754 (Ephe.
2089 4668 2121 4749 3,
2143 4667 2189 4754 5).

201 4758 273 4815 tum
287 4747 328 4811 de
342 4748 459 4829 capite,
482 4755 551 4812 tum
568 4747 608 4812 de
623 4750 786 4826 membris,
806 4757 842 4813 ut
856 4750 921 4813 iam
937 4756 1033 4814 antea
1049 4747 1170 4814 dictum
1223 4749 1334 4830 Quum
1367 4769 1445 4834 argo
1478 4751 1539 4815 soli
1567 4751 1679 4817 Iudaei
1713 4773 1825 4834 sapere
1859 4754 2067 4820 viderentur:
2101 4774 2189 4820 nunc

202 4842 262 4900 est.
308 4833 468 4914 Quamvis
490 4833 591 4917 igitur
612 4832 714 4899 Israel
737 4833 844 4918 colligi
869 4833 958 4913 nolit,
981 4843 1091 4898 tamen
1114 4837 1172 4899 mi-
1222 4843 1405 4917 aequantur
1426 4837 1588 4918 gentibus,
1612 4857 1670 4901 nec
1693 4838 1759 4902 ulla
1781 4838 1867 4921 apud
1890 4840 1998 4904 Deum
2020 4839 2137 4907 ludaei
2157 4847 2190 4905 et

202 4919 340 4984 nisterio
363 4917 487 4984 Christi
517 4919 648 5002 integra
676 4920 822 4985 manebit
851 4941 909 4984 sua
939 4919 1057 5004 gloria:
1092 4940 1171 5002 quo·
1222 4920 1341 4986 Graeci
1364 4921 1527 4985 distinctio
1550 4931 1609 4987 est.
1649 4923 1762 4989 Iudaei
1785 4923 1873 4990 huno
1895 4945 2026 4992 versum
2049 4927 2189 4993 interro·

203 5005 290 5068 niam
313 5005 484 5070 hominum
510 5005 665 5087 pravitati
694 5013 727 5070 et
756 5006 920 5087 nequitiae
948 5004 1171 5087 imputabitur,
1222 5006 1333 5089 gative
1355 5006 1477 5090 legunt,
1500 5028 1542 5072 ou
1561 5007 1623 5073 leve
1644 5009 1714 5073 eet?
1741 5030 1779 5076 ao
1801 5010 1830 5075 si
1853 5010 1973 5076 diceret
1995 5012 2075 5079 satis
2098 5031 2190 5081 esse:

202 5089 289 5170 quod
311 5110 377 5155 non
398 5090 467 5154 sint
487 5090 622 5156 collecti.
667 5088 740 5156 Hac
762 5092 890 5155 ratione
912 5092 1036 5156 Paulus
1059 5110 1171 5173 quam·
1223 5091 1305 5156 nibil
1328 5095 1433 5158 maius
1456 5104 1512 5157 aut
1534 5093 1674 5175 amplius
1696 5115 1766 5160 esse
1789 5097 1974 5178 petendum.
2008 5095 2078 5164 Sed
2096 5109 2191 5164 natu·

202 5174 255 5240 vis
277 5175 437 5258 evangelii
460 5195 635 5258 praecones
657 5175 736 5241 odor
758 5178 826 5242 sint
847 5179 959 5242 mortis
982 5178 1016 5241 in
1036 5181 1171 5241 mortem
1222 5176 1325 5241 ralam
1347 5178 1523 5261 prophetae
1545 5199 1676 5244 sensum
1700 5181 1860 5247 malitiose
1880 5192 2115 5267 corrumpunt:
2142 5194 2190 5251 at-

203 5259 365 5344 reprobis,
397 5259 477 5327 bene
499 5271 607 5327 tamen
637 5270 671 5327 et
697 5263 845 5329 suaviter
872 5283 981 5328 coram
1003 5262 1075 5326 Deo
1106 5263 1171 5346 spi·
1222 5283 1286 5346 que
1307 5263 1529 5349 imaginantur
1559 5284 1593 5329 se
1621 5266 1794 5348 aliquando
1825 5268 1895 5333 fore
1927 5266 2078 5337 dominos
2111 5291 2191 5357 gen·
