4784 5970
189 342 251 408 147
1069 341 1119 407 IN
1140 340 1305 409 ISAIAM
2129 334 2194 401 148

187 531 310 618 quitur,
339 528 443 596 Orare
471 528 580 595 Deum
608 530 662 612 qui
692 549 760 595 non
789 538 908 597 servat
953 528 1042 611 Quid
1071 531 1160 595 enim
1214 530 1310 596 nibus
1342 530 1540 614 propositam
1578 528 1613 593 in
1645 527 1781 594 chrias
1821 523 2072 609 amplectamur.
2129 522 2189 591 Sic

188 617 347 686 insulsius
368 635 468 699 quam
490 625 570 681 vota
591 624 625 681 et
652 635 764 699 preces
794 614 934 701 dirigere
963 614 1005 682 ad
1032 615 1159 701 lignum
1212 617 1299 681 enim
1322 615 1415 682 Deus
1444 615 1602 682 mundum
1633 612 1749 679 dilexit
1775 615 1813 678 ut
1843 610 1948 677 filium
1980 628 2082 677 suum
2114 610 2190 676 uni·

188 704 241 770 vel
263 699 428 786 lapidem?
459 711 492 766 et
520 708 631 767 mmcn
660 700 774 767 salutis
803 701 962 785 petendae
992 722 1091 769 cansa
1119 702 1160 768 ad
1211 703 1358 786 genitum
1381 701 1488 769 daret:
1522 711 1562 767 ut
1592 699 1698 765 omnis
1730 699 1786 781 qui
1817 697 1854 761 in
1885 716 1961 762 eum
1989 694 2097 764 credit
2121 717 2189 762 nou

187 797 335 855 mortuas
355 797 479 853 statuas
500 787 660 853 cursitant
680 785 849 853 increduli.
1212 797 1332 871 pereat.
1378 786 1490 869 Quum
1511 795 1621 854 autem
1643 783 1795 850 hortatur
1815 802 1929 849 omnes
1953 781 2040 849 fines
2069 791 2189 861 terrae,

272 874 326 939 21.
349 871 580 959 (emmau.)
617 873 779 939 Provocat
802 874 855 939 hic
876 875 995 939 iterum
1017 893 1073 939 eos
1093 893 1160 938 om·
1212 873 1308 938 simul
1331 872 1473 939 ostendit
1496 872 1647 939 mortales
1670 889 1784 936 omnes
1811 867 1971 935 hactenns
1991 887 2068 935 esee
2087 887 2189 952 vaga·

188 980 248 1027 nes
276 960 334 1043 qui
362 966 513 1044 poterant
543 957 673 1024 Iudaeis
703 958 832 1024 molesti
865 980 946 1039 esse,
979 980 1016 1026 ac
1048 979 1161 1024 eorum
1213 968 1400 1042 tusaeque
1424 955 1786 1042 respectnmveriDei
1814 952 1976 1021 habuisse.
2020 952 2110 1019 Nam
2134 954 2190 1019 nbi

188 1044 288 1111 fidem
317 1054 488 1111 concutere
517 1045 584 1110 suis
614 1045 772 1112 ludibriis.
817 1044 955 1127 Semper
984 1044 1072 1110 enim
1100 1044 1162 1110 hoc
1212 1056 1262 1109 est
1282 1045 1468 1123 infidelitas,
1490 1045 1535 1111 ibi
1557 1051 1666 1109 certus
1688 1039 1753 1106 Dei
1775 1048 1925 1124 aspectus
1946 1059 2019 1105 esse
2041 1058 2110 1104 non
2134 1059 2187 1121 po·

188 1130 290 1197 habet
310 1131 522 1214 propositum,
552 1139 590 1194 ut
609 1129 711 1195 fidem
737 1130 847 1213 populi
869 1132 1025 1196 adversus
1047 1149 1161 1196 omnes
1213 1138 1287 1209 test,
1309 1131 1364 1213 qui
1386 1152 1460 1196 eum
1485 1130 1666 1213 distinguat
1687 1128 1727 1194 ab
1757 1126 1910 1192 inanibus
1929 1123 2043 1191 larvis.
2087 1123 2188 1189 Deni-

188 1219 338 1302 geutium
360 1215 502 1281 insultus
528 1216 664 1280 muniat.
708 1215 794 1280 Nam
816 1217 849 1280 in
873 1216 986 1281 multis
1007 1217 1160 1281 tentatio·
1212 1237 1274 1298 que
1297 1216 1382 1282 hanc
1408 1216 1560 1283 omnibus
1587 1214 1680 1280 exitii
1708 1232 1839 1278 causam
1855 1232 1940 1289 ,esse
1968 1211 2072 1289 dccet,
2100 1209 2187 1293 qnod

189 1303 295 1381 nibus,
324 1302 427 1384 iisque
450 1300 661 1386 gravissimis,
691 1301 872 1384 periculum
902 1312 973 1366 erat
1002 1323 1043 1366 ne
1071 1301 1161 1366 laba·
1213 1303 1474 1386 circumaguntur
1502 1303 1614 1385 pravis
1643 1300 1710 1366 suis
1738 1298 1937 1377 commentis,
1965 1306 2067 1379 atque
2094 1295 2187 1360 itaa

188 1395 318 1454 suerent
339 1387 452 1452 Iudaei
481 1387 602 1451 misere
629 1388 751 1466 afflicti,
778 1387 840 1452 nisi
865 1386 991 1453 validae
1019 1388 1161 1452 rationes
1214 1407 1291 1453 vero
1314 1388 1383 1452 Deo
1405 1388 1566 1465 deficiant,
1588 1408 1630 1451 ex
1648 1385 1740 1451 cuius
1758 1383 1874 1449 notitia
1891 1389 2033 1450 certast
2054 1390 2188 1447 aeterna

188 1484 304 1540 contra
324 1472 462 1540 fuissent
483 1474 659 1555 oppositae,
681 1494 764 1555 quae
781 1493 836 1537 eos
857 1474 892 1538 in
910 1472 1000 1540 cultu
1019 1492 1057 1540 ac
1078 1472 1162 1538 lidu-
1213 1474 1303 1539 salus
1329 1484 1452 1539 manat.
1503 1473 1647 1556 Porrigit
1674 1490 1752 1554 ergo
1779 1489 1912 1534 manum
1940 1467 2119 1543 Dominus,
2151 1482 2188 1530 ut

188 1559 239 1626 cia
260 1559 332 1624 veri
350 1558 416 1623 Dei
434 1561 621 1624 retinerent.
654 1559 823 1623 Permittit
841 1579 919 1643 ergo
938 1567 976 1623 ut
997 1558 1163 1641 proterant
1214 1579 1327 1624 omnes
1348 1560 1466 1642 eripiat
1493 1568 1593 1642 atque
1620 1557 1782 1622 rationem
1811 1553 1963 1620 ostendat
1991 1551 2187 1618 obtinendae

189 1652 289 1728 atque
311 1642 474 1710 adducant
496 1643 643 1710 homines
672 1644 800 1727 profani
822 1665 1033 1728 quaecunque
1062 1643 1162 1708 habe·
1214 1646 1337 1712 salutis.
1392 1645 1489 1712 Unde
1521 1657 1656 1728 apparet
1695 1639 1860 1724 evangelii
1899 1638 2083 1705 doctrinam
2122 1657 2186 1703 non

189 1727 274 1795 hunt
295 1749 412 1796 causae
434 1749 512 1794 suae
534 1729 730 1794 adiumenta.
763 1729 859 1810 Quod
877 1731 1036 1813 sequitur,
1058 1731 1163 1796 ineam
1214 1742 1336 1797 temere
1367 1728 1553 1796 nationibus
1585 1728 1736 1795 omnibus
1764 1725 1983 1809 praedicatam
2014 1744 2097 1802 esse,
2131 1721 2187 1789 sed

189 1815 367 1894 metam,
397 1815 528 1880 maioris
550 1814 687 1881 fiduciae
708 1836 807 1881 causa
835 1815 981 1881 additum
1004 1825 1063 1881 est.
1108 1814 1162 1882 Si·
1214 1817 1344 1883 decreto
1377 1817 1449 1894 Dei,
1487 1837 1507 1880 a
1540 1836 1603 1899 qao
1635 1815 1702 1878 iam
1739 1812 1817 1877 olim
1849 1809 1883 1875 id
1915 1818 2076 1875 statutum
2109 1819 2188 1875 erat.

189 1900 326 1985 gnificat
352 1902 441 1966 enim
471 1900 639 1983 propheta,
670 1902 882 1984 quantumvis
910 1902 995 1967 inter
1023 1924 1059 1968 ee
1085 1923 1162 1968 con·
1214 1901 1421 1985 Quanquam,
1444 1913 1480 1967 ut
1502 1901 1597 1984 paulo
1619 1907 1695 1964 ante
1713 1896 1820 1980 attigi,
1840 1896 2020 1962 socordiam
2037 1895 2188 1978 gentium

188 1985 315 2053 saltem
346 2007 384 2052 ac
415 1987 619 2070 conspirent,
660 1986 741 2051 nihil
773 1986 992 2070 presentatus,
1028 1993 1066 2052 ut
1097 1988 1163 2052 ium
1214 1997 1362 2065 accusat,
1394 1985 1480 2070 quod
1512 2006 1626 2052 sensus
1658 2002 1736 2050 snos
1768 1981 1834 2047 huc
1866 1982 1959 2061 illuc,
1991 1998 2189 2063 quocunque

191 2071 402 2138 dictumest.
453 2071 648 2154 Quanquam
677 2071 774 2138 simul
801 2073 885 2138 forte
911 2082 1028 2139 notare
1057 2073 1164 2138 voluit
1214 2074 1291 2139 tulit
1313 2072 1423 2147 libido,
1444 2073 1578 2139 flectant
1600 2093 1638 2138 ac
1658 2081 1801 2136 versent.
1844 2066 1919 2132 Etsi
1939 2066 2028 2132 enim
2052 2074 2187 2131 natura·

189 2156 363 2223 evanidam
385 2178 456 2224 esee
477 2158 615 2240 speciem
638 2167 672 2223 et
697 2158 818 2236 lucum,
847 2158 1006 2241 quidquid
1034 2160 1163 2243 excogi·
1215 2161 1290 2226 litcr
1321 2158 1363 2225 ad
1396 2158 1504 2224 Deum
1537 2157 1691 2224 accedere
1723 2176 1790 2219 non
1822 2160 1990 2238 poterant,
2022 2151 2089 2216 imo
2123 2170 2189 2215 nna

192 2252 265 2310 tant
296 2242 455 2310 increduli
488 2243 529 2307 ad
556 2243 759 2310 excusandos
788 2264 865 2309 suos
893 2264 1029 2310 errores.
1072 2243 1163 2328 Ergo
1215 2267 1288 2312 cum
1318 2246 1401 2311 lactc
1429 2244 1626 2310 imbiberant
1655 2239 1903 2324 superstitiones
1938 2237 2057 2320 quibua
2092 2244 2189 2301 erant

192 2338 357 2411 utcunque
407 2327 580 2413 splendida
630 2331 848 2394 ostentatione
890 2330 1063 2396 venditent
1105 2350 1165 2396 sua
1216 2331 1395 2409 anapaesti,
1435 2330 1506 2396 iure
1542 2339 1653 2394 tamen
1685 2327 1751 2392 illis
1783 2325 1917 2408 impium
1950 2323 2078 2408 gratiae
2110 2340 2189 2388 suae

191 2415 360 2499 figmenta,
383 2413 475 2481 docet
496 2415 658 2496 propheta
684 2417 718 2480 in
743 2416 840 2481 verbo
862 2415 927 2480 Dei
955 2417 1036 2481 satis
1063 2415 1163 2480 fultu-
1188 2382 1192 2465 l
1215 2426 1440 2499 contemptum
1481 2414 1621 2481 obiicere
1656 2413 1748 2477 Deus
1780 2413 1900 2493 potuit:
1941 2409 2018 2491 quia
2059 2426 2189 2489 semper

191 2518 249 2566 rae
270 2520 350 2578 esse,
374 2520 417 2565 ne
434 2499 578 2565 labascat
599 2503 724 2583 piorum
744 2502 835 2566 fides.
872 2501 1033 2567 Provocat
1052 2510 1164 2567 autem
1187 2470 1191 2618 ⁴
1216 2502 1419 2588 ignorantiae
1447 2501 1604 2584 implicita
1633 2509 1684 2564 est
1710 2496 1902 2581 hypocrisis,
1930 2495 2008 2561 dum
2039 2493 2188 2558 homines

191 2605 248 2652 eos
270 2586 312 2651 ad
334 2586 456 2651 serium
487 2606 638 2666 examen,
669 2598 705 2651 ut
734 2608 808 2653 cum
837 2587 910 2672 lege
939 2595 973 2651 et
1000 2587 1164 2653 vaticiniis
1214 2590 1309 2654 vanis
1327 2587 1494 2653 blanditiis
1511 2585 1615 2668 decipi
1635 2586 1768 2660 malunt,
1791 2602 1888 2665 quam
1906 2590 1996 2647 recta
2015 2578 2058 2645 ad
2076 2577 2187 2644 Deum

190 2672 378 2738 conferatur
410 2670 568 2755 quidquid
599 2671 761 2737 increduli
789 2693 808 2737 a
840 2673 909 2739 suis
941 2672 1038 2738 idolis
1070 2693 1163 2755 prae·
1216 2675 1357 2739 tendere.

191 2756 314 2824 dictum
348 2757 449 2824 luisse
486 2757 618 2823 iactant.
673 2759 831 2824 Libenter
869 2758 1046 2841 amplector
1078 2758 1163 2840 quod
1299 2760 1351 2825 23.
1385 2757 1462 2844 (Per
1481 2778 1529 2822 me
1550 2754 1682 2841 iuravi.)
1724 2753 1905 2820 Sublicita
1947 2752 2082 2816 rtiorem
2111 2769 2188 2815 con-

190 2843 407 2908 communiter
428 2852 593 2926 receptum
617 2853 676 2922 est,
705 2844 897 2927 prophetam
927 2844 1015 2927 loqui
1042 2843 1082 2910 de
1109 2864 1164 2928 po-
1213 2847 1431 2913 firmationcm
1461 2843 1629 2927 proximae
1657 2839 1848 2906 sententiae.
1891 2771 1989 2918 {iod
2017 2836 2108 2900 enim
2138 2834 2187 2898 in·

191 2928 261 3010 puli
294 2929 530 3010 redemptione:
562 2930 619 2994 sed
652 2930 729 3011 qnia
761 2932 857 2995 simul
890 2933 1062 2996 coniuncta
1093 2937 1164 2995 erat
1215 2932 1311 2998 solita
1332 2941 1417 2996 esset
1439 2944 1473 2994 et
1495 2935 1648 3011 portento
1670 2925 1786 3001 similis
1812 2924 1893 2990 haec
1914 2920 2053 2998 vocatio,
2082 2921 2187 2985 iusiu-

192 3014 317 3078 eversio
350 3013 556 3077 monarchiae
590 3015 813 3097 babylonicae,
846 3035 917 3079 eam
950 3016 1047 3080 simul
1080 3036 1164 3081 com·
1214 3017 1354 3082 randum
1384 3015 1532 3081 adhibet:
1562 3013 1657 3079 sicuti
1687 3009 1784 3077 rebus
1813 3009 1907 3075 novis
1934 3016 1968 3073 et
1999 3005 2188 3072 difficilibus

193 3098 352 3181 prehendi
390 3099 506 3162 sentio.
570 3098 733 3178 Quoniam
774 3109 883 3164 autem
924 3102 1075 3184 repetitio
1112 3107 1164 3165 eet
1215 3101 1341 3169 creditu
1364 3102 1434 3167 ficri
1449 3102 1541 3167 solet.
1581 3099 1739 3164 Poterant
1756 3097 1843 3163 enim
1862 3111 2046 3178 repugnare
2061 3090 2188 3171 Iudaei,

193 3181 339 3248 eiusdem
358 3183 545 3263 sententiae,
567 3197 656 3274 noph
679 3193 713 3248 et
733 3199 791 3251 τοι)
819 3185 906 3249 idem
926 3188 1055 3251 valent:
1078 3206 1115 3251 ac
1136 3185 1164 3249 si
1216 3187 1300 3271 quod
1331 3187 1392 3253 soli
1425 3186 1556 3252 nomine
1587 3184 1681 3250 electi
1709 3182 1821 3267 populi
1851 3182 2076 3246 censerentur.
2121 3175 2188 3243 Sed

193 3267 324 3347 diceret,
347 3269 387 3333 ab
409 3267 503 3332 initio
521 3278 554 3333 et
572 3271 636 3334 iam
654 3270 741 3334 olim.
775 3270 849 3336 Hoc
865 3271 951 3335 enim
970 3271 1164 3338 vaticinium
1216 3294 1317 3356 quum
1338 3271 1547 3338 iureiurando
1570 3269 1604 3335 id
1626 3270 1806 3343 confirmat,
1829 3265 1957 3332 tollitur
1976 3263 2088 3328 omnis
2109 3279 2187 3329 eon·

192 3352 297 3419 multo
325 3363 500 3435 antequam
530 3375 583 3419 res
612 3355 774 3420 accideret
802 3355 926 3421 editum
955 3357 1024 3422 luit.
1067 3356 1164 3422 Unde
1215 3358 1383 3424 troversia.
1420 3357 1573 3424 collimat
1591 3357 1722 3438 quidem
1740 3352 1847 3419 adhuc
1868 3351 2028 3436 propheta
2048 3348 2085 3413 in
2107 3367 2189 3413 eun·

193 3448 283 3507 certo
316 3438 467 3523 colligere
498 3452 649 3523 poterant
685 3440 812 3520 fideles,
853 3442 959 3507 Deum
991 3443 1163 3525 loquutum
1216 3445 1290 3510 dem
1312 3466 1457 3526 scopum,
1486 3463 1602 3524 nempe
1624 3443 1659 3505 in
1689 3440 1841 3507 ecclesiae
1870 3435 2114 3502 instauratione
2141 3433 2189 3499 sic

192 3532 280 3592 esse:
314 3525 553 3591 Praescientiae
586 3526 736 3612 adiungit
767 3529 955 3611 potentiam,
987 3539 1025 3593 ut
1056 3529 1163 3612 prius:
1216 3533 1424 3612 conspicuam
1453 3529 1521 3595 foro
1544 3529 1607 3592 Dei
1637 3526 1775 3611 gloriam
1804 3536 1841 3589 ut
1870 3531 1976 3587 totum
2005 3520 2122 3586 orbem
2148 3520 2188 3584 ab

194 3630 382 3694 quanquam
397 3611 494 3676 simul
509 3613 664 3694 exprimit
675 3634 829 3696 quorsum
843 3615 887 3680 sit
901 3622 1030 3698 potens:
1048 3634 1165 3697 nempe
1216 3626 1288 3683 ortu
1311 3616 1388 3682 solis
1417 3637 1518 3699 usqne
1547 3612 1588 3678 ad
1618 3632 1768 3678 occasum
1796 3611 1832 3674 in
1859 3610 1909 3675 sui
1937 3606 2188 3672 admirationem

196 3696 237 3762 ad
260 3695 456 3762 servandum
480 3697 634 3781 populum
656 3720 762 3764 suum.
1216 3703 1470 3786 expergefaciat:
1511 3701 1572 3776 vel,
1605 3710 1643 3764 nt
1674 3698 1805 3764 brevius
1838 3695 1953 3771 dicam,
1985 3692 2119 3776 insigne
2151 3708 2189 3755 ac

281 3781 333 3846 22.
356 3780 527 3866 (Respicite
547 3785 589 3848 cd
610 3785 680 3870 me.)
723 3785 896 3851 Hactenus
917 3785 1003 3852 solos
1024 3784 1163 3851 Iudaeos
1216 3789 1428 3872 magnificum
1458 3789 1527 3853 lore
1556 3784 1617 3852 hcc
1645 3784 1810 3866 specimen
1838 3779 1969 3845 virtutis
1995 3777 2071 3853 Dei,
2099 3774 2188 3859 qnod

192 3866 379 3950 alloquutus
401 3874 480 3942 erat,
509 3887 546 3932 ac
567 3869 594 3932 si
617 3871 703 3935 salus
725 3870 765 3935 ad
787 3891 842 3936 eos
863 3870 949 3936 solos
971 3873 1164 3953 pertineret:
1216 3874 1350 3958 populos
1384 3894 1498 3938 omnes
1527 3878 1616 3935 metu
1646 3868 1810 3953 percellat
1862 3865 2001 3931 Interim
2027 3869 2118 3928 recte
2147 3882 2188 3926 ex

193 3973 281 4020 nunc
302 3953 401 4018 latius
428 3973 610 4018 sermonem
639 3975 732 4019 suum
763 3957 918 4021 extendit.
963 3957 1163 4024 Universum
1216 3960 1269 4026 his
1290 3960 1399 4024 verbis
1421 3958 1586 4043 colligitur
1607 3955 1692 4038 quod
1715 3954 1792 4029 dixi,
1821 3961 1935 4037 gentes
1955 3948 2111 4015 videlicet
2133 3968 2188 4012 cx·

193 4038 282 4104 enim
304 4040 414 4104 orbem
437 4040 557 4103 invitat
580 4039 619 4103 ad
642 4060 732 4122 spem
756 4042 881 4107 salutis.
925 4043 970 4106 Ilt
991 4042 1089 4107 simul
1111 4043 1162 4107 in·
1215 4043 1401 4128 aequandae
1422 4065 1493 4110 esse
1515 4042 1655 4119 Iudaeis,
1679 4050 1717 4105 ut
1738 4039 1830 4103 Dens
1852 4039 1895 4104 sit
1915 4034 2098 4101 communis
2119 4053 2188 4097 om·

193 4123 406 4209 gratitudinis
429 4124 562 4188 damnat
583 4134 715 4190 cunctos
738 4125 882 4209 populos,
907 4128 962 4209 qui
985 4128 1054 4193 suis
1075 4149 1163 4193 erro·
1216 4132 1308 4195 nium
1340 4139 1449 4213 pater,
1483 4140 1516 4194 et
1548 4128 1669 4210 ubique
1702 4125 1873 4209 regionum
1905 4121 2042 4189 colatur.
2096 4116 2189 4184 Deus

193 4208 285 4275 ribus
308 4208 409 4274 dediti
431 4211 522 4291 quasi
546 4210 621 4274 data
642 4231 741 4293 opera
759 4212 847 4278 vitae
862 4212 967 4277 lucem
986 4213 1163 4297 fugiebant.
1216 4236 1293 4279 vero
1315 4236 1374 4299 per
1400 4238 1435 4281 se
1464 4215 1572 4298 ipsum
1602 4213 1706 4278 iurat:
1739 4211 1816 4294 quia
1848 4229 1915 4273 non
1949 4212 2056 4290 potest
2088 4203 2188 4269 alium

194 4293 284 4377 Quid
318 4296 403 4359 enim
436 4298 540 4379 magis
574 4295 746 4379 indignum
779 4316 877 4379 qnam
905 4297 1042 4363 salutem
1071 4321 1163 4364 suam
1217 4299 1336 4366 habere
1357 4302 1436 4366 satis
1463 4300 1616 4365 idoneum
1647 4306 1764 4364 testem
1793 4293 1951 4362 veritatis.
1995 4290 2073 4375 Ipse
2098 4289 2188 4355 enim

193 4381 280 4447 ultro
309 4380 485 4463 respuere?
529 4380 626 4445 Iubet
655 4381 756 4464 igitur
782 4402 895 4446 omnes
927 4383 961 4447 in
994 4404 1031 4447 se
1063 4385 1163 4468 respi-
1215 4386 1303 4451 selus
1336 4386 1457 4453 veritas
1488 4393 1547 4450 est.
1601 4384 1771 4459 Homines,
1808 4389 1846 4447 ut
1882 4378 1993 4462 inquit
2023 4373 2190 4460 apostolus

193 4483 285 4534 ceres
325 4474 422 4548 atque
455 4475 626 4550 praecepto
663 4466 912 4549 promissionem
945 4466 1044 4547 addit,
1083 4490 1165 4552 quae
1216 4470 1384 4555 (Habab,
1409 4469 1471 4554 16),
1501 4491 1559 4553 per
1587 4469 1742 4534 maiorem
1764 4487 1799 4534 se
1820 4467 1946 4531 iurant:
1982 4461 2075 4529 Deus
2100 4479 2188 4537 vero,

195 4553 271 4637 plus
292 4550 450 4616 momenti
472 4551 586 4615 habet:
615 4560 711 4635 atque
740 4553 843 4636 magis
865 4553 1045 4630 confirmat,
1066 4574 1164 4636 quam
1216 4577 1317 4638 quum
1340 4557 1496 4621 maiorem
1519 4577 1584 4621 non
1608 4555 1751 4633 haberet,
1782 4552 2026 4635 perseipsum
2054 4547 2187 4613 iuravit

194 4641 223 4707 si
252 4636 407 4703 mandato
437 4637 575 4719 simplici
598 4657 677 4702 usus
706 4646 799 4703 esset.
842 4636 959 4720 Itaque
986 4637 1040 4704 hic
1066 4638 1164 4705 habe·
1217 4641 1325 4707 Oausa
1346 4641 1475 4707 iurandi
1496 4640 1640 4706 notanda
1661 4650 1720 4720 est,
1749 4639 1825 4722 quia
1847 4634 2031 4702 infirmitati
2052 4652 2188 4699 suorum

195 4744 270 4791 mne
291 4724 423 4808 insigne
446 4723 667 4788 testimoninm
691 4722 871 4789 vocationis
894 4722 1055 4807 gentium:
1079 4724 1165 4806 quod
1217 4748 1407 4792 succurrere
1425 4726 1537 4806 voluit,
1557 4748 1597 4791 ne
1612 4725 1701 4792 dubii
1716 4726 1963 4790 fluctuarentur.
1995 4720 2086 4787 stira
2099 4724 2187 4787 certe

194 4810 304 4877 diruta
334 4809 490 4888 maceria,
529 4828 594 4891 qua
626 4806 740 4873 Iudaei
772 4829 792 4873 a
825 4808 978 4892 gentibus
1010 4806 1166 4877 disiuncti
1217 4810 1429 4896 indulgentia,
1458 4812 1543 4893 quod
1571 4822 1607 4876 ut
1629 4811 1798 4876 medeatur
1826 4806 2029 4875 diffidentiae
2056 4812 2188 4871 nostrae

195 4907 308 4975 erant,
348 4915 462 4961 omnes
495 4895 675 4976 promiscue
705 4891 867 4959 Dominus
899 4892 939 4957 ad
973 4913 1009 4958 se
1039 4894 1165 4961 invitet.
1217 4898 1297 4962 vitio
1319 4918 1383 4963 non
1405 4908 1561 4982 gravetur
1580 4917 1697 4962 numen
1719 4916 1817 4962 suum
1835 4894 1927 4977 quasi
1948 4893 2096 4977 pignoris
2116 4891 2186 4957 loco

194 4982 371 5049 Caeterum
393 4981 447 5048 hic
473 4981 572 5046 etiam
601 4998 772 5044 monemur
800 4998 883 5061 quae
909 4979 953 5043 sit
974 4997 1053 5043 vera
1081 4981 1167 5045 ratio
1218 4982 1253 5046 in
1276 4982 1420 5048 medium
1441 4983 1597 5066 prolerre:
1628 5003 1692 5064 quo
1714 4981 1841 5064 turpior
1862 4980 2031 5065 magisque
2051 4976 2188 5045 scelesta

195 5064 441 5151 consequendae
472 5065 602 5133 salutis:
637 5083 755 5147 nempe
786 5083 886 5146 quum
916 5063 1105 5147 respicimus
1133 5065 1166 5128 in
1218 5075 1268 5132 eet
1290 5077 1399 5132 nostra
1427 5066 1644 5146 incredulitas,
1673 5068 1700 5131 si
1730 5088 1772 5132 ne
1801 5064 2027 5132 iusiurandum
2055 5063 2187 5148 quidem

195 5155 319 5232 Deum,
353 5161 484 5236 totoque
516 5151 625 5217 animo
656 5148 697 5215 ad
729 5149 836 5231 ipsum
869 5148 1016 5215 conversi
1045 5169 1165 5216 sumus.
1218 5152 1312 5218 nobis
1333 5153 1460 5220 sufficit.
1504 5153 1608 5218 Porro
1636 5173 1736 5235 quum
1760 5152 1852 5218 Deus
1879 5170 2009 5218 omnem
2036 5150 2188 5218 veritatis

195 5236 434 5325 Respiciendae
456 5246 506 5306 est
527 5246 636 5304 autem
658 5234 750 5303 oculo
771 5233 856 5315 fidei,
879 5242 918 5300 ut
939 5234 1077 5301 salutem
1099 5254 1167 5300 om·
1218 5238 1493 5306 confirmationem
1516 5237 1556 5304 ad
1578 5257 1613 5304 se
1640 5250 1779 5318 revocet,
1810 5237 1984 5323 diligenter
2004 5237 2188 5305 cavendum
