4784 5970
185 380 254 447 499
994 375 1383 447 Punutuomouus
2130 377 2199 445 500

188 589 247 648 eos,
276 569 379 650 iuquit
407 566 554 632 Ieltoeole.
600 568 718 632 Postea
747 564 866 632 clarius
896 566 1037 650 explicat
1065 587 1161 634 usum
1213 566 1282 650 sore
1310 568 1451 647 testaris,
1481 568 1511 632 si
1539 566 1628 633 niodo
1657 564 1700 630 ad
1727 565 1979 633 misericordiam
2006 571 2096 633 brom
2126 586 2195 634 cau

188 654 287 720 huius
307 653 482 719 doctrinae.
1214 653 1388 737 fugiamus,
1408 672 1446 718 ne
1463 652 1628 719 obstructis
1647 650 1779 717 numbers
1796 670 1984 733 respuamus
2003 651 2087 718 bane
2105 657 2196 718 tuam

1215 738 1449 820 benipnitatem,
1482 738 1537 804 sed
1566 756 1714 803 memores
1739 739 1900 820 pratudae
1927 736 2083 805 electionis
2112 745 2192 816 tuoe,

274 824 304 889 4.
338 825 458 889 Audite
491 841 662 888 emmonem
694 821 826 889 Ioboaae
857 822 967 888 domus
995 823 1104 904 Iacob,
1138 827 1165 888 et
1215 844 1296 906 quae
1320 824 1520 906 principium
1548 822 1605 889 tibi
1628 828 1674 888 est
1694 824 1834 887 munium
1859 824 2048 908 pratiarum,
2077 825 2194 907 qubus

189 929 295 975 omnes
316 910 508 993 aequationes
530 908 594 993 (vel
618 907 773 993 familiae)
795 909 905 974 dornus
928 908 1042 975 Israel.
1215 929 1271 974 nos
1300 909 1450 990 diqnaris
1472 909 1638 991 prosequi,
1667 907 1850 974 studeamus
1876 910 1923 974 ita
1943 929 2000 975 nos
2022 908 2081 975 tut
2104 910 2196 975 addi·

274 995 304 1059 5.
341 994 395 1060 Sic
428 995 502 1059 dicit
534 993 683 1071 Ieboeab,
727 994 810 1074 Quid
842 995 1024 1059 inuenerunt
1057 998 1166 1075 patres
1215 1014 1289 1074 cere,
1318 999 1353 1059 ut
1373 994 1565 1077 ptorifieetur
1593 1013 1703 1060 omnen
1730 998 1820 1058 tuum
1840 998 1903 1060 tota
1923 996 1989 1060 cita
2010 1000 2139 1060 nostra:
2166 1002 2195 1061 et

187 1081 284 1145 aedri
306 1081 342 1145 iu
363 1101 410 1144 me
433 1080 625 1160 iniqnitatis,
655 1079 732 1160 quia
760 1079 890 1144 alienati
911 1084 983 1146 snrtt
1005 1100 1026 1144 a
1046 1099 1107 1159 me,
1137 1083 1165 1144 et
1216 1082 1247 1146 si
1268 1081 1421 1164 contineat
1442 1101 1499 1146 nos
1519 1078 1690 1161 aliquando
1715 1079 1770 1145 abs
1791 1083 1820 1144 te
1841 1079 2005 1164 declinare,
2034 1086 2069 1145 ut
2090 1085 2195 1148 tamen

189 1165 424 1231 ambulaverunt
453 1164 518 1250 (vel
546 1165 681 1247 profecti
705 1164 793 1250 sunt)
821 1171 893 1247 post
921 1165 1103 1242 uanitatem
1137 1169 1165 1230 et
1215 1166 1273 1232 cito
1294 1166 1459 1231 redeamus
1477 1166 1511 1230 in
1528 1166 1624 1246 aiom,
1646 1169 1675 1229 et
1695 1165 1843 1248 moriperi
1863 1166 1965 1233 amus
1984 1167 2109 1232 caudis
2129 1168 2195 1232 tuis

187 1251 264 1331 facti
283 1256 355 1316 sunt
376 1250 526 1316 evanidi?
550 1247 616 1332 (vel
640 1248 870 1335 evanuerunt).
1215 1250 1497 1332 admonitionibus,
1527 1255 1561 1315 ut
1581 1252 1628 1315 ita
1650 1255 1802 1333 appareat
1828 1270 1883 1318 nos
1904 1253 1951 1316 sic
1971 1252 2066 1318 semet
2088 1251 2193 1318 abste

888 1416 891 1423 Ι
1215 1337 1320 1402 decios
1341 1356 1413 1415 esse,
1437 1342 1465 1401 et
1482 1355 1558 1402 voca
1571 1355 1614 1416 os,
1636 1341 1670 1401 ut
1687 1337 1856 1416 cupiamus
1873 1356 2058 1418 pennanere
2079 1338 2118 1403 in
2139 1359 2193 1420 spe

275 1422 340 1486 Hic
362 1422 503 1505 explicat
525 1421 616 1485 Deus
646 1441 802 1502 quorsum
832 1421 1006 1503 protulerit
1035 1421 1068 1486 in
1099 1442 1164 1486 me
1215 1422 1305 1487 illius
1327 1422 1450 1499 salutis,
1473 1422 1632 1503 adquam
1653 1442 1711 1487 uos
1730 1421 1858 1504 incitas
1879 1427 2004 1504 atquae
2026 1423 2118 1488 nobis
2132 1444 2195 1505 pa-

189 1506 279 1572 dium
302 1507 388 1589 quod
412 1505 563 1586 vidimus,
586 1527 704 1588 nempe
727 1527 761 1571 se
777 1505 932 1572 Israelem
956 1507 1017 1572 sibi
1040 1505 1164 1572 dicasse
1215 1513 1289 1573 rata
1317 1511 1363 1573 est
1389 1507 1424 1572 in
1452 1507 1547 1586 coelo,
1574 1526 1636 1588 per
1665 1506 1824 1573 Obrisbrm
1852 1508 2012 1574 duninum
2040 1513 2194 1586 nestorem

187 1592 222 1656 in
246 1592 402 1675 populum
420 1593 626 1674 peculiarem,
650 1603 682 1656 et
697 1591 836 1657 velutin
852 1593 1023 1673 primitias.
1058 1591 1164 1676 Saepe
1216 1595 1327 1659 Amen.

187 1677 280 1742 Dens
303 1678 460 1742 beneficia
481 1698 540 1742 suo
563 1698 642 1760 erga
664 1698 723 1743 nos
745 1678 921 1760 praedicat,
952 1687 990 1742 ut
1013 1679 1165 1743 hortetur

188 1783 250 1827 nos
273 1763 313 1826 ad
341 1764 424 1828 bene
452 1762 665 1844 sperandum,
697 1770 732 1827 ut
759 1771 847 1829 certo
876 1764 979 1828 simus
1008 1764 1163 1846 persuasi,
1301 1763 1385 1828 Heri
1418 1762 1607 1828 audivimus
1641 1761 1705 1826 Dei
1742 1761 1993 1845 querimoniam,
2033 1784 2101 1847 qua
2135 1787 2193 1831 ex·

187 1848 351 1930 ¹quidquid
374 1847 536 1927 acciderit,
559 1869 687 1929 semper
709 1869 768 1913 nos
786 1850 853 1913 iore
868 1848 987 1928 salvos,
1010 1849 1163 1931 quoniam
1216 1848 1402 1932 postulabat
1424 1869 1498 1913 oum
1521 1848 1641 1932 populo
1663 1868 1732 1913 suo.
1770 1847 1911 1914 Dicebat
1932 1851 1967 1912 in
1990 1870 2133 1930 summa,
2155 1852 2193 1918 Si

192 1954 304 1998 sumus
327 1934 387 1998 sub
410 1934 479 1997 eius
502 1934 583 2009 fide,
614 1954 655 1996 ex
679 1954 740 2016 quo
770 1955 829 1998 nos
858 1933 965 2017 elegit.
1012 1933 1079 2000 Sed
1102 1933 1164 1999 hoc
1217 1933 1415 1999 veniendum
1438 1934 1481 1998 sit
1502 1953 1613 1999 coram
1637 1933 1744 2016 aliquo
1765 1932 1881 2011 iudice,
1909 1934 1970 2001 sibi
1993 1956 2066 2001 esse
2090 1937 2193 2003 iustas

191 2018 260 2084 loco
294 2029 325 2082 et
354 2019 426 2083 aliis
455 2018 678 2100 compluribus
712 2027 860 2084 recenset
882 2018 974 2084 Deus
1003 2029 1164 2103 quantum
1216 2039 1330 2085 causas
1354 2017 1558 2084 damnandae
1581 2039 1694 2084 eorum
1716 2018 1982 2104 ingratitudinis:
2005 2020 2098 2104 ipsos
2118 2042 2193 2089 vero

190 2102 251 2169 sibi
274 2104 413 2168 debeant
430 2103 609 2180 israelitae,
634 2114 669 2168 ut
687 2103 764 2170 inda
782 2104 900 2170 melius
916 2116 1024 2187 pateat
1040 2106 1165 2170 crimen
1216 2125 1325 2171 carere
1347 2104 1436 2169 omni
1459 2109 1650 2187 praetextu,
1683 2105 1761 2187 quia
1782 2105 1919 2188 proiecti
1947 2106 2015 2172 sint
2037 2115 2115 2189 post
2137 2130 2192 2173 va·

190 2190 445 2272 ingratitudinis.
491 2190 580 2254 Dicit
600 2191 712 2272 igitur,
743 2190 862 2255 Audite
883 2204 1054 2256 samonem
1076 2190 1165 2255 seeo·
1217 2192 1365 2270 nitatem,
1396 2196 1430 2254 et
1453 2190 1530 2255 facti
1553 2190 1621 2255 sint
1643 2189 1784 2272 evanidi,
1815 2190 1876 2257 boc
1898 2199 1957 2267 cst,
1986 2192 2080 2257 nulla
2102 2212 2193 2260 coca·

190 2296 256 2339 oae.
312 2276 386 2339 Hac
417 2275 619 2357 praefatione
653 2275 714 2340 sibi
750 2276 962 2341 attentionem
1004 2275 1163 2340 conciliat.
1216 2276 1308 2342 aione
1328 2277 1434 2358 ipsum
1454 2274 1668 2352 deseruerint,
1691 2284 1724 2340 et
1742 2284 1871 2341 tantum
1890 2276 2017 2360 abrepti
2036 2278 2107 2344 sint
2120 2288 2194 2362 post

190 2360 275 2424 Nam
298 2361 461 2443 significat
483 2379 517 2423 se
541 2359 639 2423 verba
662 2381 727 2423 non
751 2362 914 2425 facturum
936 2360 976 2425 de
998 2382 1033 2425 re
1056 2361 1165 2443 aliqua
1216 2381 1276 2427 sna
1299 2362 1464 2445 figmonta.
1511 2361 1606 2427 Nunc
1629 2360 1785 2444 sequitur,

192 2446 330 2528 vulgari.
376 2446 494 2510 Audite
515 2464 585 2528 erpo
607 2445 717 2510 danus
739 2444 842 2525 Iacob,
865 2446 972 2512 audite
992 2466 1097 2512 omues
1116 2448 1165 2530 so·

190 2531 299 2595 miliae
320 2531 428 2595 daucus
451 2530 563 2607 Israel,
586 2531 701 2612 inquit.
734 2530 836 2611 Quasi
857 2530 980 2598 diceret
997 2530 1163 2612 Ieremias,
1303 2532 1333 2597 6.
1366 2531 1410 2595 Et
1438 2550 1499 2595 uon
1528 2530 1678 2596 dionunt
1705 2529 1780 2617 (hoo
1810 2540 1875 2616 cst,
1905 2552 1972 2598 non
2002 2533 2193 2618 cogitarunt

190 2617 263 2700 Ego
294 2617 346 2680 hio
379 2637 491 2681 secure
525 2615 645 2698 prodeo
679 2617 713 2679 in
746 2616 889 2681 medium
924 2616 988 2682 Dei
1022 2619 1162 2694 nomine,
1217 2616 1303 2701 apud
1331 2616 1395 2701 se),
1425 2616 1488 2682 Ubi
1515 2622 1561 2681 est
1585 2616 1735 2700 Ieboeab,
1764 2619 1820 2699 qui
1848 2617 1956 2684 educit
1982 2640 2041 2686 nos
2068 2626 2191 2688 eterra

190 2703 352 2784 quianon
377 2721 490 2767 vereor
514 2722 556 2765 ne
576 2701 644 2765 nlla
670 2703 772 2784 possit
800 2702 909 2767 afferri
939 2722 958 2767 a
987 2704 1077 2770 vobis
1108 2702 1164 2768 de·
1216 2703 1361 2786 Aepppti,
1391 2706 1419 2767 et
1441 2702 1601 2784 proficimi
1620 2702 1695 2784 feeit
1715 2722 1773 2768 nos
1791 2722 1852 2784 per
1873 2704 2026 2770 desedum
2047 2706 2085 2770 in
2108 2712 2191 2772 terro

189 2788 309 2865 fensio,
341 2808 423 2871 quae
446 2787 573 2852 refellat
596 2788 657 2851 Dei
681 2786 958 2872 obiurgationam:
996 2798 1028 2853 et
1050 2809 1164 2855 secure
1216 2788 1363 2854 solitaria
1394 2786 1459 2871 (vel
1483 2787 1590 2869 vasta)
1621 2787 1834 2872 etsqualida,
1865 2788 1899 2853 in
1920 2794 2006 2856 terra
2033 2790 2189 2870 horribili,

190 2885 342 2957 exspecto
365 2872 443 2955 quid
466 2874 537 2937 sitis
561 2871 695 2938 dicturi:
729 2874 805 2956 quia
827 2875 893 2939 scio
921 2895 979 2939 vos
1001 2874 1069 2940 iore
1092 2895 1164 2939 mu·
1216 2874 1388 2940 etumbrae
1408 2873 1530 2938 mortis:
1551 2872 1586 2936 in
1603 2878 1688 2938 terra
1706 2893 1768 2954 per
1788 2893 1883 2955 quam
1905 2875 1956 2941 uir
1972 2895 2035 2942 non
2054 2878 2192 2953 transiit,

192 2972 251 3025 tos.
302 2961 374 3042 Ego
405 2958 505 3042 igitur
535 2957 674 3022 libenter
703 2960 807 3022 instar
833 2959 988 3025 buccinae
1018 2959 1164 3025 clamabo
1217 2963 1246 3025 et
1266 2959 1302 3024 in
1323 2979 1386 3041 qua
1408 2978 1468 3023 non
1489 2957 1639 3023 labiavit
1659 2958 1777 3023 bomo?

191 3064 310 3108 sonora
333 3065 419 3121 voce,
442 3064 493 3106 me
516 3043 629 3108 venire
652 3043 692 3106 ad
716 3065 773 3108 vos
796 3043 1016 3110 damnandos:
1039 3045 1163 3127 siquid
1303 3045 1331 3110 l.
1362 3044 1406 3109 Et
1426 3043 1589 3109 introduci
1610 3063 1664 3108 aas
1684 3045 1719 3108 in
1741 3050 1858 3109 terram
1877 3046 2012 3128 fertitem
2032 3047 2078 3114 ad
2099 3067 2194 3115 come-

191 3128 349 3209 estquod
373 3127 604 3209 respondeatis,
628 3129 848 3211 egoliberum
871 3128 964 3194 vobis
987 3129 1083 3195 facio:
1107 3130 1163 3195 sed
1216 3129 1332 3196 modos
1358 3130 1481 3212 fricatus
1509 3129 1579 3194 eius
1610 3126 1675 3214 (vel
1706 3129 1746 3193 ad
1777 3130 2012 3197 comedendum
2045 3133 2190 3200 fructum

191 3224 284 3295 coget
313 3213 385 3295 ipsa
415 3213 537 3277 veritas
572 3234 628 3276 vos
661 3215 897 3290 obmutescere,
932 3213 1007 3297 quia
1040 3215 1163 3280 crimen
1217 3217 1296 3294 eius,
1318 3215 1353 3279 iu
1372 3214 1555 3300 singulari),
1578 3214 1876 3281 alubertatemeins
1898 3215 2112 3302 (adverbum
2131 3228 2192 3300 est,

191 3308 337 3363 vestrum
361 3298 458 3361 nimis
481 3307 531 3361 cst
553 3298 762 3376 exsecrabile,
791 3307 824 3362 ct
844 3298 944 3364 nimis
968 3299 1065 3365 etiam
1088 3320 1164 3364 oon·
1217 3298 1257 3364 ad
1275 3299 1395 3364 bonum
1419 3298 1514 3384 eius),
1537 3305 1566 3364 et
1583 3301 1719 3382 inpressi
1741 3302 1824 3382 estis,
1846 3306 1875 3366 et
1888 3301 2053 3385 polluistis
2074 3309 2191 3370 umam

192 3385 323 3449 victum.
368 3383 444 3447 Huc
466 3382 567 3466 igitur
588 3392 714 3464 spectet
736 3381 929 3461 exhortatio,
953 3405 1053 3466 quum
1074 3384 1166 3450 iubet
1215 3405 1333 3461 mam,
1370 3390 1398 3450 et
1430 3383 1649 3452 haereditatem
1684 3406 1785 3452 meam
1815 3389 1971 3471 posuistis
2005 3390 2041 3454 in
2076 3389 2193 3456 ndomi-

192 3475 300 3534 atteute
327 3468 447 3534 audire.
493 3469 564 3532 lem
593 3468 742 3552 sequitur
770 3469 842 3550 ipsa
868 3471 1047 3550 accusatio,
1082 3471 1165 3552 Quid
1215 3472 1381 3536 nationem.

189 3556 372 3619 inuenerunt
392 3555 535 3619 minimis
556 3555 591 3619 in
612 3576 659 3619 me
675 3559 785 3636 patres
805 3555 909 3631 vesun
938 3560 973 3620 ut
992 3576 1040 3620 me
1060 3555 1166 3621 relicto

191 3640 419 3706 ambulaverint
439 3645 513 3721 post
534 3641 716 3720 uanitatem,
750 3645 779 3704 et
810 3640 935 3706 evanidi
966 3641 1044 3723 facti
1077 3641 1166 3707 sint?
1301 3642 1517 3723 Prosequitur
1536 3638 1670 3707 eandem
1686 3641 1880 3707 sententiam
1896 3642 2070 3727 propheta.
2098 3645 2191 3711 Deus

191 3727 267 3790 Duo
301 3726 439 3791 crimina
470 3725 524 3788 hic
557 3726 665 3789 obiicit
687 3725 843 3791 Ieremias
876 3727 1012 3809 populo,
1047 3747 1165 3810 nempe
1216 3727 1301 3792 enim
1327 3727 1379 3793 hic
1402 3726 1521 3811 populo
1544 3747 1602 3791 suo
1625 3746 1692 3790 non
1714 3726 1788 3792 lave
1810 3728 1933 3792 crimen
1955 3729 2085 3795 obiicit:
2113 3730 2191 3815 quia

192 3811 277 3895 quod
301 3831 320 3873 a
343 3809 415 3873 Deo
439 3831 515 3875 vero
543 3809 754 3893 desciverint,
788 3831 885 3893 quam
917 3812 1043 3894 experti
1072 3819 1166 3877 eraut
1215 3813 1368 3877 vonerint
1400 3835 1461 3878 sua
1494 3810 1653 3877 beneficia
1681 3811 1716 3875 in
1746 3812 1952 3878 oblivionem.
2004 3816 2109 3899 Atqui
2139 3836 2189 3881 re·

192 3898 418 3962 liberatorem:
443 3895 558 3959 deindo
581 3897 761 3961 evanuerint
780 3897 815 3961 in
835 3897 905 3963 suis
917 3896 1080 3980 fipmeutis,
1105 3897 1165 3963 hoc
1217 3897 1360 3980 demptio
1391 3905 1458 3962 tam
1481 3896 1693 3974 admirabilis,
1724 3896 1825 3982 digna
1846 3908 1917 3963 erat
1938 3919 2023 3983 quae
2045 3901 2189 3968 celebra·

190 3994 249 4061 est,
272 3981 356 4064 quod
379 3982 501 4046 luerint
525 3990 690 4062 apostatae
713 3981 803 4045 nulla
826 3982 866 4047 de
888 4003 994 4047 causa.
1029 3982 1165 4048 Orimen
1216 3993 1306 4048 retur
1328 3982 1479 4047 omnibus
1510 3983 1661 4060 saeculis,
1694 4003 1758 4047 non
1781 3992 1912 4049 tantum
1932 3985 1968 4049 in
1990 4006 2059 4051 nna
2081 3996 2191 4070 gente,

190 4069 278 4133 enim
301 4077 536 4149 exaggeratur,
566 4064 651 4147 quod
674 4065 741 4129 illis
765 4066 873 4131 oblata
895 4088 961 4132 non
990 4067 1088 4132 luerit
1111 4088 1164 4133 aa·
1216 4068 1272 4133 sed
1303 4086 1361 4148 per
1389 4087 1502 4132 omnes
1532 4068 1620 4133 orbis
1650 4067 1773 4152 plagas.
1824 4067 1937 4149 Quum
1966 4092 2045 4156 ergo
2075 4071 2190 4138 Iudaei

191 4153 286 4231 casio,
309 4172 367 4216 cur
389 4149 497 4215 Deum
521 4152 752 4233 relinquerent,
778 4160 811 4215 et
833 4172 868 4216 sa
891 4150 931 4216 ab
950 4153 1020 4234 ipso
1043 4153 1164 4219 aliena·
1216 4155 1263 4218 ita
1284 4152 1473 4235 sepelierint
1494 4153 1682 4218 memoriam
1707 4163 1774 4217 tam
1792 4154 1932 4239 insignia
1950 4162 1985 4223 st
2000 4157 2189 4223 inaestima-

191 4248 273 4305 rent.
309 4235 420 4316 Quum
444 4257 522 4319 erga
542 4235 633 4303 Deus
650 4238 740 4319 ipsos
759 4236 946 4302 humaniter
964 4240 1165 4319 tractaverit,
1216 4237 1290 4303 bilis
1312 4237 1447 4320 gratiae,
1477 4237 1511 4301 in
1534 4258 1571 4303 eo
1594 4236 1850 4321 deprehenditur
1874 4238 1969 4308 foeda
1990 4262 2105 4309 eorum
2129 4243 2189 4307 im·

191 4325 253 4406 ipsi
275 4332 384 4388 autem
408 4322 519 4403 iugum
544 4324 778 4399 excttssissent,
813 4329 845 4386 et
866 4343 931 4387 non
959 4334 1045 4389 esset
1067 4344 1165 4407 quem
1217 4323 1329 4407 pietas.
1384 4321 1421 4388 Si
1452 4343 1517 4387 uon
1547 4324 1674 4406 experti
1703 4324 1843 4390 luissent
1872 4325 1936 4392 Dei
1966 4329 2124 4395 virtutem
2157 4336 2192 4394 et

192 4411 264 4475 Deo
282 4408 476 4485 conterrent,
499 4427 565 4470 non
584 4416 736 4490 poterant
751 4408 865 4488 dicere,
887 4407 1009 4474 inimus
1028 4409 1164 4493 decepti.
1216 4409 1480 4489 beneficentiam,
1512 4407 1564 4474 vel
1594 4407 1622 4474 si
1649 4417 1779 4475 tantum
1809 4412 1990 4479 sensissent
2018 4434 2092 4480 eam
2115 4413 2190 4479 vul·

193 4496 238 4560 Et
261 4495 385 4577 quare?
433 4491 518 4555 Nam
539 4495 673 4574 sequuti,
696 4493 814 4576 inquit,
835 4493 909 4559 estis
929 4495 1111 4560 uanitatem:
1133 4504 1166 4559 et
1216 4494 1349 4579 guribus
1372 4493 1487 4573 modis,
1511 4499 1638 4577 poterat
1660 4495 1831 4562 extenuari
1851 4515 1964 4564 eorum
1983 4499 2090 4583 calpa.
2121 4496 2190 4565 Sed

192 4579 262 4645 sola
284 4579 414 4644 vanitas
437 4579 470 4640 in
493 4597 589 4642 causa
611 4579 683 4656 fuit,
706 4589 742 4643 ut
761 4600 780 4644 a
798 4598 850 4643 me
869 4575 1059 4645 deficeretis.
1094 4580 1166 4663 Ego
1217 4599 1318 4663 quum
1341 4578 1433 4644 Deus
1460 4601 1478 4644 e
1502 4579 1594 4647 coelo
1623 4581 1862 4647 manifestasset
1890 4584 2045 4651 virtutem
2075 4583 2190 4650 insoli-

193 4665 323 4748 lougius
347 4682 575 4745 prosequerer,
608 4663 663 4728 sed
689 4663 771 4728 mihi
801 4671 852 4729 est
879 4663 968 4728 aliud
998 4665 1166 4750 negotium
1218 4674 1301 4741 tam,
1330 4672 1363 4730 et
1393 4664 1546 4731 maiestas
1577 4665 1646 4731 eius
1668 4674 1800 4732 versata
1829 4667 1944 4734 inisset
1971 4677 2048 4736 ants
2077 4669 2192 4736 oculos

194 4771 257 4834 quo
279 4758 415 4816 vocatus
438 4768 509 4813 sum
533 4749 630 4811 etiem
655 4760 731 4813 ante
753 4749 936 4816 lectionem.
1218 4751 1338 4834 populi,
1363 4762 1486 4832 quanta
1503 4751 1567 4815 fuit
1585 4750 1642 4814 illa
1661 4752 1834 4836 barbaries,
1858 4755 1944 4836 quod
1964 4766 2079 4839 postea
2096 4754 2190 4819 obliti

1217 4845 1295 4901 sunt
1318 4837 1381 4900 Dei
1403 4837 1464 4915 sni,
1494 4837 1550 4918 qui
1580 4835 1687 4919 palam
1719 4837 1813 4920 ipsis,
1844 4851 1877 4904 et
1906 4842 2034 4924 quidem
2067 4839 2192 4905 talibus

553 4941 577 4998 p
585 4938 676 4999 ppo
683 4939 806 5001 ,qp10⁸
1218 4921 1420 4986 documentis
1442 4921 1650 4986 innotuerat?
1672 4924 1836 4987 Tenemus
1859 4947 1936 5012 ergo
1958 4947 2092 4991 sensum
2117 4947 2192 5009 pro·

1216 5006 1335 5089 phetae
1357 5027 1457 5088 quum
1481 5005 1558 5070 dicit
1579 5007 1667 5088 ipsas
1688 5027 1750 5072 uon
1767 5009 1895 5077 diense.
1924 5012 2008 5077 Nam
2025 5012 2080 5078 hic
2094 5011 2192 5081 Deus

282 5090 348 5173 Da,
379 5091 572 5171 omnipotens
592 5090 690 5168 Deus,
720 5089 844 5169 quaudo
868 5088 958 5154 bodie
978 5109 1039 5154 non
1061 5109 1167 5157 cessas
1218 5092 1410 5174 perstringit
1432 5092 1612 5157 socordiam
1635 5092 1668 5154 in
1692 5093 1834 5177 Iudaeis,
1857 5098 1942 5180 qnod
1966 5118 2033 5162 non
2056 5108 2191 5181 reputa·

194 5182 222 5243 et
243 5196 334 5240 mone
355 5181 383 5240 ct
403 5179 524 5258 uesperi
553 5196 610 5241 nos
631 5175 674 5239 ad
696 5179 723 5239 te
745 5193 869 5255 uocare,
897 5179 924 5238 et
953 5176 1081 5241 assidue
1110 5197 1166 5241 uos
1220 5179 1326 5241 verint
1354 5198 1388 5242 so
1411 5178 1443 5241 in
1468 5188 1659 5260 perpetuum
1690 5199 1761 5244 esse
1791 5180 1960 5249 obstrictos
1989 5184 2059 5250 eius
2090 5183 2192 5251 bene·

193 5261 330 5328 hortaris
351 5262 394 5326 ad
414 5262 675 5346 resipiscentiam,
703 5265 732 5326 te
752 5260 847 5326 etiam
869 5261 1055 5328 exorabilem
1078 5261 1166 5328 nobis
1189 5274 1193 5315 ¹
1217 5264 1380 5341 licentiae,
1412 5263 1566 5344 quoniam
1596 5267 1643 5327 ita
1672 5265 1864 5332 mirabiliter
1892 5291 1946 5336 eos
1974 5269 2149 5336 liberasset
2174 5293 2194 5336 o
