4784 5970
199 361 260 426 ιιι
379 310 381 315 ’
685 372 690 377 ·
1052 356 1202 424 carun
1223 356 1333 424 rna.
2128 363 2192 430 ιιι

197 549 269 634 pios
291 547 398 615 cultus
420 546 604 633 abnegaret.
640 546 819 616 Mesebiam
838 566 916 631 ergo
936 565 1034 612 suum
1051 562 1168 611 vocare
1218 544 1334 623 lorum,
1365 545 1474 630 Cyrus
1503 557 1615 613 eutem
1641 566 1682 612 ex
1705 547 1805 613 aridis
1827 554 1861 614 et
1881 550 1994 634 egenis
2014 548 2193 617 Persarum

197 634 352 721 dignatur
372 654 438 700 non
459 641 616 717 perpetuo
638 631 792 717 epitheto,
819 631 876 699 sed
898 631 985 716 qnod
1015 630 1055 698 ad
1086 640 1167 697 tem-
1218 630 1385 698 montibus
1413 631 1570 731 prqdibet,
1603 631 1781 714 thesauros,
1810 634 1865 717 qui
1887 635 2013 735 pridem
2036 636 2193 703 reconditi

198 742 259 806 pus
289 719 504 804 redemptoris
537 719 644 784 officio
677 719 807 785 functus
840 718 896 784 sit:
930 718 1007 800 quie
1039 726 1072 782 et
1105 716 1168 784 Dei
1217 716 1352 782 suerunt
1379 724 1412 784 et
1440 717 1568 801 occulti,
1597 723 1753 786 venturos
1782 718 1861 785 dicit
1887 741 1923 784 ιι
1952 721 2022 787 eius
2049 742 2192 801 manum,

199 806 367 872 eeclesiam
400 805 489 871 ultus
523 816 572 869 est
604 806 645 871 ab
674 803 821 871 hostibus
849 803 1008 888 Assyriis,
1036 813 1070 868 et
1095 822 1167 867 eam
1218 813 1256 868 ut
1277 803 1394 885 opimis
1416 803 1545 886 praedis
1567 803 1784 887 locupletatus
1806 805 2015 889 adsumptus
2054 807 2194 874 uoslibet

197 892 365 958 liberarit:
386 891 471 974 quod
495 910 614 956 munus
634 889 675 956 ad
694 889 863 957 Christum
881 889 1011 973 proprie
1033 895 1167 972 spectat.
1218 887 1368 955 sufficiet.
1413 889 1499 954 Nem
1527 888 1697 956 thesauros
1726 889 1937 956 tenebrarum
1960 827 2115 993 intelligit
2137 894 2192 976 qui

198 981 309 1060 Atque
342 976 508 1042 ordinaria
540 976 622 1042 haec
652 996 768 1060 regum
801 975 976 1060 appellatio
1008 973 1049 1040 ed
1083 975 1168 1039 hanc
1218 974 1252 1040 in
1284 974 1364 1040 tutis
1394 983 1426 1040 et
1455 974 1627 1058 profundis
1655 974 1810 1042 custodiis
1838 977 1934 1058 quasi
1961 977 2079 1044 delossr
2112 978 2192 1044 lete·

198 1063 476 1129 circumstantiam
499 1062 653 1145 restringi
675 1061 779 1142 debet,
808 1059 895 1144 quod
924 1061 1081 1144 populum
1103 1060 1168 1125 Dei
1219 1061 1307 1126 bant.
1362 1060 1455 1126 Haec
1487 1062 1598 1126 omnia
1628 1059 1782 1126 accidisse
1813 1081 1857 1126 ex
1887 1061 2032 1129 historiis
2064 1060 2192 1130 abunde

197 1149 230 1213 in
268 1146 453 1215 libertatem
492 1148 646 1213 restituit.
707 1145 803 1214 Unde
841 1145 1079 1213 observandum
1118 1157 1169 1211 est
1219 1154 1324 1230 patet:
1357 1147 1434 1230 quia
1466 1145 1587 1212 Oroeso
1617 1167 1696 1231 rege
1724 1145 1851 1230 Lydiae
1884 1161 1992 1231 capto,
2026 1150 2083 1233 qui
2115 1159 2192 1214 tuno

198 1235 310 1318 quenti
342 1235 387 1300 eit
418 1233 505 1316 apud
540 1234 647 1297 Deum
680 1232 833 1298 ecelesiae
866 1234 972 1298 salus:
1004 1233 1082 1315 quia
1113 1230 1168 1295 vel
1219 1234 1363 1298 omnium
1386 1242 1457 1298 erat
1479 1230 1668 1309 ditissimus,
1695 1232 1883 1317 ingentibus
1904 1234 2049 1316 peuuniis
2071 1236 2193 1318 potitus

198 1319 295 1386 huius
318 1329 447 1384 tantum
474 1319 621 1384 beneficii
650 1318 757 1402 gretie
787 1317 904 1402 Cyrus,
935 1317 1032 1383 homo
1061 1315 1168 1381 ethni·
1219 1327 1279 1383 est.
1329 1317 1399 1383 Neo
1429 1338 1507 1384 vero
1536 1317 1705 1401 quisquam
1735 1327 1897 1404 sperasset
1927 1328 1992 1383 tem
2023 1320 2134 1387 faciles
2162 1321 2192 1385 ei

197 1429 263 1483 cus,
287 1405 448 1472 Meschies
469 1406 668 1469 nominetur.
1219 1404 1287 1468 fore
1317 1403 1477 1469 victorias.
1522 1403 1622 1468 Ratio
1648 1413 1756 1469 autem
1785 1402 1839 1471 hie
1868 1403 2059 1490 adiungitur
2081 1414 2192 1472 tentae

282 1491 398 1579 (Graius
429 1489 621 1572 apprehendi
652 1489 836 1568 demam.)
880 1489 953 1553 Hee
981 1487 1169 1571 loquutione
1220 1488 1392 1567 felicitatis,
1424 1488 1509 1572 quod
1532 1487 1693 1555 Dominus
1724 1488 1830 1571 ipsum
1854 1490 1983 1555 vocavit
2005 1511 2042 1557 eo
2063 1490 2191 1571 direxit,

197 1579 360 1663 significet
392 1576 501 1642 omnia
533 1574 620 1654 Cyro
649 1594 803 1658 prospere
834 1594 983 1640 cesama:
1015 1575 1168 1657 quoniam
1219 1582 1257 1641 ut
1285 1575 1415 1660 insigne
1443 1575 1506 1657 ipsi
1536 1574 1700 1659 potentiae
1730 1595 1808 1641 auae
1837 1574 2066 1642 documentum
2089 1578 2190 1643 deret

197 1663 348 1746 auspiciis
387 1661 450 1726 Dei
490 1661 614 1727 bellum
646 1673 746 1744 geret.
802 1661 917 1744 Itaque
956 1661 990 1725 in
1031 1662 1168 1744 gratiam
1221 1658 1397 1745 Subiungit
1426 1660 1515 1725 enim
1543 1664 1578 1725 ut
1604 1660 1704 1726 scas:
1731 1659 1840 1744 Oyrus
1866 1661 2006 1744 quidem,
2036 1669 2193 1728 utentes

197 1749 358 1827 ecclesiae,
380 1756 418 1812 ut
439 1768 511 1812 eem
534 1747 660 1827 liberet,
688 1747 798 1811 omnia
820 1747 851 1811 ei
879 1766 1035 1831 prospere
1055 1768 1075 1810 ι
1097 1746 1168 1811 Deo
1220 1745 1341 1811 dictum
1371 1753 1434 1825 est,
1464 1744 1539 1811 lieet
1568 1744 1675 1810 Deum
1705 1745 1808 1811 Israel
1836 1766 1952 1812 verum
1983 1748 2091 1812 Deum
2120 1768 2192 1814 esse

196 1854 387 1900 concessum
408 1834 448 1898 iri
478 1832 668 1917 pronuntiet
690 1832 810 1897 Isaiae:
837 1842 935 1914 atque
962 1833 1080 1897 iterum
1114 1832 1168 1897 hic
1219 1832 1399 1916 agnoverit,
1429 1841 1526 1914 atque
1556 1830 1735 1897 admiretur
1764 1832 1824 1897 sit:
1853 1851 1920 1896 non
1943 1840 1993 1897 est
2016 1843 2127 1897 tamen
2150 1832 2193 1898 ad

196 1919 402 1987 commendet
422 1918 486 1983 Dei
509 1918 755 2002 providentiam,
785 1925 823 1982 ut
850 1917 935 1982 inter
963 1917 1168 1984 turbulentos
1219 1919 1327 2000 ipsum
1357 1936 1543 1993 conversus,
1572 1935 1632 1981 neo
1661 1937 1806 2000 uuquam
1833 1936 1952 2000 purum
1976 1918 2046 1984 eius
2068 1919 2192 1985 cultum

194 2015 302 2071 motus
325 2013 413 2071 certo
430 2011 578 2069 statuant
596 2003 718 2082 Iudaei,
740 2001 849 2068 Deum
867 2025 885 2068 e
902 2001 1033 2068 sublimi
1051 2009 1169 2071 cuneta
1218 2025 1259 2068 ex
1289 2002 1371 2088 legis
1399 2001 1512 2085 regula
1544 2001 1715 2085 amplexus
1744 2011 1801 2068 est.
1847 2002 1938 2068 Haec
1967 2003 2070 2088 igitur
2091 2005 2192 2086 parti·

195 2095 241 2156 sie
263 2112 377 2176 regere
399 2098 435 2154 ut
456 2090 568 2156 eleotie
597 2090 665 2155 suis
693 2088 849 2155 consulat.
894 2089 965 2154 Iem
996 2091 1072 2172 quia
1100 2109 1167 2155 uon
1219 2089 1340 2155 cularis
1379 2088 1521 2173 cognitio
1561 2088 1637 2154 fuit:
1678 2100 1838 2171 quatenus
1877 2088 1999 2154 scilicet
2037 2091 2192 2155 eeclesiae

194 2177 289 2243 facile
312 2186 381 2241 erat
403 2175 499 2259 (lyro,
532 2195 631 2258 quum
655 2172 696 2239 ed
718 2174 914 2259 frangendos
936 2174 1006 2241 eius
1033 2184 1168 2241 conatus
1219 2174 1376 2252 interluit,
1400 2174 1563 2257 adquam
1586 2172 1786 2239 liberandam
1810 2175 1880 2256 ipse
1902 2172 2084 2240 destinatus
2106 2186 2191 2241 erat:

196 2262 416 2345 conspirasset
437 2271 505 2325 tote
522 2261 612 2340 Asia,
634 2260 839 2345 Babylonem
862 2282 965 2343 usque
987 2267 1167 2344 penetrare,
1220 2260 1307 2326 uude
1335 2279 1466 2326 necesse
1495 2259 1559 2325 fuit
1587 2259 1695 2342 ipsum
1717 2257 1778 2324 hae
1801 2258 1917 2324 notitia
1939 2261 2040 2346 tangi,
2071 2268 2110 2325 ut
2130 2260 2192 2328 hoc

196 2357 336 2413 testatur
364 2347 524 2431 prophete
552 2345 712 2430 quidquid
740 2346 861 2411 virium
891 2356 1056 2429 opponent
1083 2368 1168 2413 mor·
1221 2347 1283 2412 Dei
1321 2367 1402 2429 opus
1440 2354 1680 2428 exsequeretur.
1736 2345 1812 2409 Non
1850 2344 1995 2430 loquitur
2036 2366 2114 2431 ergo
2152 2344 2192 2411 de

196 2434 276 2499 tales
298 2434 508 2518 liquefactum
534 2433 575 2496 iri
596 2453 615 2496 a
639 2432 719 2497 Deo.
764 2431 928 2512 Quoniam
958 2433 1008 2499 vis
1037 2442 1103 2498 tota
1132 2433 1167 2498 in
1220 2432 1405 2517 cognitione
1427 2451 1492 2515 que
1514 2431 1749 2508 illuminemur,
1779 2441 1836 2497 aut
1858 2430 1898 2497 de
1919 2432 2036 2514 spiritu
2059 2452 2191 2516 regene-

195 2518 328 2585 renibus
355 2519 419 2586 site
445 2528 504 2596 est,
534 2518 606 2583 ideo
633 2517 760 2583 lumbos
790 2518 908 2600 aperiri
938 2523 995 2583 eut
1024 2518 1166 2597 dissolvi,
1219 2519 1365 2596 rationis,
1396 2516 1453 2584 sed
1475 2516 1515 2582 de
1538 2515 1726 2600 particulari
1748 2517 1890 2596 notione,
1912 2517 2043 2600 qualem
2064 2519 2192 2600 profani

195 2625 256 2690 pro
285 2604 412 2670 viribus
442 2604 574 2670 destitui
602 2602 745 2668 Hebraei
774 2605 840 2669 acci
865 2603 946 2668 lunt.
991 2603 1167 2671 Possemns
1219 2606 1368 2672 homines
1390 2603 1511 2671 habere
1531 2614 1679 2685 possunt.
2042 2626 2045 2631 ·

196 2692 295 2755 etiem
324 2690 421 2773 paulo
450 2689 553 2767 aliter,
584 2710 701 2771 nempe
732 2689 816 2771 quod
881 2690 1009 2756 ominus
1037 2691 1166 2757 lumbos
1298 2689 1444 2840 §Vocatus
1480 2693 1509 2753 te
1545 2689 1668 2754 nomine
1703 2689 1778 2773 tue.)
1832 2688 1930 2772 Hane
1968 2690 2191 2772 loquutiouem

196 2797 307 2840 eorum
330 2775 465 2841 nudabit
495 2784 552 2840 aut
581 2774 743 2853 dissolvet,
774 2793 865 2840 more
892 2774 1073 2859 scripturae
1101 2777 1165 2842 usi·
1219 2775 1296 2860 frigi
1320 2796 1338 2839 e
1360 2772 1493 2858 quidam
1515 2774 1725 2856 interpretari
1740 2775 1862 2840 solent:
1886 2785 2062 2860 antequam
2078 2796 2190 2843 nasce·

196 2871 280 2940 teto,
314 2881 377 2943 quo
411 2881 504 2944 reges
537 2859 674 2945 discingi
708 2858 814 2925 balteo
847 2860 1015 2944 dicuntur,
1043 2861 1166 2945 insigni
1219 2872 1310 2927 retur
1332 2859 1449 2944 Cyrus,
1483 2859 1615 2924 nomine
1644 2880 1702 2925 suo
1724 2870 1876 2927 vocatum
1895 2860 2053 2928 divinitus
2075 2881 2112 2926 ae
2135 2862 2189 2928 de·

197 2946 349 3012 videlicet
381 2948 487 3030 regio,
528 2965 628 3027 quum
662 2953 908 3011 exautorentur.
959 2945 1035 3037 Qua
1067 2949 1165 3012 etiam
1219 2950 1383 3035 signatum
1414 2965 1501 3010 esse:
1531 2944 1588 3009 eed
1618 2953 1694 3010 ente
1724 2944 1865 3026 vidimus
1893 2946 2006 3013 eedem
2036 2947 2191 3032 loquendi

196 3031 386 3113 loquutione
408 3031 512 3096 utitur
534 3031 593 3097 Iob
616 3031 681 3114 (12,
704 3029 767 3116 18),
798 3051 835 3096 ec
862 3052 938 3096 mox
966 3032 1036 3115 ipse
1063 3033 1166 3098 Isaiae
1219 3037 1323 3099 forma
1363 3030 1452 3098 aliud
1490 3028 1680 3115 prophetem
1713 3032 1922 3099 intellexisse.
1979 3031 2071 3099 Deus
2103 3036 2191 3100 enim

196 3118 381 3202 subiunget,
401 3117 578 3202 Auringem
599 3125 641 3181 te.
677 3116 898 3197 Quamobrem
916 3138 1048 3183 sensum
1065 3120 1166 3183 istum
1218 3119 1352 3185 nomine
1375 3137 1491 3183 vocare
1513 3115 1632 3181 dicitur
1652 3138 1732 3201 quos
1754 3117 1860 3203 elegit,
1883 3130 1979 3202 etque
2001 3118 2042 3184 ad
2064 3129 2189 3186 eertum

196 3204 301 3288 magis
319 3202 505 3286 empleuron,
521 3213 559 3266 ut
573 3202 689 3267 melius
707 3211 834 3269 constet
851 3204 935 3268 ratio
953 3203 1165 3270 antitheseos.
1219 3224 1301 3288 opus
1333 3201 1463 3287 aliquod
1495 3201 1651 3281 destinet,
1687 3213 1723 3268 ut
1751 3206 1816 3269 sint
1844 3216 1868 3268 a'
1892 3205 1990 3290 vulgo
2018 3208 2190 3291 segregati.

196 3288 285 3354 Hinc
306 3300 441 3371 apparet
459 3296 586 3353 tantum
605 3287 730 3354 roboris
749 3293 782 3353 et
796 3288 917 3354 virium
937 3310 1007 3355 esse
1026 3290 1167 3375 regibus,
1219 3291 1362 3357 Notatur
1384 3289 1471 3353 enim
1494 3287 1555 3353 heo
1578 3308 1655 3354 voce
1677 3289 1808 3374 propior
1830 3294 1864 3354 et
1890 3290 1996 3374 magis
2021 3291 2191 3358 familiaris

197 3382 355 3456 quantum
390 3375 436 3439 eis
468 3374 629 3439 Dominus
668 3373 781 3438 tribuit
813 3373 854 3439 ad
887 3377 1165 3442 oonservetionem
1218 3374 1475 3442 communicatio.
1520 3371 1578 3439 Sic
1606 3384 1719 3459 pastor
1746 3375 1864 3442 dieitur
1893 3394 1970 3442 oves
1992 3396 2110 3442 vocare
2132 3396 2191 3442 uo·

196 3459 450 3542 uniuscuiusque
482 3460 598 3545 gentis.
655 3458 719 3524 Ubi
760 3459 847 3524 enim
881 3461 953 3527 vult
992 3460 1167 3526 transferre
1219 3462 1317 3540 mine,
1340 3460 1417 3544 quie
1435 3458 1586 3524 distincte
1603 3460 1749 3546 singulas
1763 3460 1937 3545 cognoscit.
1971 3460 2046 3526 Hoc
2061 3461 2190 3545 quidem

196 3566 307 3610 eorum
331 3546 542 3628 principatus,
567 3543 667 3611 nullis
689 3546 789 3610 armis
811 3553 868 3609 eut
897 3544 1016 3629 gladiis
1044 3555 1166 3612 statum
1218 3545 1369 3612 fidelibus
1392 3541 1536 3609 maxime
1557 3546 1720 3628 convenit,
1743 3567 1824 3629 quos
1839 3544 1932 3611 Deus
1950 3546 1985 3610 in
2008 3568 2107 3632 grege
2122 3568 2191 3628 suo,

196 3650 290 3696 suum
312 3632 397 3696 tueri
420 3640 566 3714 possunt.
1219 3644 1253 3696 et
1284 3634 1371 3697 inter
1403 3631 1558 3697 ecclesiae
1592 3630 1784 3696 domesticos
1817 3641 1945 3716 censet,
1987 3652 2052 3715 qua
2084 3634 2191 3717 gretia

281 3714 350 3801 (Ad
371 3717 541 3800 aperienda
562 3735 669 3781 corum
689 3735 723 3781 eo
744 3713 846 3801 outa.)
885 3714 959 3781 Hac
981 3714 1167 3799 loquutione
1219 3716 1344 3803 (lyrum
1378 3716 1531 3800 dignatus
1558 3735 1625 3780 non
1656 3725 1723 3782 est:
1755 3715 1812 3781 sed
1842 3715 1918 3799 quia
1944 3716 2052 3801 ipsum
2075 3718 2190 3785 duoem

196 3802 359 3885 significat
389 3802 496 3866 nullas
528 3802 729 3866 munitiones
757 3801 914 3869 obsistere
942 3800 1024 3866 Deo.
1070 3800 1179 3882 Quod,
1219 3803 1419 3868 constituens
1448 3817 1516 3867 tam
1546 3799 1731 3884 praeclarae
1759 3800 1976 3884 liberationis,
2006 3802 2190 3888 singulares

196 3888 325 3970 quidem
357 3888 501 3952 fatentur
529 3907 658 3953 omues:
688 3885 745 3951 sed
773 3905 839 3951 nou
871 3885 1026 3951 desinunt
1046 3907 1165 3952 vanam
1218 3888 1249 3953 ei
1271 3888 1403 3954 virtutis
1426 3907 1504 3952 euee
1526 3891 1620 3952 notas
1642 3886 1823 3971 insculpsit,
1846 3888 1917 3954 iure
1934 3889 1971 3953 in
1989 3909 2063 3953 eum
2083 3899 2189 3957 trans·

195 3973 228 4037 in
256 3972 508 4057 propugnaculis
537 3993 574 4038 ac
602 3971 840 4037 munitionibus
869 3972 1023 4038 fiduciam
1050 3973 1165 4039 locere.
1217 3973 1324 4038 fertur
1345 3973 1485 4038 eximiae
1507 3972 1690 4038 vocationis
1712 3973 1865 4058 elogium.

195 4057 262 4125 Ubi
284 4058 372 4123 enim
395 4059 497 4122 muris
519 4058 601 4123 bene
622 4057 748 4124 cinctae
770 4067 848 4123 sunt
870 4059 976 4136 urbes,
1000 4068 1033 4124 et
1054 4071 1166 4143 portae
1304 4057 1407 4145 (Deus
1434 4057 1558 4144 Israel.)
1610 4056 1682 4124 Hoc
1711 4057 1768 4124 dili
1792 4071 1887 4125 enter
1912 4057 2096 4125 notandum
2123 4070 2188 4127 est:

195 4145 372 4222 occlusae,‘
391 4143 459 4208 illio
492 4164 527 4208 se
559 4143 708 4209 homines
745 4142 780 4208 in
814 4151 886 4209 tuto
928 4165 998 4210 esee
1037 4152 1165 4228 putant.
1218 4145 1295 4228 quia
1320 4143 1537 4229 superstitiosi
1567 4142 1718 4211 homines
1746 4146 1758 4210 i
1782 4145 1841 4211 olis
1871 4144 1938 4210 suis
1961 4144 2115 4212 victorias
2137 4166 2190 4212 ae·

196 4229 318 4295 Contra
339 4248 417 4295 vero
440 4227 598 4312 propheta
619 4229 728 4294 omnia
754 4228 915 4312 praesidia
942 4228 1074 4296 inutilia
1095 4251 1166 4296 esse
1218 4243 1328 4312 eeptas
1343 4232 1462 4309 ierunt,
1485 4242 1526 4307 et,
1544 4230 1816 4312 quemadmodum
1834 4229 2108 4316 aitHabaeuc(1,
2125 4231 2189 4318 16),

196 4315 346 4394 ostendit,
368 4335 407 4380 ac
428 4316 551 4380 frustra
576 4335 689 4380 omnes
717 4312 823 4380 aditus
852 4315 987 4392 obstrui,
1020 4316 1076 4382 ubi
1098 4316 1167 4381 Do·
1217 4316 1397 4381 Immolant
1419 4316 1555 4399 quisque
1578 4314 1637 4379 deo
1658 4336 1727 4381 suo.
1771 4315 1945 4401 Vegentur
1966 4337 2044 4402 ergo
2065 4319 2099 4381 in
2121 4319 2190 4383 suis

196 4401 305 4464 minus
328 4401 414 4466 viam
444 4398 591 4466 hostibus
619 4401 799 4483 patefacere
821 4399 901 4466 vult
953 4401 1027 4466 Etsi
1056 4410 1166 4467 eutem
1217 4401 1484 4486 cogitationibus,
1512 4410 1546 4466 et
1575 4421 1696 4465 numen
1725 4401 1949 4485 qualecunque
1976 4403 2083 4468 animo
2110 4422 2188 4468 oon·

196 4497 308 4567 portes
329 4486 427 4552 tuisse
448 4486 575 4551 clauses
598 4495 630 4550 et
652 4487 733 4552 bene
763 4485 928 4551 obseratas
958 4494 1083 4552 certum
1107 4498 1165 4567 est,
1218 4489 1361 4570 cipiunt,
1395 4506 1496 4570 quum
1525 4485 1617 4551 Deus
1650 4487 1740 4552 solus
1768 4507 1806 4553 ae
1834 4507 1933 4554 verus
1962 4488 2188 4571 agnoscendus

196 4569 273 4651 quia
302 4579 413 4636 tamen
442 4593 541 4654 aeque
570 4571 695 4654 pernici
724 4591 820 4636 cursu
850 4572 1035 4656 penetravit
1056 4573 1166 4657 Oyrus
1217 4575 1270 4638 sit.
1315 4571 1410 4654 Quod
1438 4572 1479 4637 de
1501 4570 1590 4656 Cyro
1621 4571 1744 4638 dietum
1772 4580 1823 4639 est
1844 4572 1936 4638 nobis
1958 4571 2062 4638 multo
2084 4575 2188 4658 magis

196 4674 234 4721 ac
255 4655 284 4719 si
306 4656 436 4738 perviae
464 4658 602 4723 luissent
631 4678 744 4723 omues
772 4657 877 4741 urbes,
907 4659 979 4723 iure
1006 4660 1166 4741 propheta
1217 4658 1454 4725 accommodari
1476 4656 1586 4723 debet:
1609 4678 1651 4722 ne
1673 4657 1932 4742 qualemcunque
1949 4656 2013 4722 Dei
2036 4659 2187 4723 notitiam

196 4740 278 4805 nihil
301 4740 370 4805 fore
392 4741 535 4808 clausum
559 4741 646 4810 dicit.
1216 4744 1446 4828 concipiamus,
1473 4742 1529 4809 sed
1557 4744 1603 4807 ite
1629 4742 1849 4810 discernemus
1872 4744 1913 4810 ab
1933 4743 2030 4808 idolis
2052 4755 2090 4808 ut
2111 4763 2187 4823 eum

281 4828 352 4892 det
369 4827 399 4892 3.
422 4825 506 4913 (Epo
527 4833 555 4893 te
571 4827 780 4915 gramadum.)
812 4826 858 4893 Hi
874 4828 938 4895 duo
954 4849 1067 4896 versus
1083 4829 1164 4895 nihil
1216 4830 1311 4896 unice
1338 4828 1582 4912 amplectamur,
1611 4838 1708 4912 atque
1729 4829 1763 4893 iu
1787 4831 1853 4896 solo
1876 4829 2009 4895 Christo
2031 4847 2187 4912 agnosca·

195 4913 274 4976 novi
306 4913 492 4978 continent:
526 4916 581 4980 sed
611 4915 646 4979 in
676 4933 803 4980 summa
831 4913 972 4981 ostendit
992 4917 1163 4982 victoriam
1215 4934 1306 4981 mus:
1339 4924 1434 4980 extra
1466 4933 1564 4997 quem
1592 4912 1674 4979 nihil
1704 4925 1833 4998 praeter
1860 4914 1982 4980 idolum
2009 4915 2187 4981 autetiam

196 4996 284 5080 Oyro
313 4999 441 5065 facilem
471 5010 504 5065 et
532 5001 716 5084 expeditam
749 4999 836 5081 fore,
871 4999 956 5083 quod
987 5001 1163 5066 Dominum
1216 5000 1379 5066 diabolum
1401 4998 1462 5066 coli
1485 5009 1599 5082 potest
1633 4999 1675 5064 In
1695 5020 1732 5066 eo
1749 5001 1849 5084 igitur
1865 5001 1992 5085 Oyrum
2007 5001 2186 5079 vincamus,

197 5082 311 5148 ducem
343 5084 472 5152 itineris
504 5086 556 5150 sni
588 5086 757 5151 habiturus
789 5085 840 5151 sit.
892 5084 972 5150 Ideo
1005 5087 1165 5169 promittit
1216 5088 1270 5154 eui
1303 5086 1420 5152 notitia
1451 5084 1514 5150 Dei
1547 5087 1707 5168 patefacta
1739 5095 1804 5165 est,
1838 5098 1875 5151 ut
1907 5085 2041 5151 abiectis
2073 5108 2186 5169 super·

195 5172 332 5234 tortuosa
358 5172 464 5235 omnia
493 5171 650 5235 directum
678 5171 729 5248 iri,
758 5171 835 5254 quia
863 5172 1031 5237 obstacula
1055 5174 1165 5239 omnia
1216 5172 1405 5239 stitionibus
1432 5172 1587 5255 omnique
1613 5171 1713 5256 impio
1742 5171 1833 5237 cultu
1855 5192 1936 5256 pure
1959 5172 2067 5255 ipsum
2089 5181 2186 5257 atque

196 5254 287 5321 Deus
316 5266 450 5322 avertet.
499 5257 569 5321 Iam
597 5256 673 5337 quia
702 5258 840 5338 pecunie
870 5258 962 5323 nervi
991 5268 1070 5323 sunt
1100 5259 1164 5324 bel·
1216 5259 1343 5342 integre
1365 5277 1570 5324 veneremur.

301 5359 411 5417 Galeas·
427 5373 520 5427 opera
548 5358 604 5413 Vel.
622 5357 783 5412 XXXVII.
1965 5357 1982 5413 9
