4784 5970
130 396 194 462 545
851 398 901 463 IN
923 397 1174 463 lassamur.
1221 397 1408 481 aaran.
2067 399 2132 467 546

132 587 186 652 hic
208 586 402 651 sententiam
423 588 573 668 proponit
591 586 755 666 Ieremias,
775 608 891 669 nempe
909 585 994 669 quod
1013 586 1105 650 Deus
1129 587 1132 667 l
1157 596 1269 650 notam
1304 587 1564 668 reprehensionis
1597 586 1629 650 in
1660 607 1695 650 se
1723 588 1896 667 suscipere.
1946 587 2024 652 Ideo
2054 588 2134 654 dicit

131 672 193 738 sibi
215 672 371 756 populum
391 672 599 737 reconciliare
617 672 756 756 studeat,
780 672 1053 756 quemadmodum
1078 673 1105 736 si
1129 672 1133 765 ζ
1158 670 1322 736 Dominus
1344 673 1428 755 apud
1452 671 1583 752 Isaiam,
1611 671 1785 736 Ostendite
1806 672 1887 736 mihi
1910 672 2056 739 libellum
2081 696 2132 740 re·

132 759 269 823 maritus
288 757 386 823 vellet
404 758 437 822 in
450 758 590 842 gratiam
608 759 716 824 redire
727 781 799 824 oum
813 780 914 823 uxore
932 757 1107 841 impudica,
1130 775 1133 869 q
1159 756 1249 840 podii
1272 759 1386 822 matris
1410 769 1552 823 vestrae:
1583 759 1675 840 quasi
1698 758 1827 831 diceret,
1859 759 1937 841 Ipsa
1959 780 1978 824 a
2000 780 2053 824 mc
2077 759 2134 826 de·

131 859 164 908 ot
185 843 285 909 vellet
304 845 474 926 ignoscere
491 863 635 927 prorsus,
654 867 692 910 ac
709 847 852 928 recipere
869 845 975 909 iustae
992 851 1026 907 et
1049 865 1108 926 pu·
1130 884 1133 911 ι
1158 843 1245 919 fecit,
1268 843 1338 926 ipsa
1360 844 1428 908 suis
1457 845 1710 909 scortationibus
1739 844 1870 925 abrupit
1897 864 2025 910 sacrum
2056 868 2134 911 con-

132 930 221 996 dicae
252 931 364 994 uxoris
395 930 472 995 loco.
522 930 595 994 Non
625 942 731 1013 potest
758 932 859 1015 igitur
891 931 1020 996 contexi
1055 931 1107 996 hic
1131 922 1134 1019 l
1159 930 1238 1013 iugii
1263 930 1440 994 vinculum.
1479 930 1552 1013 Ego
1576 931 1676 1014 igitur
1699 951 1763 994 non
1793 951 1865 994 sum
1896 931 1930 994 in
1956 932 2051 1012 culpa
2073 953 2133 997 our

132 1037 246 1080 vorsus
265 1037 339 1099 epm
357 1015 413 1079 illa
431 1015 688 1098 exprobratione,
712 1037 808 1098 quam
828 1038 932 1098 nuper
951 1015 1107 1080 vidimus:
1131 1032 1133 1075 ι
1159 1037 1178 1077 a
1200 1015 1293 1079 vobis
1322 1016 1384 1079 sim
1413 1017 1583 1080 alienatus.
1634 1017 1723 1098 Ergo
1758 1015 1819 1081 hoc
1851 1015 1919 1081 loco
1941 1016 2033 1081 Deus
2066 1039 2134 1082 non

133 1101 190 1166 sed
212 1105 301 1169 abab
327 1102 519 1165 tantundem
545 1101 653 1166 valere
675 1115 763 1184 puto,
793 1103 880 1168 acsi
904 1102 1047 1178 dixisset,
1071 1114 1108 1166 ut
1158 1102 1322 1184 significat
1345 1122 1380 1165 se
1402 1102 1578 1165 divortium
1602 1102 1717 1167 fecisse
1746 1120 1819 1166 cum
1850 1102 1987 1184 populo:
2020 1104 2134 1168 fuisset

132 1187 296 1271 loquimur
319 1186 443 1269 gallice,
469 1209 533 1268 par
553 1189 692 1253 muniere
712 1190 750 1254 de
771 1190 855 1254 dire:
877 1187 928 1251 vel
951 1187 1107 1269 quemad·
1158 1189 1246 1251 enirn
1276 1186 1355 1252 illud
1380 1187 1537 1252 vitiosum
1566 1198 1598 1252 et
1628 1208 1834 1269 perversum:
1869 1208 1976 1269 neque
2004 1199 2135 1271 poterat

133 1272 266 1337 modum
296 1276 393 1336 ctiam
422 1274 558 1338 barbare
580 1274 711 1354 quidam
742 1275 864 1353 dicunt,
886 1275 992 1355 posito
1021 1293 1105 1339 coca.
1158 1286 1341 1355 competere
1370 1273 1405 1336 in
1435 1293 1606 1355 personam
1637 1273 1710 1337 Dei.
1763 1272 1827 1339 Sed
1858 1271 2133 1355 quemadmodum

133 1358 248 1440 Neque
266 1359 352 1422 enim
377 1358 536 1441 propheta
559 1358 612 1422 hic
630 1360 737 1424 Deum
762 1361 946 1442 loquentem
972 1359 1106 1442 inducit,
1158 1359 1222 1422 iam
1247 1359 1326 1438 dixi,
1350 1360 1470 1440 duplex
1500 1369 1550 1424 est
1578 1359 1793 1440 comparatio:
1824 1360 1960 1425 maritus
1983 1363 2134 1442 quamvis

132 1444 189 1510 sad
212 1445 406 1508 sententiam
432 1446 601 1527 vulgarem
629 1447 724 1527 ponit
746 1448 779 1510 in
798 1445 956 1509 medium:
980 1458 1013 1508 ct
1035 1446 1107 1508 ideo
1130 1458 1134 1563 1
1159 1445 1321 1510 fastidioso
1343 1445 1497 1510 abiecerit
1519 1465 1664 1521 uxorem,
1694 1458 1790 1526 atque
1820 1445 1867 1508 ita
1889 1466 1949 1509 sua
1970 1445 2068 1528 culpa
2090 1445 2131 1510 ad

131 1532 178 1595 sic
196 1531 373 1612 praefatur,
395 1515 485 1598 torf)
517 1532 577 1595 hoc
594 1543 652 1607 est,
676 1531 730 1596 Sit
747 1532 804 1610 ita,
824 1544 858 1595 ut
877 1533 927 1594 vir
945 1532 1104 1612 quispiam
1157 1551 1281 1596 novum
1303 1532 1488 1613 coniugium
1510 1531 1729 1613 appetendum
1753 1531 1928 1613 impulerit,
1950 1530 2006 1594 ubi
2023 1544 2134 1596 tamen

132 1617 244 1681 fecerit
267 1614 442 1680 divortium
466 1615 507 1681 ab
531 1638 641 1695 uxore,
663 1627 696 1681 ct
719 1618 774 1681 illa
798 1617 964 1682 transierit
986 1617 1025 1679 ad
1051 1638 1105 1679 no·
1159 1617 1301 1681 alienum
1325 1618 1457 1680 thorum
1488 1617 1586 1680 fuerit
1614 1618 1773 1700 ingressa,
1803 1637 1840 1681 ao
1870 1618 1897 1680 si
1927 1629 2134 1698 contemptus

134 1723 210 1767 vum
234 1703 400 1780 maritum,
423 1724 464 1766 an
489 1715 615 1786 poterat
638 1724 750 1768 rursus
774 1704 813 1767 ad
842 1704 979 1784 priorem
1012 1702 1107 1766 mari·
1159 1705 1250 1776 foret,
1273 1703 1329 1766 vix
1353 1724 1494 1784 unquam
1524 1723 1600 1786 prae
1626 1703 1849 1786 indignatione
1879 1704 1999 1784 poterit
2020 1723 2134 1767 recon-

133 1802 202 1851 tum
226 1786 354 1852 redire?
384 1810 448 1852 non
472 1788 553 1854 solet
581 1791 660 1852 fieri.
706 1790 777 1872 Ego
807 1801 917 1852 autem
947 1788 1106 1872 superabo
1159 1789 1274 1852 eiliari.
1320 1787 1386 1852 Vos
1415 1802 1523 1853 autern
1553 1810 1616 1852 non
1647 1790 1727 1854 estis
1749 1811 1768 1851 a
1791 1809 1843 1853 me
1876 1785 2059 1875 repudiati„
2078 1786 2135 1853 sed

132 1871 287 1955 quidquid
307 1885 357 1938 cst
376 1875 590 1940 humanitatis
606 1875 640 1939 in
657 1875 852 1957 hominibus,
875 1874 950 1957 quia
973 1885 1107 1956 paratus
1159 1875 1236 1938 estis
1259 1874 1381 1938 similes
1404 1874 1532 1938 mulieri
1557 1874 1707 1954 perfidae.
1729 1888 1762 1938 et
1785 1895 1866 1955 quae
1889 1874 2078 1956 turpissime
2099 1895 2135 1939 se

132 1980 188 2023 ero
211 1971 243 2023 tc
265 1959 426 2042 amplecti,
451 1961 546 2024 modo
562 1962 595 2024 in
612 1972 775 2042 posterum
792 1962 873 2025 velis
888 1961 993 2025 colere
1011 1959 1106 2024 fidem
1159 1961 1372 2042 prostraverit
1394 1980 1501 2024 eoram
1525 1962 1630 2024 obviis
1652 1960 1859 2042 quibuslibet,
1886 1968 1919 2022 et
1941 1973 2051 2024 tamen
2074 1981 2137 2043 ego

131 2045 346 2129 coniugalem,
370 2058 403 2109 et
422 2046 599 2111 valedicere
622 2047 686 2110 tuis
704 2045 871 2112 adulteriis
889 2056 922 2110 et
940 2045 1105 2111 adulteris.

132 2130 227 2210 Quod
248 2131 288 2194 ad
308 2151 468 2196 summam
493 2132 539 2195 rei
563 2144 696 2214 spectat,
720 2133 809 2205 nulla
831 2140 881 2197 est
903 2132 1106 2215 ambiguitas.

132 2216 197 2281 Hic
221 2217 307 2279 enim
329 2218 420 2280 Deus
442 2219 584 2281 ostendit
606 2240 640 2283 se
663 2219 731 2282 fora
754 2217 942 2300 placabilem
968 2217 1106 2297 ludaeis,

132 2303 228 2366 modo
251 2324 292 2365 ne
314 2302 475 2367 obstinate
497 2320 635 2386 pergant
655 2304 688 2367 in
712 2306 780 2369 suis
802 2304 987 2370 sceleribus.
1032 2303 1106 2369 Uti-

133 2400 186 2452 tur
209 2401 317 2452 autcm
336 2395 577 2470 comparatione
596 2388 857 2455 adclamantium
876 2411 968 2454 suam
991 2390 1108 2455 melius

132 2472 378 2556 exprimendam
403 2495 486 2556 quae
509 2487 618 2539 tamen
650 2476 747 2557 paulo
777 2477 933 2541 attentius
962 2475 1106 2541 conside·

134 2559 235 2622 randa
259 2572 317 2623 cst.
362 2560 460 2626 Prius
488 2561 616 2625 dixerat
645 2582 680 2625 se
712 2574 820 2626 tenere
850 2562 956 2626 locum
987 2561 1095 2626 mariti

134 2644 287 2726 populum
311 2644 373 2708 sibi
397 2667 466 2709 esse
488 2648 592 2710 instar
614 2647 743 2710 uxoris:
773 2647 890 2711 deinde
912 2660 1107 2728 conquestus

134 2743 184 2793 est
207 2729 246 2793 de
269 2730 362 2794 foeda
388 2731 501 2813 populi
531 2731 676 2812 perfidia,
705 2733 761 2812 qui
783 2731 823 2796 ab
845 2733 915 2815 ipso
937 2733 1108 2809 defecerat,

134 2826 168 2879 et
190 2812 272 2878 dixit
291 2816 350 2881 hoc
368 2817 502 2899 perinde
522 2839 601 2897 esse,
625 2840 662 2883 ao
680 2818 707 2882 si
727 2819 844 2881 mulier
863 2829 971 2900 sprcto
989 2819 1107 2884 marito

134 2923 170 2963 se
188 2902 397 2982 prostitueret
416 2903 614 2985 quibuslibet
629 2902 799 2969 adulteris:
819 2905 883 2968 iarn
900 2904 999 2981 addit,
1019 2904 1107 2982 Ecce,

57 3055 59 3059 .
133 2988 165 3051 si-
179 2988 252 3068 qais
266 2988 317 3052 cir
330 2987 486 3054 dimiserit
507 3009 644 3071 acorem,
667 2995 695 3054 ef
714 2992 799 3073 foeta
818 2991 916 3071 faerit
936 3012 1019 3055 uuor
1035 2991 1108 3056 olfe-

134 3073 206 3137 rius
237 3073 310 3149 oiri,
341 3094 501 3155 tranquaut
533 3076 659 3156 recipiet
690 3097 773 3142 com:
807 3080 916 3158 Atque
945 3076 1006 3142 hcc
1037 3088 1110 3142 erat

136 3159 207 3241 lego
232 3160 378 3224 vetitum.
419 3161 491 3242 Ego
514 3172 624 3226 autem
648 3172 781 3243 paratus
804 3183 876 3226 sum
900 3173 932 3226 te
954 3164 1107 3245 recipere,

135 3244 284 3324 quamvis
308 3266 372 3308 non
396 3246 528 3311 fecerim
551 3257 657 3312 tecum
681 3248 816 3332 vulgare
845 3268 903 3330 pro
933 3269 1005 3312 mea
1035 3249 1107 3314 libi·

137 3328 212 3393 dine
246 3328 439 3407 divortium,
480 3346 518 3395 ut
550 3332 655 3397 solent
687 3335 797 3398 mariti
831 3333 1001 3415 repudiare
1033 3356 1109 3401 suas

137 3435 267 3492 uxores,
303 3415 379 3480 dum
413 3416 533 3500 aliquid
565 3419 635 3483 vitii
664 3419 699 3484 in
727 3420 794 3484 illis
823 3420 980 3501 displicet.
1034 3420 1109 3486 Non

136 3515 186 3564 est
209 3500 349 3583 simplex
372 3504 580 3586 comparatio,
603 3513 639 3569 ut
662 3505 754 3570 multi
777 3505 966 3587 intelligunt
988 3505 1110 3590 (neseio

138 3609 180 3649 an
215 3606 346 3651 omnes:
389 3610 492 3671 neque
524 3590 612 3654 enim
646 3591 710 3675 legi
743 3593 798 3673 qui
835 3612 944 3654 verum
978 3614 1111 3657 sensum

138 3673 329 3755 attingeret)
359 3675 522 3755 quianon
546 3675 738 3758 simpliciter
767 3689 933 3757 comparat
961 3701 996 3742 so
1018 3678 1111 3743 Deus

137 3779 211 3821 eum
235 3761 361 3835 marito,
385 3761 440 3840 qui
464 3781 598 3824 uxorem
621 3760 841 3844 repudiaverit
868 3778 1002 3844 propter
1023 3785 1111 3829 scor·

138 3844 294 3906 tationes:
329 3844 384 3907 sed
418 3846 690 3926 quemadmodum
724 3849 789 3911 iam
822 3847 904 3926 dixi,
937 3847 1001 3912 duo
1034 3859 1113 3914 sunt

138 3929 293 3992 membra.
338 3928 496 3994 Solebant
517 3931 603 3995 enim
628 3941 707 3998 tunc
729 3933 842 3998 Iudaei
864 3933 1041 3998 divortium
1065 3935 1112 3999 fa·

139 4034 211 4078 cere
234 4035 308 4079 cum
331 4015 497 4093 uxoribus,
521 4019 618 4080 etiam
637 4018 677 4083 ob
700 4018 788 4085 leves
806 4040 928 4096 causas,
950 4032 983 4085 et
1006 4020 1111 4088 nihili.

139 4101 232 4164 Deua
250 4109 360 4164 autem
379 4101 464 4183 apud
485 4101 602 4167 isaiam
622 4104 687 4190 (50,
707 4104 738 4188 1)
757 4106 804 4170 sic
821 4105 975 4186 loquitur,
994 4105 1113 4171 Osten-

1158 2067 1231 2110 sum
1268 2059 1400 2127 paratus
1435 2066 1491 2110 vos
1524 2046 1687 2129 recipere,
1725 2058 1759 2109 et
1791 2047 1949 2111 scelerum
1983 2046 2134 2110 omnium

1158 2131 1314 2197 oblivisci.
1361 2131 1455 2196 Nunc
1478 2154 1556 2215 ergo
1584 2143 1733 2197 tenemus
1762 2151 1924 2196 summam
1948 2130 2133 2197 verborum.

1159 2218 1203 2282 Et
1224 2218 1257 2282 in
1280 2216 1343 2281 hoc
1365 2217 1506 2282 secundo
1529 2217 1675 2282 membro
1694 2219 1891 2300 comparatio
1911 2218 1950 2281 fit
1971 2238 1990 2281 a
2013 2217 2134 2282 minori

1158 2304 1198 2368 ad
1222 2304 1338 2368 maius.
1383 2303 1483 2368 Esset
1505 2303 1590 2367 enim
1619 2303 1743 2368 facilior
1772 2303 1889 2368 reditio
1920 2306 1953 2366 in
1983 2303 2134 2385 gratiam,

1159 2390 1186 2453 si
1209 2389 1328 2453 mulier
1350 2410 1369 2453 a
1392 2390 1508 2453 marito
1530 2391 1648 2454 reiecta
1672 2401 1783 2471 postea
1802 2409 1913 2453 rursus
1933 2389 1963 2452 ei
1982 2388 2134 2471 placeret,

1160 2477 1307 2558 quamvis
1331 2476 1414 2540 facta
1436 2488 1520 2541 essct
1547 2475 1680 2539 alterius
1704 2476 1765 2539 viri
1796 2496 1889 2539 uxor.
1934 2473 1999 2539 Ubi
2022 2485 2133 2539 autem

1160 2561 1308 2625 adultera
1330 2563 1450 2642 reperit
1477 2562 1630 2625 maritum
1661 2561 1706 2624 ita
1738 2560 1968 2638 voluntarium,
1999 2570 2031 2623 ct
2059 2581 2135 2641 pro·

1161 2667 1298 2730 pensum
1328 2647 1367 2710 ad
1397 2646 1537 2711 dandam
1571 2648 1711 2726 veniam,
1743 2647 1802 2710 hoc
1831 2660 1918 2712 certe
1948 2646 2134 2729 exemplum

1161 2753 1225 2796 non
1257 2733 1437 2812 reperietur
1469 2734 1555 2797 inter
1591 2743 1726 2798 cunctos
1761 2732 1924 2796 mortales.
1976 2730 2136 2796 Videmus

1161 2819 1270 2900 itaque
1293 2828 1331 2881 ut
1352 2839 1371 2880 a
1391 2818 1508 2883 minori
1531 2816 1570 2882 ad
1596 2820 1697 2882 maius
1720 2816 1883 2882 Dominus
1912 2817 2049 2881 extollat
2070 2818 2136 2882 cle·

1162 2905 1317 2968 mantiam
1347 2924 1438 2968 suam
1470 2924 1548 2987 erga
1576 2904 1742 2986 populum,
1776 2923 1840 2986 quo
1873 2902 1995 2968 scilicet
2026 2904 2137 2968 minus

1162 2989 1364 3055 excusabiles
1383 2991 1450 3054 sint
1471 2989 1595 3065 Iudaei,
1619 2988 1696 3054 dum
1719 2991 1765 3053 ita
1788 2990 2000 3070 pervicaciter
2022 3010 2137 3071 respu-

1162 3087 1222 3138 unt
1246 3075 1334 3142 hunc
1356 3076 1499 3140 favorem
1530 3077 1615 3140 ultro
1643 3077 1703 3140 sibi
1732 3075 1888 3139 oblatum.
1933 3073 1999 3138 Sed
2023 3075 2137 3157 quaeri

1163 3173 1280 3243 posset,
1304 3183 1362 3225 cur
1385 3161 1472 3225 dieat
1501 3161 1660 3244 propheta
1690 3161 1862 3227 Polluficne
1885 3161 2044 3241 pollutam
2071 3181 2138 3226 esec

1161 3253 1276 3312 terram
1297 3247 1385 3327 banc,
1407 3248 1469 3327 vel,
1492 3247 1631 3313 in‘hoo?
1677 3248 1788 3311 Primo
1819 3247 1924 3312 dicam
1953 3247 1993 3309 de
2018 3247 2137 3328 verbis,

1162 3346 1274 3416 postca
1297 3354 1365 3397 rem
1389 3336 1493 3415 ipsam
1520 3333 1700 3414 expediam.
1745 3333 1802 3398 sie
1830 3352 1942 3396 omnes
1973 3332 2039 3396 fere
2063 3352 2137 3395 ver·

1163 3431 1253 3483 tunt:
1278 3422 1399 3482 Annon
1423 3419 1599 3501 pollutione
1621 3419 1746 3500 polluta
1768 3432 1818 3483 est
1840 3429 1927 3481 terra
1951 3416 2030 3480 illa?
2068 3414 2135 3482 Sed

1164 3526 1231 3569 non
1253 3504 1345 3569 video
1368 3505 1441 3585 quis
1463 3525 1577 3568 sensus
1600 3504 1672 3569 clici
1702 3515 1811 3587 queat,
1841 3504 1868 3566 si
1900 3504 1944 3567 ita
1975 3503 2139 3586 legamus:

1164 3591 1226 3655 nisi
1246 3591 1328 3654 sorte
1344 3592 1489 3654 conferat
1503 3589 1597 3652 Deus
1613 3590 1779 3653 mulierem
1796 3588 2002 3670 repudiatam
2018 3598 2138 3672 terrae,

1166 3676 1215 3740 vel
1236 3676 1372 3757 abrupto
1390 3688 1545 3740 contextu
1563 3673 1602 3737 ad
1622 3685 1741 3739 terram
1761 3674 1937 3738 transferat
1952 3673 2038 3757 quod
2054 3673 2140 3740 dixit

1164 3763 1204 3826 do
1227 3761 1363 3826 muliare
1386 3761 1565 3844 repudiata,
1594 3773 1651 3824 aut
1679 3772 1766 3826 carte
1795 3761 1936 3844 figuram
1966 3780 2031 3842 qua
2058 3782 2140 3826 usus

1164 3848 1225 3913 fuit
1254 3848 1403 3929 explicet.
1453 3848 1490 3912 'ui
1520 3846 1646 3928 placeat
1674 3847 1727 3914 hic
1756 3866 1883 3923 sensus,
1912 3846 2026 3927 copula
2054 3867 2141 3928 quae

1164 3956 1242 3998 mox
1264 3935 1419 4016 sequitur,
1443 3933 1487 3996 m
1510 3945 1554 4009 tu,
1578 3932 1612 3996 in
1635 3933 1796 3998 causalem
1820 3930 2012 4014 particulam
2037 3934 2139 3998 resol-

1166 4020 1271 4085 venda
1299 4020 1376 4083 erit:
1408 4040 1505 4101 quam
1536 4017 1741 4083 adversative
1770 4037 1883 4083 omnes
1913 4030 2058 4099 vertunt,
2087 4020 2139 4084 Tu

1166 4119 1284 4180 autern,
1308 4116 1340 4168 ot
1362 4118 1458 4171 recte.
1504 4105 1576 4188 Ego
1598 4106 1699 4187 igitur
1726 4104 1813 4168 malo
1842 4105 1888 4168 ita
1918 4106 2073 4187 accipere,
2104 4121 2140 4169 ut

140 4185 206 4249 dite
229 4186 311 4250 mibi
334 4185 480 4251 libellum
503 4189 630 4271 repudii
649 4193 764 4255 matris
783 4204 926 4255 vestrae:
949 4193 1040 4274 quasi
1065 4192 1113 4255 di·
1165 4206 1245 4258 amu
1268 4211 1414 4256 seorsum
1437 4192 1573 4274 legatur.
1617 4190 1659 4254 In
1683 4191 1751 4270 hoc,
1780 4211 1895 4272 nempe
1925 4190 1954 4254 si
1977 4191 2050 4272 quis
2079 4213 2138 4255 ux·

140 4284 237 4352 caret,
262 4272 332 4356 Ego
356 4294 421 4336 non
445 4274 616 4356 repudiavi
633 4287 771 4340 matrem
793 4285 946 4341 vestram.
983 4276 1113 4360 Siquis
1165 4300 1254 4343 orem
1287 4297 1399 4341 rursus
1431 4276 1464 4339 in
1496 4277 1625 4340 thorum
1656 4277 1861 4360 coniugalem
1891 4276 2052 4352 admittat,
2081 4276 2139 4341 ubi

140 4357 226 4419 enim
260 4372 338 4424 tunc
371 4359 411 4424 ab
442 4380 543 4424 uxore
572 4381 631 4424 sua
664 4361 858 4441 discederet,
891 4362 944 4425 lex
978 4364 1114 4441 cogebat
1166 4365 1250 4428 facta
1281 4364 1380 4426 fuerit
1409 4362 1545 4427 alterius
1568 4362 1639 4427 viri.
1685 4363 1756 4426 Lex
1787 4363 1873 4427 euim
1904 4362 1965 4426 hoo
1995 4363 2138 4440 vetabat,

141 4443 246 4524 ipsum
287 4445 450 4527 suscipere
491 4447 631 4528 aliquam
675 4458 786 4512 notam
818 4446 969 4512 levitatis.
1025 4446 1113 4528 Quid
1165 4447 1438 4531 quemadmodum
1463 4449 1623 4512 diximus:
1655 4459 1687 4511 et
1713 4448 1785 4512 fieri
1809 4469 1873 4512 non
1903 4456 2030 4529 poterat
2059 4448 2139 4530 quin

141 4529 229 4591 enim
253 4542 324 4594 erat
341 4531 471 4597 libellus
489 4531 637 4614 repudii?
669 4534 905 4598 Testimonium
929 4533 1112 4616 pudicitiae.
1166 4536 1278 4600 uxoris
1300 4534 1437 4599 maritus
1467 4546 1554 4598 esset
1582 4533 1718 4610 adulter,
1752 4534 1780 4598 si
1814 4534 1854 4599 ad
1888 4555 1922 4598 se
1955 4533 2140 4599 retraheret

143 4613 223 4677 Nam
256 4616 283 4678 si
306 4635 371 4697 qua
399 4617 516 4682 mulier
547 4617 850 4700 deprchendebatur
879 4622 912 4684 in
943 4620 1113 4698 adulterio,
1167 4641 1303 4685 uxorem
1326 4640 1422 4702 quam
1452 4619 1627 4684 dimiserat.
1673 4619 1755 4683 Nam
1787 4620 1921 4701 repudio
1951 4619 2141 4700 pariebatur

142 4700 225 4763 nihil
247 4721 328 4782 opus
350 4712 421 4765 erat
443 4704 547 4769 facere
565 4726 638 4769 oum
661 4726 700 4770 ea
718 4704 913 4770 divortium:
937 4706 1112 4770 eratenim
1167 4705 1358 4772 mulieribus
1370 4704 1519 4769 liberta:
1533 4726 1597 4769 non
1609 4705 1694 4787 quod
1707 4704 1818 4770 liceret
1829 4706 1891 4771 hoe
1903 4703 2071 4788 divinitus,
2082 4706 2140 4771 sed

141 4805 245 4867 poena
267 4787 424 4866 capitalis.
458 4789 505 4853 Er
529 4812 548 4855 o
570 4788 736 4857 adulterae
758 4813 823 4856 non
846 4790 995 4856 solebant
1017 4813 1113 4874 repu-
1166 4795 1316 4874 quoniam
1333 4792 1486 4855 mulieres
1502 4792 1590 4871 ipsae
1605 4800 1641 4855 ut
1654 4791 1807 4856 innoxiae
1819 4789 2139 4856 arantsublevabnn-

141 4870 239 4936 diari:
257 4871 313 4935 scd
328 4873 355 4936 si
373 4894 435 4954 qua
451 4811 569 4940 maiier
585 4877 719 4943 honeste
736 4899 770 4942 se
786 4886 933 4961 gesserat
949 4898 1024 4943 cum
1043 4898 1112 4941 ma·
1166 4893 1227 4943 tur.
1273 4878 1363 4942 Deus
1384 4878 1470 4940 enim
1494 4875 1622 4958 culpam
1652 4878 1777 4941 maritis
1803 4877 1995 4958 imputabat.
2043 4877 2140 4945 Nunc

141 4959 214 5039 rito,
237 4978 335 5039 quum
354 4960 481 5025 volebat
497 4984 568 5026 eam
585 4962 765 5046 repudiare,
785 4963 838 5028 lex
854 4966 991 5047 cogebat
1005 4964 1112 5046 ipsum
1138 5006 1140 5033 .
1165 4978 1273 5028 autem
1293 4973 1461 5045 postquam
1480 4963 1596 5026 mulier
1615 4963 1767 5027 reiectae
1782 4962 1890 5045 priora
1908 4960 2140 5029 maritonubess

141 5044 220 5107 dare
243 5043 387 5108 libellum
412 5046 547 5127 repudii,
582 5049 653 5133 Ego
682 5048 768 5115 hauc
796 5070 931 5114 uxorem
966 5048 1112 5132 repudio,
1137 5036 1140 5135 l
1166 5051 1221 5114 bat
1238 5048 1333 5114 alteri
1353 5050 1432 5130 viro,
1457 5047 1640 5131 legitimum
1663 5059 1734 5112 erat
1755 5050 1937 5113 seeundum
1959 5047 2040 5113 illud
2062 5070 2141 5115 con·

143 5150 208 5191 non
235 5130 320 5210 quod
354 5131 507 5196 fefellerit
538 5146 594 5198 aut
627 5135 798 5199 violaverit
830 5132 927 5199 fidem
960 5134 1112 5217 coniugii,
1137 5140 1140 5223 l
1166 5136 1298 5219 iugium.
1338 5135 1426 5218 Ergo
1450 5134 1476 5199 si
1496 5134 1585 5216 prior
1603 5134 1741 5198 maritus
1761 5132 1857 5198 vellet
1875 5136 1994 5199 iterum
2019 5134 2141 5202 habere

143 5215 199 5279 sed
231 5217 307 5297 quia
337 5237 443 5282 mores
473 5239 538 5282 non
568 5221 777 5300 conveniunt,
807 5220 884 5302 quia
912 5221 1017 5285 forma
1048 5240 1112 5285 non
1137 5230 1141 5309 j
1165 5241 1309 5297 uxorem,
1338 5241 1412 5285 cum
1443 5241 1508 5302 qna
1542 5220 1720 5284 divortium
1751 5221 1880 5297 fecorat,
1909 5223 2142 5305 corrumpebat

143 5300 295 5459 placete,J
310 5302 365 5368 Sic
394 5323 472 5385 ergo
507 5305 612 5369 mariti
645 5316 725 5370 tnnc
753 5307 832 5373 inssi
861 5315 941 5372 sunt
968 5307 1112 5391 aliquam
1137 5315 1142 5351 ¹
1165 5308 1263 5372 fidem
1287 5306 1421 5373 secundi
1443 5305 1607 5372 connubii.
1651 5305 1723 5372 Hac
1746 5308 1872 5373 ratione
1902 5318 1936 5370 at
1957 5308 2018 5375 hcc
2040 5329 2139 5376 sensu

295 5406 357 5460 ciui
371 5421 466 5476 opero.
496 5405 555 5462 Vct.
573 5407 735 5464 XXXVII.
1902 5410 1936 5464 35
