4784 5970
2145 114 2162 153 Ι

195 372 258 438 313
1049 372 1199 439 CAPUT
1221 371 1333 438 LVII.
2122 376 2189 441 314

195 563 327 627 fortuna
355 571 579 627 excaecantur.
625 561 751 626 Verum
772 563 807 628 id
829 563 1032 646 potissimum
1056 562 1168 624 evenit
1220 558 1373 642 loquendi
1404 560 1516 624 forma.
1568 559 1757 641 Exprobrat
1786 560 1934 644 Indaeis,
1968 563 2052 644 quod
2083 565 2190 630 indul-

195 648 253 713 nbi
281 645 393 712 relicto
422 646 493 711 Deo
522 647 586 712 viis
614 655 649 710 et
677 647 836 714 institutis
870 647 937 712 suis
970 647 1166 712 adhaerent:
1220 646 1331 728 gentis
1347 643 1412 709 Dei
1430 655 1463 709 et
1480 644 1637 726 patientia
1660 644 1751 711 abusi
1773 647 1850 732 sint,
1874 668 1937 729 qua
1959 657 2068 714 tamen
2090 651 2190 716 animi

195 744 274 799 tunc
296 733 384 796 enim
407 750 520 797 secure
543 732 651 796 Deum
674 743 898 799 contemnunt.
930 734 1045 797 Potest
1067 732 1167 795 etiam
1219 733 1365 814 ipsorum
1400 731 1519 794 molliri
1552 729 1738 797 debuerant.
1784 731 1850 798 Sed
1878 754 1916 797 ea
1944 748 1993 799 est
2020 735 2189 801 hominum

196 818 320 884 ironice
343 817 424 902 legi:
454 816 520 897 Qui
542 818 582 881 fit
602 828 640 881 ut
662 839 729 882 non
751 821 873 884 referas
894 819 1034 902 gradum
1057 839 1094 883 aa
1116 837 1167 880 re·
1220 817 1374 898 nequitia,
1398 830 1434 879 ut
1451 817 1638 882 audaciores
1661 816 1840 883 reddantur
1862 817 1902 882 ad
1923 819 2132 902 peccandum,
2153 842 2191 887 aa

196 903 353 987 sipisoasi
377 925 437 969 cur
453 925 519 967 non
542 902 689 987 agnoscis
711 906 873 971 insaniam
897 904 1008 969 tuam?
1032 925 1074 967 an
1093 905 1169 985 quia
1220 901 1281 966 sibi
1304 901 1401 966 licere
1423 910 1540 983 putent
1562 901 1646 984 quod
1669 905 1802 985 impune
1821 914 1880 969 est.
1914 903 2031 987 Itaque
2053 907 2087 970 in
2106 907 2190 973 clau·

196 989 297 1055 habes
320 991 421 1054 vitam
444 991 478 1053 iu
501 1010 600 1053 mauu
625 1000 696 1067 tna,
731 1002 764 1056 et
786 1012 939 1073 prospers
970 989 1028 1054 tibi
1058 989 1168 1053 omnia
1221 986 1292 1051 sula
1314 1007 1428 1051 versus
1453 988 1675 1069 particulamt
1702 1010 1760 1070 pro
1782 990 1909 1054 illativa
1938 991 2077 1074 accipio:
2111 992 2190 1058 Ideo

196 1074 396 1141 succedunt?
420 1078 531 1157 Atque
552 1074 637 1141 hanc
658 1074 828 1141 lectionem
852 1077 957 1159 magis
975 1075 1167 1156 amplector:
1221 1093 1273 1136 me
1304 1093 1371 1137 non
1405 1074 1514 1152 times,
1548 1072 1634 1155 quod
1668 1072 1918 1152 dissimularim‚
1952 1097 2051 1159 quum
2085 1081 2191 1161 potius

197 1161 328 1227 tametsi
351 1161 487 1225 alteram
509 1182 574 1224 non
598 1161 742 1243 repudio.
772 1159 860 1228 Satis
883 1173 992 1227 autam
1016 1168 1105 1242 patet
1127 1180 1168 1223 ex
1221 1158 1367 1223 bonitate
1399 1178 1472 1223 mea
1509 1159 1617 1242 frangi
1654 1158 1830 1227 debuisses.
1886 1162 1975 1227 Hinc
2008 1163 2191 1248 colligimus

196 1246 342 1313 historiis
359 1245 497 1311 Iudaeos
515 1247 577 1311 sibi
595 1245 635 1311 ob
654 1266 825 1328 prosperos
846 1267 1016 1313 successus
1038 1244 1169 1326 applau·
1221 1243 1361 1308 Iudaeos
1384 1243 1423 1307 de
1447 1245 1546 1309 nimia
1573 1245 1744 1310 severitate
1767 1246 1830 1311 Dei
1857 1250 2010 1330 conqueri
2040 1270 2102 1313 non
2134 1269 2190 1331 po·

197 1333 273 1397 dere
303 1352 370 1396 non
401 1331 560 1396 debuisse.
605 1332 829 1397 Perniciosum
861 1335 947 1397 euim
975 1343 1008 1397 et
1037 1329 1168 1394 exitiale
1221 1330 1331 1409 tuisse,
1358 1348 1459 1410 quum
1483 1330 1569 1411 ipsos
1593 1330 1648 1394 diu
1670 1333 1835 1414 patienter
1855 1333 1977 1413 tulerit,
2005 1355 2042 1400 ac
2065 1335 2190 1416 peiores

196 1417 277 1500 ipsis
300 1419 360 1483 fuit
382 1417 495 1481 foedus
516 1415 602 1499 quod
632 1438 705 1482 cum
728 1417 901 1502 Aegyptiis
928 1417 1081 1501 primum,
1111 1416 1166 1479 de-

196 1501 272 1567 inde
290 1524 364 1569 cum
378 1503 533 1586 Assyriis,
558 1502 689 1567 tandem
707 1524 781 1568 cum
797 1504 987 1589 Babyloniis
1006 1503 1166 1566 inierunt:

198 1598 294 1670 atque
324 1590 452 1671 experti
483 1596 562 1652 sunt
594 1609 692 1670 quam
725 1599 848 1653 temere
881 1591 962 1654 tales
995 1589 1099 1653 socios
1132 1588 1167 1650 in

197 1673 355 1738 auxilium
377 1694 475 1738 suum
495 1673 723 1739 advocassent:
748 1687 783 1738 ut
801 1677 916 1741 meritc
939 1672 1168 1758 prophetabis

196 1758 337 1836 obiiciat,
359 1758 444 1841 quod
466 1760 567 1825 uitam
591 1781 708 1824 manus
731 1780 809 1825 suas
832 1762 1041 1827 invenerunt.
1085 1763 1166 1823 Am-

196 1844 319 1928 plificst
342 1865 420 1928 argo
442 1845 621 1909 socordiam
645 1846 743 1911 huius
765 1847 876 1930 populi
899 1858 1014 1930 sponte
1037 1847 1072 1909 in
1093 1865 1165 1927 per·

196 1931 314 1996 niciam
338 1950 431 1994 suam
453 1931 589 2006 ruentia,
619 1944 717 2014 atque
738 1934 951 2014 pervicaciter
973 1932 1167 1998 accersentia

198 2016 335 2080 exitium
354 2036 460 2094 suum,
482 2037 579 2097 quum
599 2018 714 2080 saltem
734 2039 824 2083 more
843 2019 1016 2084 stultorum
1036 2027 1167 2099 accepta

196 2102 282 2166 malo
303 2121 418 2183 sapere
440 2100 630 2166 debuisset

284 2187 333 2251 11.
357 2183 416 2271 (Et
437 2207 528 2268 quem
548 2189 682 2253 reverita
702 2188 757 2273 ea.)
797 2190 862 2254 Hic
884 2190 1018 2273 gravius
1041 2187 1167 2252 invehi·

197 2273 307 2337 turin
329 2271 468 2337 Iudaeos
490 2272 574 2354 quod
600 2274 692 2337 vacui
713 2284 822 2339 essent
845 2277 961 2339 timore
982 2273 1057 2356 Dei,
1086 2282 1167 2337 tam·

196 2359 256 2422 etsi
280 2359 439 2423 iactarent
460 2359 667 2423 sanctitatem
686 2380 789 2440 suam,
811 2370 844 2425 et
862 2382 980 2425 nomen
1000 2360 1168 2442 religionis

196 2444 293 2509 inane
315 2443 537 2508 obtenderent.
569 2444 638 2510 Nec
656 2447 743 2510 enim
766 2445 828 2511 sibi
852 2444 1079 2510 tantummodo
1101 2445 1169 2526 pla-

196 2531 327 2594 sentin
350 2530 635 2611 superstitionibus
659 2531 728 2596 suis
751 2531 958 2616 hypocritae:
988 2529 1166 2614 sedetiam

196 2615 337 2698 avulgo
358 2617 464 2681 sancti
487 2624 519 2678 et
540 2615 588 2697 pii
616 2618 861 2682 existimantur:
896 2627 992 2698 atque
1019 2614 1089 2680 ideo
1113 2636 1167 2679 su·

195 2701 295 2783 perbe
318 2721 396 2784 erga
414 2700 522 2764 Deum
545 2711 579 2764 et
601 2700 750 2766 homines
773 2724 843 2767 sese
866 2704 1015 2779 efferunt,
1039 2711 1072 2765 ot
1094 2720 1167 2783 pro·

219 2816 224 2824 ·
250 2808 289 2851 va
308 2808 342 2850 se
358 2786 540 2850 venditant.
569 2786 736 2867 Propheta
752 2808 828 2853 vero
848 2789 1036 2870 pronuntiat
1053 2807 1167 2851 varum

279 2874 413 2936 'sorem
435 2871 498 2936 Dei
519 2892 589 2936 esse
612 2893 678 2935 non
700 2892 802 2953 posse,
823 2875 878 2938 ubi
901 2894 983 2956 pure
1006 2884 1103 2954 atque
1125 2893 1167 2935 ex

406 2979 425 3022 a
453 2979 517 3021 non
540 2958 664 3023 colitur.
710 2957 877 3042 Quidquid
907 2960 995 3024 enim
1025 2958 1168 3022 sentiant

215 3138 247 3193 <t
275 3129 373 3210 impie
396 3170 418 3185 ι.
516 3129 652 3193 insania.
704 3130 901 3195 Pronuntiat
933 3152 1010 3213 ergo
1042 3128 1166 3193 nullum

223 3236 248 3278 ιι
276 3217 418 3278 timoren
477 3212 544 3296 pud
570 3215 673 3297 ipsos,
707 3217 829 3280 nullam
864 3216 1053 3300 religionem
1087 3235 1167 3291 esse,

233 3517 237 3525 ,
350 3500 355 3526 :
415 3485 512 3535 usum
536 3494 596 3538 neo
619 3473 762 3536 revereri
785 3494 844 3540 nec
867 3474 991 3538 timere.
1028 3473 1113 3537 Nam
1135 3480 1169 3535 et

319 3585 347 3613 ιι
401 3588 416 3613 «ι
430 3578 506 3621 οοοο
531 3556 679 3641 (Denter.
700 3558 749 3636 13,
768 3559 802 3644 3)
825 3567 965 3624 testatur
986 3580 1022 3623 se
1042 3558 1167 3640 pericu-

218 3672 245 3698 ·.
346 3688 347 3694 ι
383 3686 389 3697 ·
415 3663 457 3706 au
480 3665 522 3707 ex
545 3654 613 3707 toto
635 3643 730 3708 corde
752 3659 890 3724 amatur,
921 3664 1022 3726 quum
1050 3643 1167 3724 impios

275 3757 300 3783 ι.
404 3727 521 3793 lienos
547 3750 565 3793 a
589 3749 625 3794 se
651 3750 709 3812 per
735 3730 1033 3813 pseudoprophetas
1062 3730 1167 3792 intro·

344 3854 349 3868 ·
454 3815 640 3896 'uicunque
672 3817 773 3898 igitur
802 3814 843 3879 ad
875 3837 929 3880 eos
962 3814 1168 3881 transvolant

197 3898 358 3963 ostendun
501 3901 579 3963 oris
601 3901 665 3964 Dei
687 3901 819 3985 penitus
844 3921 961 3966 vaauos
984 3919 1069 3965 essa:
1092 3898 1168 3982 quia

196 3985 224 4048 si
246 3993 363 4066 reputa
389 4033 391 4035 >
546 3985 644 4050 ndo
674 4007 783 4052 coram
811 4006 849 4051 eo
872 3984 1069 4050 reddendam
1098 4004 1168 4049 esse

403 4101 409 4125 .
510 4114 514 4122 ,
612 4071 708 4135 utiase
729 4071 893 4136 calcarent
915 4074 984 4136 eius
1004 4069 1167 4135 mandata.

687 4186 703 4203 ··
740 4158 960 4241 conqueritur,
989 4155 1170 4238 pervicacia

762 4270 767 4280 ·
800 4263 852 4307 am
874 4242 1060 4326 ignorantia
1083 4245 1169 4325 ipsos

737 4356 744 4382 ··
856 4327 938 4393 bene
960 4327 1096 4393 vivendi
1119 4347 1168 4390 re·

199 4412 310 4494 gulam
335 4412 501 4488 haberent,
531 4443 537 4468 ι
586 4421 712 4477 cerunt
735 4433 807 4493 sps·
872 4414 906 4479 :b
924 4416 1003 4497 ipso,
1021 4425 1054 4478 et
1071 4413 1168 4478 fidem

200 4499 231 4563 ei
253 4497 360 4562 datam
392 4499 544 4580 fregerim
614 4497 829 4578 Quantumh
895 4500 934 4564 it
955 4499 1079 4564 fulmen
1112 4497 1169 4563 ad·

174 4575 316 4648 'versus
338 4583 524 4666 hypocritas
551 4614 556 4639 ι
591 4583 738 4649 'omnes
760 4584 841 4648 min·
902 4585 1043 4664 rridont,
1073 4593 1170 4666 atque

200 4670 353 4734 inanibus
377 4668 458 4732 velis
476 4691 545 4734 sese
573 4703 576 4711 ι
908 4671 1171 4736 animadverten-

201 4755 279 4820 dum
301 4765 358 4832 est,
382 4775 483 4836 quum
505 4765 538 4819 st
557 4775 629 4821 vac
896 4757 902 4770 ’

201 4851 235 4906 et
255 4841 360 4924 ipsius
381 4838 498 4905 oblitos
520 4861 590 4905 asse
612 4861 733 4922 prom·
815 4914 818 4919 ,

286 4924 354 5011 (Aa
371 4946 433 4990 nou
452 4926 528 5006 quia
548 4946 601 5010 eqo
622 4926 847 5012 dissimulavi.)
879 4927 1079 4993 Particulam
1097 4945 1171 4992 cau-

201 5011 302 5079 salem
327 5012 379 5077 hic
401 5009 608 5076 inserendam
639 5014 762 5096 putavi,
792 5033 873 5095 quae
903 5013 1082 5095 supplenda
1110 5022 1170 5094 est,

714 4668 850 4753 diligent

787 4784 818 4813 ιι
853 4762 861 4781 '
893 4778 913 4831 r,
937 4765 969 4821 et
987 4755 1170 4836 mendaces,

1221 1435 1259 1479 ea
1292 1415 1488 1496 impunitate
1522 1415 1639 1479 redditi
1673 1418 1747 1482 sint.
1804 1417 2023 1498 Quamobrem
2059 1441 2190 1486 necesse

1220 1500 1284 1564 fnit
1317 1511 1354 1564 ut
1387 1501 1485 1565 aliam
1519 1503 1651 1567 omniuo
1684 1523 1858 1584 personam
1891 1505 2059 1588 indueret,
2093 1515 2190 1588 atque

1221 1585 1355 1670 gravius
1377 1607 1488 1651 eorum
1513 1587 1633 1651 scelera
1655 1589 1878 1654 ulcisceretur.

1307 1672 1357 1735 12.
1392 1669 1476 1756 (Epo
1499 1673 1714 1759 annuntiabo.)
1757 1674 1913 1739 Declarat
1941 1676 2099 1759 propheta
2122 1675 2190 1740 Do-

1220 1757 1347 1821 minum
1378 1757 1519 1839 amplius
1548 1779 1720 1841 passurum
1750 1780 1813 1825 uon
1836 1783 1906 1825 esse
1928 1760 1961 1824 id
1984 1762 2071 1843 quod
2095 1772 2191 1826 antea

1220 1863 1337 1925 passus
1359 1849 1426 1922 est,
1456 1854 1555 1926 atque
1578 1845 1676 1908 aliam
1700 1846 1761 1927 ipsi
1784 1845 1945 1911 rationem
1968 1848 2119 1929 deinceps
2142 1855 2189 1911 te·

1221 1928 1361 1993 nondam
1385 1939 1475 1993 esse.
1510 1929 1671 1994 Iustitiam
1701 1951 1813 1994 eorum
1837 1944 1930 1997 vocat
1960 1933 2088 1996 ironice.
2133 1932 2189 1996 In-

1220 2015 1339 2097 telligit
1372 2014 1459 2077 enim
1492 2035 1606 2080 omnes
1638 2017 1821 2098 impietates
1853 2031 1885 2081 et
1914 2039 2040 2082 errores
2074 2017 2190 2100 quibus

1219 2099 1335 2163 imbuti
1358 2121 1395 2165 ac
1417 2103 1560 2181 corrupti
1582 2116 1684 2165 eraut.
1728 2103 1778 2167 Ac
1800 2103 1828 2166 si
1851 2102 1987 2167 diceret:
2010 2102 2189 2168 Ostendam

1221 2184 1327 2267 qualis
1349 2186 1393 2248 sit
1415 2185 1540 2249 iustitia
1559 2192 1677 2252 vestra.
1711 2187 1876 2268 Quamdiu
1899 2190 1984 2251 enim
2009 2188 2191 2253 dissimulat

1220 2270 1312 2334 Deus
1335 2273 1413 2335 iusti
1437 2271 1592 2336 videntur
1614 2274 1669 2354 qni
1692 2273 1896 2338 iniustissimi
1919 2285 2016 2355 atque
2038 2275 2191 2356 impuris·

1220 2356 1294 2420 simi
1318 2367 1412 2421 sunt:
1447 2358 1502 2422 ubi
1527 2379 1602 2421 vero
1626 2358 1788 2422 Dominus
1820 2361 2008 2425 conscendit
2036 2360 2191 2435 tribuual,

1221 2441 1406 2506 educuntur
1428 2442 1576 2507 homines
1596 2464 1613 2507 e
1632 2444 1764 2508 latebris
1783 2446 1858 2520 suis,
1882 2455 1979 2528 atque
1997 2447 2031 2509 iu
2050 2446 2192 2510 madium

1221 2528 1385 2610 profertur
1414 2549 1522 2592 eorum
1554 2529 1728 2610 turpitudo.
1773 2529 1890 2612 Itaque
1923 2532 2085 2614 significat
2117 2552 2191 2613 pro·

1221 2614 1321 2695 pheta
1354 2632 1498 2677 summas
1531 2614 1715 2696 impietates
1753 2637 1810 2697 pro
1843 2617 1968 2681 iustitia
2008 2617 2121 2680 haberi
2154 2618 2190 2680 in

1221 2696 1360 2780 mundo,
1394 2700 1548 2780 quamdiu
1582 2698 1765 2764 dissimulat
1798 2699 1907 2767 Deus:
1941 2724 2024 2784 quae
2058 2702 2190 2766 taudem

1220 2784 1290 2863 ipso
1312 2784 1547 2848 conscendente
1574 2785 1716 2850 tribunal
1740 2785 1966 2851 discutientur.
2011 2788 2190 2870 Postquam

1220 2870 1305 2932 enim
1329 2868 1469 2933 multum
1493 2871 1613 2951 diuque
1636 2872 1698 2937 sibi
1721 2870 1858 2936 blanditi
1888 2874 2009 2938 fuerint
2031 2873 2190 2951 homines,
2288 2896 2291 2901 ·
2371 2865 2375 2871 ’

1220 2955 1354 3018 tandem
1376 2955 1482 3036 ipsum
1506 2955 1646 3021 iudicem
1670 2977 1741 3022 esse
1764 2959 1915 3023 sentient.
1961 2959 2027 3024 Nea
2049 2960 2192 3040 proderit

1219 3039 1285 3104 fibi.
1320 3040 1392 3106 Hoc
1415 3041 1454 3104 ad
1478 3043 1628 3106 effectum
1651 3044 1801 3126 pertinet,
1824 3067 1865 3108 ex
1888 3065 1951 3126 quo
1972 3044 2041 3109 fere
2063 3066 2191 3126 semper

1219 3125 1367 3191 homines
1396 3126 1540 3191 iudicare
1566 3129 1682 3195 solent.
1726 3129 1795 3194 Nec
1817 3131 1903 3194 enim
1933 3130 2077 3195 iudicant
2107 3131 2191 3196 sitne

1218 3209 1280 3275 hoo
1302 3211 1424 3275 iustum
1450 3213 1502 3276 vel
1525 3215 1699 3280 iniustum:
1734 3214 1789 3279 sed
1814 3215 1968 3297 quidquid
1999 3216 2080 3280 utile
2109 3217 2189 3299 ipsis

1220 3305 1282 3376 est,
1312 3298 1345 3360 id
1368 3298 1572 3380 probandum
1602 3311 1727 3381 putant.
1772 3301 1939 3383 Propheta
1961 3321 2039 3384 crgo
2063 3301 2190 3365 denun-

1220 3382 1279 3445 tiat
1313 3385 1495 3464 perniciosa
1525 3387 1595 3449 fore
1623 3387 1704 3469 ipsis
1734 3388 1843 3450 omnia
1876 3406 1974 3468 opera
2003 3408 2044 3450 ex
2073 3388 2190 3468 quihus

1219 3468 1393 3533 utilitatem
1417 3470 1560 3551 aliquam
1583 3482 1766 3553 sperarunt.

1307 3555 1355 3618 13.
1379 3553 1480 3638 (Dum
1497 3555 1705 3641 clamaveris.)
1736 3555 1891 3620 Declarat
1909 3555 2036 3636 plenius
2053 3555 2085 3620 id
2104 3557 2190 3639 quod

1219 3639 1364 3704 breviter
1386 3643 1540 3724 attigerat
1561 3645 1727 3724 superiore
1750 3661 1856 3715 versu,
1880 3641 1934 3704 ubi
1959 3642 1999 3705 ad
2024 3663 2092 3706 rem
2111 3663 2190 3708 ven-

1220 3734 1289 3787 tum
1314 3724 1412 3789 fuerit
1435 3748 1490 3791 eos
1510 3726 1716 3807 pudefactum
1739 3727 1793 3790 iri:
1816 3747 1893 3790 nam
1913 3728 2102 3808 potentialis
2125 3749 2191 3793 mc·

1220 3810 1280 3874 dus
1303 3811 1336 3875 in
1357 3812 1455 3875 verbo
1477 3811 1605 3876 liberent
1626 3813 1817 3878 tantundem
1842 3813 1928 3876 valet
1949 3834 1986 3878 ac
2009 3815 2035 3878 si
2059 3811 2190 3896 diceret,

1219 3895 1253 3959 id
1283 3896 1425 3960 facturos
1454 3917 1519 3961 non
1550 3918 1630 3962 esse.
1676 3896 1803 3962 Allndit
1833 3908 1942 3961 autem
1972 3898 2012 3963 ad
2042 3899 2074 3963 id
2104 3902 2190 3982 quod

1219 3982 1310 4063 prius
1329 3980 1472 4046 dixerat:
1500 3982 1669 4049 Profectus
1691 4006 1726 4048 es
1748 3983 1789 4048 ad
1812 4004 1923 4067 regem
1945 4005 2019 4048 cum
2043 4007 2191 4068 unguen-

1220 4068 1272 4132 tis.
1317 4067 1427 4149 Atque
1456 4067 1528 4133 ideo
1556 4068 1738 4135 Collectitiaa
1769 4080 1860 4133 vocat
1890 4070 2051 4151 praesidia
2081 4073 2192 4138 omnia

1220 4151 1338 4235 quibus
1355 4151 1468 4218 Iudaei
1491 4173 1526 4218 se
1544 4163 1633 4221 tutos
1655 4155 1724 4220 fora
1746 4154 1986 4222 existimabant.
2021 4157 2084 4220 His
2102 4159 2190 4222 enim

1220 4238 1332 4304 conlisi
1362 4238 1604 4321 prostituebaut
1632 4263 1667 4306 se
1694 4243 1729 4305 in
1758 4240 1849 4305 omni
1878 4262 1997 4324 genere
2025 4242 2189 4321 vitiorum,

1221 4324 1314 4407 quasi
1336 4325 1470 4406 impune
1493 4325 1571 4407 ipsis
1593 4327 1685 4405 foret,
1708 4325 1793 4408 quod
1817 4328 2023 4409 undiquaque
2046 4329 2130 4409 septi
2153 4350 2190 4393 ac

1221 4411 1337 4474 muniti
1367 4422 1485 4474 essent.
1529 4414 1576 4475 At
1598 4411 1761 4476 Dominus
1789 4412 1931 4476 ostendit
1960 4434 2056 4494 quam
2080 4414 2190 4478 inania

1221 4497 1287 4560 sint
1308 4516 1347 4559 ea
1369 4497 1478 4560 omnia
1507 4517 1588 4578 quac
1614 4497 1734 4579 absque
1764 4497 1834 4581 ipso
1860 4497 2067 4579 colliguntur.
2113 4498 2188 4564 Ola-

1220 4603 1293 4646 mor
1314 4581 1368 4647 hic
1391 4581 1607 4647 calamitatem
1638 4583 1769 4648 denotat
1799 4604 1863 4665 qua
1891 4582 2057 4666 affligendi
2086 4594 2189 4649 erant.

1222 4668 1306 4732 Nam
1325 4667 1508 4732 foederibus
1527 4669 1594 4733 suis
1612 4678 1646 4732 et
1663 4669 1822 4734 sociorum
1842 4691 1901 4751 ope
1920 4670 1994 4733 freti
2011 4671 2045 4732 in
2061 4690 2188 4735 summo

1222 4773 1257 4818 se
1279 4752 1344 4817 otio
1366 4753 1435 4818 fore
1456 4755 1701 4836 existimabant,
1731 4755 1816 4820 acsi
1839 4775 2005 4837 nunquam
2034 4765 2110 4818 ante
2133 4755 2188 4820 de·

1221 4838 1285 4902 lusi
1306 4837 1457 4904 fuissent.
1492 4839 1557 4904 Sed
1581 4841 1771 4922 pronuntiat
1792 4842 1902 4905 omnia
1924 4840 2085 4922 praesidia
2106 4862 2188 4922 qnae

1223 4925 1284 4990 sibi
1305 4934 1540 4989 coacervarunt
1559 4925 1639 4989 nihil
1662 4927 1794 4990 omnino
1817 4927 1985 5007 profutura
2007 4945 2084 4990 esse.
2121 4927 2188 4990 Ex-

1222 5008 1380 5074 secranda
1411 5011 1499 5075 euim
1532 5019 1565 5075 et
1594 5011 1765 5076 maledicta
1797 5022 1845 5075 est
1874 5011 1929 5074 illa
1958 5010 2074 5074 fiducia
2106 5032 2187 5094 quaa

201 5108 241 5163 ut
261 5098 380 5162 melius
402 5107 512 5180 pateat
534 5119 649 5164 sensus
670 5100 858 5182 prophetae.
903 5098 987 5163 Nam
1010 5100 1066 5180 qui
1088 5096 1170 5162 nihil
1223 5095 1377 5160 derelicto
1400 5094 1471 5159 Deo
1493 5098 1526 5160 in
1550 5097 1647 5162 rebus
1677 5097 1822 5162 externis
1850 5112 1906 5160 aut
1932 5096 2100 5176 praesidiis
2129 5099 2185 5162 ho·

202 5183 410 5261 subaudiunt,
433 5184 572 5249 multum
595 5206 629 5250 se
651 5192 805 5267 torquent
827 5187 861 5249 iu
883 5184 1040 5250 eliciendo
1063 5204 1171 5249 sensu.
1223 5181 1350 5246 minum
1382 5180 1517 5247 locatur.
1571 5183 1669 5246 Prius
1704 5182 1911 5265 exprobravit
1947 5181 2065 5263 populo
2102 5183 2187 5266 quod

202 5269 333 5334 Scimus
367 5277 475 5334 autem
509 5291 607 5353 quam
641 5270 793 5353 frequens
827 5272 869 5336 sit
898 5270 1059 5336 Hebraeis
1092 5269 1172 5334 haeo
1225 5267 1353 5333 lenibus
1377 5269 1468 5349 aquis
1492 5266 1579 5333 Siloa
1602 5287 1667 5332 non
1690 5279 1861 5332 contentus
1883 5266 2011 5351 rapidos
2034 5281 2067 5332 et
2090 5269 2187 5335 vehe-
