4784 5970
191 322 233 388 35
1074 323 1124 389 IN
1150 322 1315 390 ISAIAM
2150 321 2193 387 36

189 511 443 594 exspectandum
465 509 556 576 erat?
586 510 681 591 Quod
699 511 854 594 sequitur,
877 511 1043 592 adgredere
1059 531 1162 592 suma
1214 511 1357 594 periculo
1387 513 1575 595 prostravit.
1621 510 1729 578 Simul
1762 521 1893 578 revocat
1925 511 1961 576 in
1993 511 2190 578 memoriam

190 597 342 664 nonnulli
372 607 543 681 exponunt
569 596 810 676 Abrahamum,
843 617 1034 679 quocunque
1064 598 1162 674 venit,
1214 619 1278 662 uon
1309 618 1378 663 esse
1408 597 1469 663 hoo
1497 598 1637 663 hominis
1665 598 1779 662 virtuti
1809 595 1865 663 sed
1888 596 1953 662 Dei
1980 596 2106 663 auxilio
2129 598 2190 662 tri·

191 704 308 748 nomen
342 681 479 747 Domini
517 683 692 748 invocasse.
748 682 834 747 Nam
868 682 966 748 simul
999 693 1096 764 atque
1128 683 1164 747 in
1214 681 1395 749 buendum:
1428 683 1503 766 quia
1531 690 1623 749 tanta
1652 681 1803 750 vincendi
1834 682 1971 750 facilitas
1992 682 2190 749 humanitus

191 768 358 853 regionem
376 768 517 852 aliquam
537 778 680 852 venerat,
703 767 890 834 exstruebat
909 768 1010 833 altam
1027 766 1110 851 Deo,
1128 770 1162 832 in
1214 790 1278 834 non
1301 768 1445 852 contigit.

192 875 254 937 qno
279 853 485 919 sacrificaret.
526 851 620 936 Quod
643 852 773 937 quidem
795 875 912 918 verum
935 863 998 918 est:
1022 852 1079 919 sed
1102 875 1162 938 ego
1298 853 1329 919 3.
1360 853 1585 939 (Pereequutes
1617 859 1661 920 est
1692 852 1764 940 eos.)
1818 852 1942 919 Iterum
1976 868 2119 918 exornat
2150 854 2188 919 in

190 939 284 1004 aliter
317 940 529 1022 interpretor:
562 960 678 1023 nempe
707 940 886 1004 Dominum
919 938 1018 1005 fuisse
1048 937 1161 1004 ducem
1216 940 1370 1005 vintoniae
1410 940 1636 1024 magnitudine
1674 940 1841 1024 singulare
1880 938 1945 1004 Dei
1980 940 2187 1005 beneficium.

190 1025 319 1090 itineris
342 1024 546 1105 Abrahamo,
576 1026 630 1108 qui
660 1025 766 1109 ipsum
795 1047 813 1089 e
841 1026 977 1108 vestigio
1006 1036 1163 1107 sequutus
1213 1024 1287 1091 Hoc
1309 1026 1397 1090 enim
1417 1026 1596 1109 plurimum
1618 1023 1715 1090 habet
1737 1026 1901 1102 momenti,
1925 1023 2011 1108 qnod
2033 1045 2107 1091 eam
2129 1027 2187 1092 ob·

191 1120 249 1177 est.
294 1109 379 1175 Nam
410 1132 509 1194 quum
539 1109 695 1176 excedere
723 1111 833 1175 iussus
861 1124 927 1194 est,
957 1110 1047 1176 nulla
1075 1122 1164 1175 certa
1214 1111 1312 1175 tinuit
1343 1112 1378 1175 iu
1412 1112 1545 1195 regione
1578 1111 1639 1177 sibi
1678 1112 1799 1195 ignota.
1855 1110 1996 1176 Difficile
2029 1110 2120 1176 enim
2152 1120 2188 1177 et

191 1196 281 1280 regio
304 1206 435 1261 ostensa
456 1209 507 1263 cst
529 1196 569 1262 ad
593 1217 691 1278 quam
717 1195 872 1261 tenderet.
916 1196 969 1261 Ita
990 1196 1163 1280 migrando
1214 1197 1430 1279 periculosum
1446 1206 1496 1263 est
1511 1197 1662 1280 persequi
1677 1197 1786 1262 hostes
1802 1198 1836 1261 iu
1849 1197 2036 1280 regionibus
2048 1197 2186 1280 ignotis:

190 1281 328 1348 nescivit
349 1282 402 1347 vel
426 1301 525 1367 quam
548 1282 671 1367 procul,
694 1281 745 1348 vel
767 1283 801 1346 in
825 1301 922 1364 qoam
940 1293 1068 1364 partem
1087 1302 1163 1348 oon·
1213 1289 1247 1346 et
1268 1292 1424 1365 quantum
1449 1282 1555 1348 valeat
1576 1282 1721 1349 locorum
1744 1282 1869 1361 notitia,
1899 1282 1979 1348 satis
2007 1280 2187 1348 ostendunt

190 1367 334 1432 cederet:
365 1369 420 1433 sed
446 1367 536 1433 Deus
562 1389 755 1450 suspensum
778 1367 894 1445 tenuit,
917 1367 1018 1434 donee
1041 1381 1162 1432 terram
1214 1367 1384 1433 historiae:
1425 1369 1522 1450 idque
1554 1368 1588 1432 in
1624 1369 1691 1433 dies
1725 1368 1939 1450 experiuntur
1973 1367 2030 1450 qui
2062 1365 2186 1432 bellum

190 1451 349 1519 Chanaan
371 1465 457 1518 esset
479 1454 653 1537 ingressus.
689 1451 775 1535 Quia
798 1474 874 1536 ergo
897 1465 1034 1518 vocatus
1056 1454 1161 1519 Abra·
1214 1464 1340 1536 gerunt.
1392 1454 1431 1518 Id
1465 1454 1548 1518 nihil
1582 1453 1688 1519 obfuit
1717 1453 1924 1519 Abrahamo:
1958 1451 2044 1519 unde
2078 1454 2186 1538 magis

188 1536 266 1603 ham
296 1539 407 1603 statim
436 1542 559 1620 paruit,
592 1551 625 1604 et
653 1538 803 1621 quamvis
828 1541 971 1604 incertus
999 1550 1084 1604 esset
1112 1541 1161 1604 sui
1214 1540 1417 1622 perspicuum
1451 1549 1515 1616 est,
1547 1540 1654 1621 ipsum
1688 1539 1751 1603 Dei
1783 1560 1881 1604 manu
1915 1539 2051 1606 ductum
2084 1548 2186 1624 atque

188 1623 314 1688 itineris
347 1625 499 1708 pependit
530 1626 570 1691 ab
604 1646 658 1689 ore
692 1625 772 1701 Dei,
816 1624 950 1706 ipsoque
988 1624 1068 1690 duce
1101 1625 1162 1689 fuit
1214 1625 1360 1689 adiutum
1383 1626 1490 1706 fuisse,
1515 1634 1552 1690 ut
1573 1624 1735 1708 intrepide
1757 1646 1833 1689 suos
1856 1624 2123 1691 circumduceret.

188 1720 376 1775 contentus:
398 1711 476 1776 scite
500 1709 540 1775 ad
563 1710 678 1793 pedem
700 1721 855 1793 sequutus
874 1710 1000 1787 dicitur,
1025 1709 1109 1794 quod
1127 1732 1161 1775 se
1298 1711 1327 1775 4.
1366 1709 1460 1795 (Quis
1498 1710 1694 1796 desipuit.)
1755 1711 1900 1776 Tametsi
1939 1710 1992 1775 hic
2032 1709 2187 1775 Abrahae

188 1794 418 1877 pedissequum
439 1795 509 1860 Deo
532 1795 710 1872 tradiderit,
735 1806 771 1859 ut
792 1796 934 1878 prompti
955 1807 987 1859 et
1008 1797 1161 1880 morigeri
1212 1796 1397 1878 exemplum
1422 1797 1581 1861 duntaxat
1596 1798 1765 1879 proposuit
1782 1796 1897 1876 Isaiae,
1919 1807 2027 1860 tamen
2048 1795 2186 1861 dubium

188 1879 301 1944 famuli
320 1880 433 1958 solent,
457 1882 513 1963 qui
529 1881 653 1945 domini
671 1881 806 1964 vestigia
821 1890 1013 1962 sequuntur,
1031 1883 1161 1947 tametsi
1213 1904 1277 1946 non
1308 1893 1366 1964 eet,
1398 1883 1475 1964 quin
1508 1883 1664 1966 populum
1686 1881 1959 1947 commonefacere
1982 1880 2125 1947 voluerit
2146 1881 2187 1946 de

188 1966 305 2031 incerti
328 1967 393 2030 sint
415 1988 478 2048 quo
501 1969 589 2049 ipsos
612 1967 718 2031 duent.
1212 1968 1363 2033 omnibus
1402 1968 1568 2033 beneficiis
1606 1987 1687 2049 quae
1720 1979 1829 2051 patres
1862 1967 1939 2031 olim
1974 1977 2185 2049 acceperant:

274 2050 384 2136 (Dedit
405 2052 440 2117 te
461 2051 673 2137 conspectum.)
718 2051 899 2136 Significat,
929 2055 1079 2135 quamvis
1102 2053 1161 2118 bo·
1212 2052 1346 2134 perinde
1369 2073 1406 2120 ae
1428 2056 1454 2119 si
1478 2054 1613 2118 diceret:
1641 2053 1807 2118 Revocate
1831 2053 1864 2116 in
1887 2055 2077 2117 memoriam
2100 2074 2185 2136 quae

187 2136 310 2202 minem
338 2158 533 2219 suspensum
563 2138 686 2202 multae
708 2137 847 2220 singulis
870 2139 1042 2204 momentis
1064 2159 1161 2204 curae
1212 2138 1255 2202 sit
1283 2147 1392 2204 vestra
1421 2141 1527 2223 origo:
1563 2139 1648 2203 unde
1675 2138 1843 2203 excitarim
1879 2151 2004 2221 patrem
2035 2149 2185 2203 vestrum

188 2244 307 2306 angere
341 2233 372 2286 et
406 2234 556 2306 torquere
589 2231 737 2305 possent,
771 2223 880 2288 Deum
913 2236 1022 2288 tamen
1053 2227 1161 2289 omnia
1212 2223 1452 2290 Abrahamum:
1494 2245 1556 2307 quo
1589 2225 1696 2306 ipsum
1730 2223 1897 2288 duxerim:
1933 2244 2037 2307 neque
2071 2233 2183 2289 tamen

189 2307 424 2390 impedimenta
453 2309 641 2389 sustulisse,
674 2330 755 2392 quae
784 2310 844 2391 ipsi
876 2320 1067 2374 nocumento
1090 2332 1160 2376 esse
1213 2310 1292 2374 haec
1316 2310 1543 2375 beneficiorum
1569 2331 1713 2374 meorum
1735 2308 1882 2375 clausula
1904 2311 1977 2374 fuit:
2012 2330 2184 2392 nunquam

189 2401 349 2476 poterant.
410 2394 484 2459 Non
522 2396 709 2459 referuntur
750 2415 862 2458 omnes
902 2395 1111 2462 difficultates
1142 2418 1161 2460 a
1213 2396 1298 2459 enim
1322 2395 1362 2459 ab
1381 2416 1418 2459 eo
1442 2408 1585 2477 tempore
1605 2395 1685 2459 desii
1704 2417 1759 2459 vos
1778 2396 1866 2459 omni
1884 2415 2004 2478 genere
2022 2395 2184 2460 bonorum

190 2478 293 2558 Mose,
322 2500 404 2561 quae
434 2479 621 2545 Abrahamo
650 2479 817 2545 decedenti
841 2480 958 2545 allatae
980 2493 1073 2544 sunt:
1104 2482 1160 2546 sed
1213 2480 1387 2546 cumulare.
1429 2480 1541 2561 Quum
1564 2503 1642 2564 ergo
1666 2483 1844 2564 interrogat
1867 2481 2017 2562 quisnam
2040 2481 2094 2563 sit,
2117 2502 2184 2545 non

190 2565 411 2648 unusquisque
450 2566 558 2630 animo
598 2566 751 2649 colligere
792 2574 899 2648 potest
931 2567 1159 2648 migrationem
1214 2565 1253 2630 de
1279 2587 1344 2630 uno
1368 2578 1496 2631 tantum
1520 2567 1660 2632 facinore
1682 2565 1838 2648 loquitur:
1869 2567 1925 2630 sed
1949 2567 2097 2650 adiungit
2120 2566 2185 2630 alia

188 2649 280 2714 illam
309 2651 461 2716 maximis
489 2652 644 2716 molestiis
673 2673 782 2717 carere
808 2672 872 2715 non
896 2650 1049 2734 potuisse.
1093 2653 1162 2718 Neo
1214 2651 1377 2729 beneficia,
1400 2673 1482 2734 quas
1505 2653 1603 2716 variis
1628 2654 1824 2735 temporibus
1847 2663 1983 2733 sequuta
2005 2659 2083 2716 sunt
2104 2672 2183 2735 quo·

190 2735 277 2800 enim
309 2737 380 2801 fieri
409 2745 537 2818 poterat
565 2737 643 2818 quin
672 2736 841 2803 discedens
870 2738 1047 2802 concitaret
1070 2739 1104 2802 in
1127 2762 1161 2804 se
1213 2759 1286 2802 rum
1317 2739 1413 2802 etiam
1440 2737 1579 2821 populus
1602 2737 1712 2802 debuit
1735 2738 1908 2802 reminisci.
1954 2735 2050 2816 Quod
2072 2736 2182 2802 Deum

189 2820 299 2886 odium
322 2823 440 2905 gentis,
464 2843 501 2887 ao
523 2823 613 2887 velut
634 2823 768 2888 insanus
791 2823 830 2888 ab
853 2823 1003 2888 omnibus
1026 2823 1159 2890 damna·
1213 2823 1253 2889 ab
1282 2825 1375 2887 initio
1403 2825 1629 2907 generationes
1660 2845 1791 2888 vocasse
1819 2823 1910 2900 dicit,
1944 2822 2185 2888 referri·debet

189 2917 296 2984 retur,
326 2908 410 2989 quod
442 2909 562 2990 patria,
594 2909 803 2990 propinquis,
832 2909 944 2974 amicis
975 2909 1096 2974 relictis
1125 2912 1159 2975 in
1213 2910 1253 2973 ad
1276 2911 1448 2974 continuos
1470 2920 1613 2973 aetatum
1629 2930 1804 2974 successus.
1839 2922 1892 2975 'tlt
1908 2907 2068 2973 Hebraeis
2085 2909 2185 2992 signi-

189 2993 354 3076 regionem
385 2994 544 3058 incertam
574 2994 773 3058 concederet.
817 2994 996 3075 Postquam
1026 2998 1160 3060 veroin
1212 2996 1289 3059 fioat
1311 3016 1375 3057 nou
1400 2995 1494 3057 modo
1516 2994 1692 3069 saeculum,
1720 2993 1996 3065 veldurationem
2020 2995 2184 3058 humanae

189 3089 310 3142 terram
329 3079 486 3143 Obanaan
512 3080 611 3156 venit,
637 3078 803 3163 negotium
826 3079 855 3143 ei
878 3079 937 3143 fuit
956 3100 1031 3144 oum
1050 3082 1160 3162 pravis
1213 3080 1308 3152 vitae,
1331 3080 1387 3142 sed
1409 3079 1554 3144 eiusdem
1578 3081 1733 3160 temporis
1752 3080 1908 3143 homines.
1942 3078 1995 3143 Ita
2013 3081 2182 3177 generatio

188 3161 375 3229 hominibus
398 3177 430 3229 et
452 3164 650 3247 inhumanis,
674 3186 748 3230 cum
770 3163 885 3246 quibus
904 3165 984 3229 bene
1003 3165 1065 3247 ipsi
1083 3185 1159 3229 eon·
1213 3185 1280 3228 una
1302 3165 1341 3228 ab
1365 3163 1467 3228 altero
1489 3165 1709 3249 distinguitur,
1744 3177 1779 3229 ιιι
1800 3176 1908 3247 patres
1930 3188 1949 3228 a
1970 3164 2056 3242 filiis,
2086 3175 2121 3228 et
2143 3163 2183 3230 ab

190 3250 303 3313 venire
326 3271 392 3314 non
411 3259 546 3332 poterat,
569 3272 668 3333 quum
687 3251 727 3315 ab
746 3271 857 3315 eorum
877 3251 1160 3332 superstitionibus
1214 3252 1284 3314 avis
1312 3262 1453 3331 nepotes.
1503 3250 1587 3314 Nam
1623 3251 1743 3332 posteri
1776 3272 1835 3314 nos
1865 3250 2049 3333 proximam
2082 3271 2182 3333 gene·

190 3335 314 3399 alienus
344 3346 437 3401 esset.
483 3336 527 3399 Et
556 3357 639 3418 quae
661 3336 761 3399 refert
783 3335 893 3400 Moses
915 3337 995 3400 satis
1016 3335 1161 3401 indicant
1213 3336 1374 3400 rationem
1416 3336 1594 3400 vocabunt:
1637 3337 1774 3402 maiores
1807 3356 1885 3400 vero
1919 3347 2048 3400 nostroe
2078 3336 2184 3420 magis

189 3441 355 3502 nunquam
384 3423 529 3505 quietum
553 3423 652 3486 fuisse
674 3421 916 3486 Abrahamum:
945 3420 1028 3485 nihil
1051 3431 1161 3486 tamen
1212 3429 1371 3486 remotam
1401 3440 1438 3484 ao
1468 3432 1638 3485 vetustam.
1690 3421 1793 3486 Porro
1823 3422 1896 3504 quia
1927 3420 2183 3505 unumquodque

189 3507 305 3589 impios
332 3506 491 3571 adversus
520 3527 594 3571 eum
623 3517 750 3571 tentare
777 3526 873 3571 ausos
902 3527 990 3571 esse:
1018 3507 1098 3571 adeo
1126 3516 1162 3573 ut
1213 3506 1379 3572 saeculum
1414 3507 1599 3572 absumeret
1632 3507 1813 3571 humanum
1846 3527 1951 3590 genus
1981 3506 2044 3571 nisi
2073 3507 2183 3572 sobole

189 3615 290 3676 quum
316 3594 356 3656 ab
378 3593 539 3659 Hethaeis
562 3592 746 3675 sepulcrum
770 3591 941 3656 emendum
965 3603 1059 3671 esset,
1083 3592 1160 3657 libe·
1213 3602 1441 3674 renovaretur,
1471 3592 1564 3658 docet
1593 3591 1752 3675 propheta
1781 3593 1936 3658 continno
1966 3602 2077 3657 tenore
2108 3613 2183 3675 pro·

190 3678 301 3743 raliter
324 3689 357 3742 et
379 3681 482 3761 gratis
504 3677 689 3756 obtulerint,
713 3693 810 3761 atque
833 3679 939 3760 ipsum
959 3678 1065 3742 virum
1086 3677 1161 3758 Dei,
1214 3678 1324 3761 pagari
1348 3677 1496 3742 homines
1515 3700 1534 3743 a
1550 3679 1628 3755 Deo,
1652 3690 1689 3742 ut
1707 3678 1763 3742 alii
1781 3679 1852 3742 aliis
1867 3676 2053 3743 succedant.
2087 3678 2184 3744 Unde

190 3785 228 3829 ao
256 3764 435 3847 principem
466 3785 536 3829 esse
558 3764 696 3829 confessi
719 3765 800 3828 sint:
835 3763 978 3828 illustrat
1000 3763 1064 3828 Dei
1086 3786 1160 3847 gra·
1213 3764 1359 3845 sequitur
1398 3765 1547 3828 omnibus
1587 3762 1725 3828 saeculis
1758 3784 1919 3846 praeesse,
1959 3782 1999 3826 ne
2031 3770 2184 3847 putemus

190 3851 285 3926 tiam,
320 3849 405 3934 qnod
440 3871 481 3913 ne
509 3850 640 3932 regibus
669 3849 799 3931 quidem
830 3848 1027 3933 pepercerit,
1063 3861 1099 3913 ut
1126 3872 1161 3915 se
1213 3849 1345 3914 fortuito
1376 3849 1552 3930 gubernari
1582 3848 1669 3913 hunc
1697 3849 1865 3923 mundum,
1897 3849 1952 3913 ubi
1974 3849 2006 3913 in
2037 3858 2183 3915 aetatum

190 3935 318 4001 fidelem
351 3935 440 4000 servi
472 3935 522 4000 sui
558 3934 610 3999 vel
642 3935 771 4000 clientis
800 3934 952 3998 Abrahae
986 3943 1161 4016 patronum
1212 3937 1295 4000 serie
1324 3932 1409 3999 clare
1439 3934 1632 4015 perspicitur
1654 3933 1716 3997 Dei
1746 3934 1961 4016 providentia.
2006 3932 2078 3998 Iam
2102 3956 2183 4000 vero

189 4021 383 4087 ostenderet.
438 4021 524 4085 Nota
553 4032 602 4084 est
631 4019 765 4084 historia
794 4019 834 4084 de
863 4035 1001 4102 quatuor
1029 4019 1161 4102 regibus
1213 4022 1290 4104 quia
1319 4029 1451 4102 propter
1474 4019 1619 4083 diversas
1641 4021 1838 4084 mutationes
1861 4038 1955 4084 caeco
1978 4021 2103 4101 impetu
2128 4042 2183 4086 vo·

190 4107 230 4172 ab
260 4127 297 4171 eo
326 4106 424 4171 victis
453 4119 485 4171 et
513 4105 703 4189 profligatis.
753 4104 870 4169 Posset
900 4105 997 4170 etiam
1028 4105 1160 4169 extendi
1212 4105 1311 4171 lutari
1333 4103 1473 4168 mundus
1493 4103 1630 4181 videtur,
1655 4103 1706 4167 his
1727 4106 1831 4179 verbis
1848 4105 2002 4169 admonet
2020 4105 2183 4188 propheta

190 4193 231 4257 ad
254 4193 458 4258 Pharaonem
489 4199 522 4257 et
541 4190 746 4256 abimelech:
776 4211 914 4272 quorum
939 4190 1059 4255 mentio
1081 4211 1160 4273 quo·
1213 4190 1406 4272 multiplices
1438 4189 1516 4254 istos
1548 4199 1684 4254 eventus
1717 4211 1736 4254 a
1768 4190 1881 4255 mundi
1916 4189 2049 4271 exordio
2083 4192 2184 4258 fuisse

189 4298 253 4361 quo
274 4279 313 4342 fit
336 4278 531 4342 nominatim
554 4277 627 4343 Psa.
653 4277 715 4342 105
739 4275 784 4361 (v.
808 4275 871 4360 14),
902 4276 957 4341 ubi
981 4276 1041 4341 hoo
1063 4298 1159 4359 argu·
1213 4277 1368 4359 cognitos.
1403 4272 1541 4340 Summa
1563 4282 1621 4354 est,
1644 4278 1677 4338 in
1701 4277 1856 4340 varietate
1879 4277 1942 4341 ista
1964 4296 2062 4357 quam
2085 4276 2184 4342 affert

190 4373 336 4428 mentum
368 4371 541 4429 tractatur:
572 4384 647 4427 nam
677 4363 710 4427 in
734 4383 789 4427 eos
811 4360 1077 4426 animadversum
1100 4373 1160 4440 est,
1213 4371 1350 4445 tempus,
1372 4360 1481 4425 Deum
1500 4381 1645 4443 regnare,
1668 4367 1701 4425 et
1720 4362 1878 4443 aequabili
1896 4370 2008 4427 tenore
2025 4364 2183 4445 perficere

189 4448 275 4533 quod
309 4451 379 4514 ausi
412 4450 478 4514 sint
511 4450 671 4532 attingere
700 4447 869 4514 Christum
899 4447 1043 4511 Domini.
1093 4447 1160 4512 Sed
1213 4449 1295 4528 quod
1320 4447 1360 4510 ab
1382 4446 1474 4510 initio
1497 4445 1649 4513 decrevit.

188 4536 318 4620 proprie
348 4534 499 4617 designat
528 4555 597 4599 eam
631 4534 800 4600 victoriam
831 4552 928 4615 quam
958 4531 997 4596 de
1021 4542 1161 4614 quatuor
1300 4531 1381 4617 (Epo
1419 4530 1557 4617 lebeta)
1611 4531 1756 4597 Tandem
1797 4532 1911 4598 horum
1953 4534 2183 4600 beneficiorum

190 4620 321 4705 regibus
360 4634 578 4702 consequutus
616 4630 680 4701 est,
722 4618 778 4702 qui
811 4617 900 4684 Loth
935 4626 1085 4699 nepotem
1119 4640 1160 4683 ex
1212 4626 1359 4683 autorem
1393 4639 1427 4680 se
1460 4637 1529 4682 esse
1558 4617 1678 4682 clarius
1706 4618 1863 4682 affirmat:
1898 4619 1981 4701 quod
2012 4619 2182 4685 Abraham

190 4708 292 4772 fratre
322 4728 396 4773 oum
424 4720 493 4770 tote
520 4706 588 4769 eius
611 4704 795 4770 substantia
817 4703 1028 4769 abducebant.
1074 4702 1161 4783 Quia
1212 4705 1292 4767 vicit
1319 4703 1439 4782 hostes,
1469 4701 1555 4784 quod
1584 4703 1653 4767 sine
1679 4723 1765 4768 noxa
1787 4706 1871 4769 inter
1894 4704 2009 4787 impios
2032 4715 2183 4771 versatus

190 4814 231 4857 ex
264 4802 417 4860 contextu
453 4792 532 4856 satis
565 4801 699 4872 apparet
732 4790 924 4872 prophetam
958 4787 996 4852 de
1030 4790 1161 4871 regibus
1213 4801 1271 4868 est,
1294 4788 1378 4870 quod
1403 4785 1485 4851 fudit
1506 4809 1609 4872 reges,
1632 4789 1715 4870 quod
1740 4811 1813 4853 erim
1833 4790 1920 4854 ultus
1938 4804 1988 4855 est
2006 4789 2182 4867 Dominus,

190 4879 241 4943 vel
269 4878 398 4962 populis
420 4877 651 4942 mansuefactis
674 4897 737 4940 non
761 4875 857 4957 loqui,
887 4872 943 4938 sed
966 4872 1004 4937 de
1027 4875 1161 4939 armatis
1213 4895 1312 4957 quum
1335 4872 1534 4950 Abimelech,
1557 4882 1653 4956 atque
1679 4875 1774 4938 etiam
1798 4875 1927 4939 Pharao
1951 4897 2087 4940 uxorem
2111 4876 2182 4941 eins

188 4961 337 5029 hostibus
361 4963 416 5048 qui
438 4964 600 5028 violenter
623 4962 682 5027 sub
706 4963 818 5045 iugum
842 4959 1044 5024 missisunt.
1083 4962 1162 5023 Am·
1213 4959 1390 5040 rapuisset:
1431 4972 1598 5041 praeterea
1631 4958 1714 5042 quod
1747 4959 1885 5041 singulis
1917 4961 2184 5044 generationibus

188 5050 313 5150 plifioat
340 5060 503 5132 postremo
533 5047 720 5113 facilitatem
751 5048 843 5111 istius
865 5044 1032 5121 victoriae,
1066 5053 1161 5126 atque
1213 5045 1277 5108 alia
1316 5064 1441 5125 quoque
1479 5044 1568 5109 varia
1608 5043 1765 5108 beneficia
1797 5044 1874 5109 date
1906 5047 1986 5128 sint,
2026 5047 2088 5114 hoc
2122 5045 2184 5112 sibi
2222 5124 2226 5131 ν

189 5157 224 5200 ιιι
256 5157 293 5201 eo
324 5138 503 5200 maximum
532 5144 755 5216 contemptum
777 5132 937 5214 exprimit,
968 5130 1044 5194 dum
1069 5151 1161 5213 reges
1213 5142 1380 5211 acceptum
1399 5129 1566 5193 ferendum
1583 5127 1683 5195 docet.
1715 5129 1782 5194 Neo
1798 5131 1885 5194 enim
1900 5133 2012 5213 generi
2028 5132 2184 5210 Abrahae

189 5222 270 5287 istos
300 5220 427 5305 pulveri
451 5232 483 5286 et
505 5221 646 5303 stipulae
668 5228 844 5300 comparat.
890 5217 956 5281 Eos
979 5217 1066 5281 enim
1090 5219 1161 5280 sine
1213 5214 1327 5293 solum,
1349 5213 1405 5280 sed
1428 5216 1581 5279 universo
1605 5215 1724 5279 mundo
1743 5216 1847 5279 virtus
1865 5216 1967 5298 ipsius
1985 5218 2183 5284 innotuerat.
