4784 5970
189 349 252 416 363
1065 344 1114 409 ΙΝ
1136 345 1302 413 ISAIAM
1663 404 1666 413 .
2114 339 2177 407 364

191 539 269 604 bilia
290 539 374 603 enim
400 557 531 621 prorsus
554 537 617 600 ista
639 545 749 600 erant:
780 549 813 599 et
835 557 892 600 nos
914 535 986 618 ipsi,
1008 534 1158 616 quamvis
1210 534 1328 600 talibus
1358 534 1516 601 vehiculis
1549 556 1661 601 servos
1693 555 1769 600 suos
1798 533 1899 599 veluti
1928 528 2110 616 apedibus
2136 530 2176 596 ad

190 626 230 690 ab
264 635 383 688 eventu
426 643 534 686 rerum
575 621 652 685 satis
690 619 866 685 habeamus
905 620 1158 685 confirmationis
1209 627 1309 704 caput
1330 619 1460 684 attollit.
1704 632 1709 641 “

192 708 281 794 (nam
314 709 459 772 omnium
494 707 595 772 oculis
627 706 787 788 patefacta
816 703 906 790 sunt)
940 716 1062 784 tamen,
1096 705 1157 769 nisi
1297 706 1345 771 14.
1376 704 1434 790 (Et
1455 707 1573 771 venunt
1593 708 1635 772 ud
1656 704 1706 791 te.)
1738 702 1953 786 Prosequitur
1974 700 2061 767 idem
2081 721 2175 785 argn-

190 796 306 878 spiritu
329 793 465 857 Domini
491 813 689 875 regeremur,
712 792 767 856 vix
790 813 828 855 ea
858 793 965 854 animo
987 791 1157 873 concipere
1211 801 1367 856 mentum.
1418 790 1573 857 Ostendit
1604 792 1691 856 euim
1723 811 1821 873 quam
1854 788 2064 871 magnificum
2097 807 2175 870 opus

188 901 365 962 possemus.
410 877 563 943 Ostendit
585 878 686 959 igitur
713 876 835 941 nullam
858 897 927 941 esee
949 896 1076 940 oausam
1101 896 1159 939 eur
1210 876 1270 940 hou
1293 877 1521 960 redemptionis
1552 878 1697 941 futurum
1719 877 1777 941 sit:
1803 886 1956 939 venturos
1977 872 2104 939 scilieet
2124 893 2176 937 eos

189 965 302 1031 Iudaei
336 965 376 1028 de
408 963 642 1028 instauratione
672 960 784 1044 templi
814 961 972 1042 dubitent,
1005 962 1157 1042 quoniam
1209 963 1264 1042 qui
1297 962 1464 1027 eeclesiam
1498 963 1775 1045 persequebantur
1807 969 1864 1024 aut
1894 959 2112 1041 spernebant:
2139 972 2176 1020 ut

190 1062 305 1135 gentes
332 1050 419 1132 ipsos
449 1068 507 1132 pro
537 1071 596 1112 sua
627 1048 713 1112 virili
745 1046 954 1111 adiuvabant.
1005 1045 1070 1111 Sed
1105 1045 1158 1109 hio
1211 1047 1376 1110 humiliter
1397 1068 1467 1112 sese
1493 1047 1532 1111 ad
1562 1069 1633 1112 eam
1663 1055 1879 1129 prosternant,
1907 1054 2040 1126 totoque
2070 1043 2175 1108 animo

188 1137 285 1201 altius
308 1134 460 1217 quiddam
480 1144 604 1215 spectat
621 1133 735 1212 Isaiae,
748 1152 844 1215 quam
862 1141 1059 1196 structuram
1079 1132 1157 1196 visi·
1210 1152 1280 1197 sese
1299 1134 1502 1198 submittant.
1537 1134 1601 1197 Per
1618 1133 1704 1215 filios
1720 1131 1943 1215 affligentium,
1965 1140 2176 1213 persequuto-

190 1221 264 1288 bilis
287 1220 409 1302 templi.
454 1219 613 1301 intelligit
636 1220 722 1282 enim
745 1217 934 1299 obsequium
958 1215 1042 1299 quod
1065 1237 1158 1299 reges
1211 1239 1262 1282 res
1283 1216 1436 1301 intelligit
1458 1230 1491 1282 et
1513 1218 1622 1284 hostes
1644 1219 1700 1301 qui
1717 1238 1789 1283 eam
1808 1215 1981 1281 vexabant.
2015 1214 2091 1280 Hoc
2111 1214 2177 1297 qui·

188 1307 375 1388 nobilesque
409 1315 441 1368 et
473 1304 591 1386 plebeii
621 1304 770 1368 homines
799 1312 966 1386 praestant
995 1302 1158 1384 ecclesiae,
1211 1302 1282 1367 dem
1307 1302 1479 1385 impletum
1502 1314 1554 1368 est
1575 1303 1683 1386 aliqua
1701 1324 1743 1367 ex
1764 1311 1866 1385 parte,
1890 1321 1991 1384 quum
2007 1299 2123 1365 ludaei
2142 1300 2176 1362 in

189 1392 266 1457 dum
297 1412 410 1474 puram
441 1389 621 1455 doctrinam
648 1399 806 1472 qnantum
837 1389 870 1451 iu
901 1409 935 1452 se
964 1396 1014 1452 est
1044 1407 1159 1470 propa·
1212 1389 1349 1470 patriam
1375 1390 1555 1454 redierunt:
1584 1388 1641 1454 sed
1663 1390 1692 1453 is
1715 1388 1838 1454 reditus
1860 1385 1997 1451 obscura
2018 1385 2175 1467 quaedam

188 1487 287 1560 gant:
308 1481 370 1541 imo
387 1476 516 1558 longius
530 1474 747 1558 progreditur,
764 1473 862 1556 idque
873 1474 977 1557 magis
987 1474 1161 1538 confirmat
1212 1475 1327 1538 umbra
1349 1475 1411 1538 fuit
1432 1474 1633 1541 liberationis
1661 1495 1759 1556 quam
1788 1493 1846 1555 per
1867 1470 2037 1536 (lhristum
2068 1469 2177 1552 adepti

188 1562 267 1627 dum
291 1583 394 1644 regna
423 1572 456 1625 et
482 1572 595 1644 gentes
618 1559 761 1624 deletum
784 1559 825 1622 iri
854 1559 1056 1641 pronuntiat,
1078 1577 1159 1641 quae
1211 1579 1329 1623 sumus.
1381 1559 1473 1625 Haec
1501 1561 1603 1643 igitur
1625 1582 1703 1624 vere
1730 1557 1865 1641 impleta
1896 1567 1975 1621 sunt
2007 1557 2043 1619 in
2078 1576 2176 1638 regno

188 1649 249 1730 ipsi
273 1647 426 1712 eeclesiae
449 1667 515 1710 non
539 1646 778 1710 ministrabunt.
823 1643 919 1725 Quod
944 1644 972 1708 si
994 1653 1061 1708 tam
1084 1644 1160 1708 hor·
1212 1643 1348 1709 Christi:
1373 1646 1418 1710 sic
1441 1657 1560 1723 tamem
1582 1655 1620 1710 ut
1640 1643 1780 1711 solidum
1798 1643 1942 1708 omnium
1961 1641 2177 1723 eomplemen·

188 1733 326 1798 rendum
349 1733 382 1796 in
406 1732 538 1813 eosqui
561 1731 730 1796 ecelesiam
753 1752 815 1795 nou
839 1730 983 1795 iuverint
1004 1729 1159 1794 iudicium
1212 1739 1282 1793 tum
1304 1730 1338 1793 iu
1362 1731 1502 1796 seeundo
1530 1731 1632 1813 ipsius
1661 1729 1805 1795 adventu
1834 1725 2092 1811 exspectandum
2119 1725 2177 1790 sit:

189 1829 248 1896 est,
270 1816 347 1901 quid
369 1815 512 1882 dicemus
530 1816 570 1881 de
592 1818 744 1900 tyrannis
762 1817 816 1898 qui
839 1816 957 1880 furioso
979 1815 1102 1897 impetu
1125 1815 1158 1878 in
1211 1815 1306 1879 sicuti
1334 1817 1399 1880 iam
1428 1816 1491 1881 alio
1521 1817 1589 1881 loeo
1620 1817 1743 1879 dictum
1775 1818 1841 1880 est:
1875 1811 2020 1893 Quaeret
2053 1811 2178 1894 aliquis,

189 1904 293 1985 ipsam
318 1913 427 1978 ruunt,
451 1903 591 1983 totisque
610 1902 734 1967 viribus
756 1902 884 1967 diruere
905 1898 1087 1967 conantur?
1123 1899 1159 1965 si
1212 1921 1321 1964 annon
1344 1901 1397 1965 hie
1420 1900 1529 1978 honos,
1559 1902 1599 1966 de
1621 1922 1684 1984 quo
1703 1900 1846 1982 loquitur
1867 1897 2036 1981 propheta,
2057 1896 2179 1962 nimius

191 1990 317 2072 ignavis
334 1998 367 2052 et
385 1987 626 2071 negligentibus
645 1988 777 2069 impune
796 2009 860 2052 non
878 1995 937 2066 est,
958 2005 1067 2049 annon
1089 1985 1160 2049 dira
1211 1980 1263 2066 sit',
1285 2005 1322 2049 ae
1344 1986 1448 2050 maior
1470 2008 1565 2069 quam
1590 1997 1626 2050 ut
1648 1986 1801 2052 ecelesiae
1823 1981 1998 2048 debeatur?
2028 2002 2115 2047 nam,
2129 1983 2178 2046 in·

190 2075 270 2139 ultio
293 2083 403 2138 manet
426 2073 550 2155 impios,
573 2073 628 2155 qui
651 2094 730 2154 opus
751 2072 883 2137 Domini
906 2071 1041 2136 turbant
1063 2082 1159 2153 atque
1211 2092 1347 2136 curvare
1381 2093 1451 2136 sese
1484 2082 1516 2136 et
1548 2081 1768 2155 prosternere,
1802 2069 1898 2153 signa
1927 2067 2062 2134 honoris
2094 2078 2179 2143 sunt,

191 2159 365 2225 evertunt?
410 2156 505 2239 Quod
535 2171 644 2222 autem
673 2159 707 2221 in
738 2157 895 2241 singulari
926 2156 1054 2220 dixerat
1082 2177 1159 2219 mox
1211 2177 1307 2239 quem
1330 2178 1424 2222 nemo
1448 2158 1617 2221 hominum
1640 2157 1810 2221 admittere
1832 2154 1936 2219 debet.
1974 2152 2180 2236 Respondeo,

190 2248 310 2328 repetit
331 2244 366 2308 in
390 2243 523 2326 plurali:
555 2254 592 2306 ut
614 2243 786 2327 significet,
810 2243 907 2306 etiam
931 2251 1034 2306 totum
1064 2262 1159 2304 mun·
1212 2243 1300 2306 huno
1327 2242 1480 2306 honorem
1511 2265 1577 2307 non
1607 2242 1771 2319 membris,
1800 2240 1857 2305 sed
1884 2239 1983 2323 capiti
2012 2237 2180 2304 exhiberi:

191 2329 278 2405 dum,
308 2331 335 2393 si
363 2330 396 2392 in
425 2330 536 2392 eadem
571 2327 668 2392 luerit
700 2328 804 2410 culpa,
837 2327 934 2390 simul
967 2326 1159 2409 periturum.
1213 2348 1329 2409 nempe
1345 2327 1486 2407 Christo,
1504 2330 1559 2409 qni
1577 2328 1732 2392 adoratur
1753 2328 1787 2391 in
1803 2325 1952 2390 eeclesia:
1976 2334 2076 2407 atque
2093 2324 2181 2390 hunc

190 2414 260 2480 Nec
279 2415 365 2478 euim
385 2411 559 2476 multitudo
577 2414 704 2477 obstare
722 2412 841 2495 poterit
860 2411 1035 2494 quominus
1052 2411 1159 2477 cuncti
1212 2412 1336 2476 cultum
1358 2411 1515 2477 exhibent
1544 2415 1565 2476 ii
1592 2414 1645 2495 qui
1674 2414 1782 2495 ipsum
1811 2410 1902 2494 prius
1924 2409 2063 2475 oderant
2084 2422 2181 2492 atque

192 2500 249 2581 qui
282 2507 359 2562 sunt
389 2519 408 2562 a
435 2497 506 2561 Deo
536 2497 634 2561 alieni
664 2498 835 2563 intereant.
885 2497 953 2562 Nee
983 2496 1159 2579 quidquam
1212 2497 1463 2563 insectabantur.
1505 2499 1652 2564 Dicimus
1674 2508 1782 2563 autem
1801 2495 1971 2561 (lhristum
1993 2494 2124 2560 adorari
2146 2495 2181 2559 in

192 2584 410 2649 excusationis
433 2584 496 2647 erit
516 2583 636 2664 impiis,
663 2582 747 2665 quod
770 2605 806 2648 se
828 2593 940 2647 mutuo
969 2581 1166 2663 impediunt,
1212 2582 1355 2661 ecclesia,
1378 2604 1446 2648 non
1468 2593 1504 2648 ut
1525 2585 1677 2665 papistae,
1699 2584 1755 2666 qui
1778 2582 2013 2662 honoremque
2034 2581 2183 2647 afficiunt

192 2689 291 2751 seque
330 2667 369 2732 ad
409 2669 609 2749 impietatem
646 2679 679 2732 et
718 2667 895 2750 nequitiam
938 2668 1159 2733 cohortantur.
1212 2668 1333 2733 idolum
1366 2667 1446 2732 illud
1483 2688 1671 2747 romanum,
1704 2667 1838 2734 Christo
1870 2664 2019 2732 exhiberi
2052 2675 2180 2749 putant

193 2754 326 2819 Servire
349 2761 467 2832 autem,
497 2764 534 2817 ut
556 2764 632 2816 ante
654 2753 804 2830 vidimus,
832 2751 985 2818 dicuntur
1012 2773 1048 2818 re
1071 2774 1105 2817 es
1128 2762 1159 2816 et
1213 2753 1377 2819 Reiieiunt
1399 2755 1486 2819 enim
1509 2776 1546 2819 ac
1568 2765 1726 2836 respuunt
1748 2753 1939 2828 doctrinam,
1960 2752 2056 2817 ouius
2077 2752 2182 2836 gratia

193 2839 305 2922 populi
327 2838 490 2914 eeclesiae,
519 2859 581 2901 non
612 2839 695 2920 quod
727 2839 899 2922 imperium
929 2774 1070 2920 aliquoti
1089 2838 1161 2920 ipsa
1213 2838 1293 2905 haec
1314 2839 1477 2905 dicuntur.
1519 2840 1604 2904 Nam
1628 2839 1750 2905 honore
1769 2839 1916 2904 afficiunt
1933 2836 2106 2902 Ohristum
2127 2837 2181 2919 qui

194 2946 252 3008 per
274 2946 308 2989 se
331 2934 488 3001 exerceat,
517 2923 572 2987 sed
595 2926 670 3006 quia
692 2923 784 2988 Dens
810 2933 973 3006 sceptrum
997 2922 1087 2987 verbi
1110 2925 1160 2987 sui
1214 2933 1329 3006 parent
1349 2925 1420 2990 eins
1442 2923 1623 2989 doctrinae:
1646 2934 1741 3007 atque
1763 2923 1824 2989 hoo
1841 2922 1995 3006 intelligit
2011 2922 2181 3006 propheta,

193 3031 256 3092 quo
279 3008 461 3073 dominatur
484 3008 567 3090 apud
591 3031 662 3073 eam
684 3008 841 3088 deposuit.
1214 3011 1269 3092 qui
1291 3009 1332 3075 ab
1353 3032 1392 3075 ea
1414 3012 1504 3092 prius
1526 3010 1623 3074 alieni
1648 3020 1742 3075 erant
1771 3030 1841 3074 sese
1870 3017 1938 3073 toto
1967 3009 2079 3073 animo
2107 3006 2182 3073 sub·

281 3093 330 3158 13.
363 3091 491 3177 (Gloria
524 3093 664 3178 labant.)
716 3094 841 3158 Iterum
883 3102 1020 3175 usurpat
1059 3093 1162 3158 Isaias
1215 3097 1377 3169 missuros,
1407 3105 1443 3159 ut
1464 3095 1597 3161 Christe
1625 3116 1747 3160 morem
1776 3103 1902 3178 gerant
1947 3092 1984 3160 Si
2006 3114 2074 3176 qua
2094 3095 2181 3158 enim

193 3180 417 3260 metaphoram
441 3199 505 3260 qua
527 3180 618 3259 prius
641 3199 719 3244 usus
736 3188 796 3256 eet,
818 3178 896 3241 dum
915 3177 1082 3243 eeclesiam
1098 3178 1161 3241 Dei
1214 3190 1264 3245 est
1285 3178 1408 3245 Christi
1430 3182 1591 3257 maiestas,
1620 3202 1659 3245 ea
1681 3182 1804 3246 relucet
1831 3181 1867 3244 in
1895 3179 2055 3254 doctriua,
2083 3198 2181 3262 quam

194 3264 340 3330 aedilicio
370 3275 426 3327 aut
448 3264 572 3327 civitati
601 3266 808 3345 comparavit.
853 3264 903 3327 Ea
931 3265 1018 3327 enim
1048 3263 1163 3328 recitat
1214 3285 1312 3348 opera
1335 3265 1503 3330 hominum
1526 3267 1741 3331 administrat.

193 3371 276 3433 quae
303 3347 344 3413 ad
367 3347 600 3414 aedificandum
622 3350 804 3414 necessaria
825 3357 915 3413 sunt:
942 3349 1079 3412 abietem
1102 3348 1162 3413 soi·
1298 3350 1474 3435 (Vosmet
1500 3356 1528 3416 te
1551 3350 1727 3437 aeduum.)
1771 3351 1917 3416 Ecclesia
1946 3349 2039 3433 prius
2066 3359 2182 3414 ornatu

195 3436 281 3517 lieet,
304 3436 429 3517 pinum,
452 3435 584 3512 buxum,
614 3456 697 3517 qnae
726 3436 757 3498 in
781 3434 907 3500 Libano
937 3434 1162 3509 nascebantur,
1214 3437 1320 3501 fuerat
1336 3433 1398 3500 hoo
1416 3436 1528 3500 titulo:
1552 3439 1608 3501 sed
1627 3458 1726 3520 prope
1744 3436 1870 3502 deletus
1887 3447 1967 3514 erat,
1985 3455 2088 3517 quum
2106 3434 2182 3500 urbs

194 3543 291 3605 quam
318 3520 446 3605 sylvam
469 3522 597 3585 eximiis
623 3520 790 3585 arboribus
819 3520 1034 3585 convestitam
1064 3518 1163 3583 tuisse
1215 3541 1338 3597 eversa,
1367 3520 1510 3586 dirutum
1534 3524 1700 3606 templum,
1728 3523 1867 3605 populus
1889 3523 1921 3587 iu
1945 3520 2100 3587 exsilium
2130 3520 2182 3586 ab·

195 3611 324 3673 scimus.
376 3604 541 3687 Quidquid
575 3627 651 3689 ergo
684 3605 848 3671 excellens
879 3613 937 3669 aut
966 3605 1162 3686 exquisitum
1215 3605 1330 3672 duetus
1363 3620 1458 3673 esset.
1510 3608 1609 3673 Nulla
1640 3617 1712 3673 erat
1741 3606 1950 3691 lerosolyma,
1983 3627 2045 3671 neo
2077 3608 2112 3670 in
2145 3625 2183 3671 ea

197 3695 231 3755 in
260 3713 298 3755 ea
327 3691 433 3771 fuerit,
467 3691 500 3754 in
529 3692 695 3756 ecclesiam
725 3692 892 3756 invectum
921 3691 961 3753 iri
990 3690 1161 3774 signifieat.
1214 3693 1389 3774 quidquam
1412 3694 1588 3776 apparebat
1608 3703 1736 3775 praeter
1766 3692 1961 3758 horrendam
1983 3692 2181 3757 mersum

198 3775 263 3839 Sed
281 3775 320 3839 ab
336 3776 388 3839 his
402 3776 516 3859 figuris
532 3777 671 3840 tenenda
686 3787 735 3841 eet
750 3796 894 3860 anagoge
910 3773 951 3841 ad
962 3776 1163 3858 spiritualem
1215 3779 1296 3842 Eam
1331 3779 1432 3861 igitur
1463 3780 1510 3844 sie
1543 3779 1788 3844 instaurandam
1825 3800 1897 3844 esse
1929 3778 2110 3861 significat,
2148 3786 2184 3840 ιιι

196 3860 260 3924 Dei
283 3861 413 3925 cultum.
459 3860 544 3924 Nam
566 3863 742 3925 sanctuarii
765 3861 861 3925 titulo
883 3870 978 3925 ornat
1001 3861 1163 3925 Dominus
1214 3885 1326 3928 omnes
1363 3865 1527 3928 civitatem
1565 3863 1628 3928 Dei
1664 3884 1735 3928 esse
1770 3873 1957 3947 agnoscant.
2017 3862 2183 3945 Loquitur

197 3947 363 4011 eeclesiam
387 3965 488 4023 suam,
511 3948 586 4027 quia
608 3947 640 4008 in
660 3946 766 4009 medio
781 3948 850 4011 eius
865 3946 993 4012 residet
1027 3943 1165 4028 Semper
1215 3957 1328 4030 postea
1349 3948 1389 4012 de
1413 3949 1540 4029 templo,
1569 3961 1603 4012 ut
1625 3970 1737 4015 omnes
1758 3945 1945 4033 intelligant
1967 3949 2055 4013 hano
2077 3948 2182 4032 digni·

196 4043 305 4094 tamen
329 4028 444 4093 alludit
466 4029 507 4092 ad
534 4031 705 4111 templum:
736 4040 772 4094 ut
801 4051 836 4095 se
865 4030 1004 4112 tempori
1026 4039 1059 4094 et
1080 4029 1163 4094 mori
1216 4045 1332 4107 tatem,
1367 4042 1513 4114 respectu
1547 4035 1675 4116 templi,
1709 4034 1809 4099 tribui
1842 4034 2081 4118 lerosolymae:
2124 4034 2182 4099 hoo

196 4115 315 4180 usitato
345 4114 571 4179 accommodet.
618 4115 796 4196 Exemplar
819 4136 895 4198 ergo
924 4114 1046 4198 templi,
1078 4115 1162 4197 quod
1215 4127 1273 4196 est,
1305 4132 1435 4200 proptor
1465 4119 1588 4183 cultum
1619 4119 1681 4184 Dei
1712 4141 1807 4203 quem
1841 4120 1909 4185 illio
1936 4120 2101 4185 Dominus
2133 4119 2182 4185 in-

197 4198 407 4282 Ierosolymis
437 4199 595 4275 exstabat,
625 4200 717 4263 nobis
746 4202 907 4282 proponit,
942 4208 978 4264 ut
1005 4200 1066 4265 sub
1095 4202 1163 4264 eius
1215 4203 1328 4267 stituit.

196 4286 339 4369 imagine
358 4284 596 4348 consideremus
615 4283 772 4366 templum
791 4285 966 4366 spirituale,
987 4287 1078 4350 cuius
1098 4286 1163 4349 vivi
1301 4287 1352 4352 15.
1381 4285 1459 4371 (Pro
1489 4309 1520 4352 eo
1546 4288 1649 4375 quod.)
1700 4290 1864 4372 Propheta
1892 4290 2026 4372 respicit
2053 4299 2183 4374 tempus

196 4372 320 4454 lapides
343 4370 479 4450 vivaque
502 4371 637 4433 materia
660 4391 782 4434 sumus.
823 4370 892 4434 Iam
916 4390 973 4451 per
995 4370 1092 4434 locum
1108 4392 1163 4452 pe·
1215 4371 1294 4435 illud
1317 4372 1545 4436 intermedium
1567 4375 1651 4457 quod
1679 4375 1744 4439 iam
1775 4375 1926 4440 instabat.
1972 4374 2059 4440 Nam
2087 4375 2182 4458 paulo

196 4459 271 4524 dum
293 4455 457 4540 signifieat
477 4476 511 4518 se
534 4457 580 4519 ita
603 4455 744 4519 residere
771 4456 806 4519 in
834 4455 965 4535 templo,
993 4464 1030 4517 ut
1053 4465 1163 4518 tamen
1214 4465 1289 4538 post
1310 4457 1380 4521 eius
1402 4469 1538 4522 mortem
1561 4460 1699 4542 populus
1722 4460 1922 4525 haereditate
1951 4479 2012 4525 sua
2034 4461 2182 4544 privatus

179 4543 349 4607 maiestas
371 4541 441 4605 eius
464 4541 497 4602 in
516 4563 552 4604 ee
576 4540 702 4604 inclusa
724 4560 789 4603 non
812 4539 863 4602 sit.
897 4538 963 4602 Nec
987 4538 1072 4602 enim
1097 4552 1161 4603 tam
1216 4551 1312 4624 atque
1343 4542 1378 4607 in
1407 4544 1557 4607 exsilium
1588 4545 1746 4611 abductus
1773 4555 1832 4624 est,
1861 4546 1907 4609 ita
1934 4554 1971 4610 ut
1999 4566 2117 4613 omnes
2144 4547 2182 4612 de

197 4638 335 4711 angusto
357 4626 391 4689 in
415 4625 484 4690 loco
507 4627 698 4689 continetur.
732 4623 837 4689 Pedes
856 4623 956 4705 igitur
978 4633 1104 4686 tautum
1127 4644 1163 4688 ao
1215 4626 1320 4691 salute
1349 4628 1451 4709 ipsius
1481 4639 1587 4693 actum
1617 4631 1852 4696 existimarent.
1895 4631 1946 4696 Ne
1974 4631 2078 4715 igitur
2102 4631 2182 4698 haee

197 4714 290 4778 velut
318 4714 464 4776 infimam
492 4722 616 4792 partem
645 4709 711 4774 illic
741 4731 821 4786 esse,
850 4718 885 4772 ut
913 4709 1164 4773 conscendamus
1215 4712 1365 4794 cogitatio
1387 4712 1555 4794 obreperet
1577 4717 1692 4779 animis
1715 4716 1869 4795 fidelium,
1889 4736 1952 4798 qua
1970 4716 2012 4781 ad
2029 4715 2182 4800 despera·

198 4800 232 4863 in
255 4798 390 4873 coelum,
415 4818 473 4860 nee
496 4797 528 4858 in
552 4797 695 4859 externis
718 4794 805 4858 hisce
830 4794 931 4876 signis
963 4793 1164 4873 haereamus,
1215 4797 1335 4859 tionem
1370 4797 1456 4881 adigi
1488 4811 1656 4880 poteraut:
1698 4802 1788 4865 Nulli
1820 4822 1949 4867 sumus:
1984 4802 2084 4867 rebus
2116 4812 2182 4868 tam

198 4885 313 4966 quibus
335 4904 394 4965 pro
416 4880 546 4945 modulo
567 4891 678 4943 nostro
708 4879 881 4942 erudimur.
926 4877 981 4941 Sic
1009 4878 1104 4940 etiam
1129 4880 1163 4941 in
1215 4881 1350 4963 perditis
1375 4883 1497 4946 nullum
1517 4907 1586 4949 esse
1605 4898 1709 4968 potest
1728 4886 1917 4969 remedium,
1939 4909 1999 4952 neo
2021 4889 2182 4970 speranda

198 4969 330 5033 Psalmo
354 4966 659 5050 (99,50t132,t)
685 4965 826 5027 Adorate
848 4962 1022 5028 scabellum
1047 4963 1162 5043 pedum
1216 4966 1328 5029 melior
1360 4967 1515 5031 conditio:
1549 4971 1690 5034 ostendit
1722 4992 1839 5056 graves
1872 4971 1945 5036 illas
1978 4973 2182 5040 calamitates

199 5056 277 5131 eius,
308 5055 460 5136 queniam
488 5062 636 5114 sanctum
665 5059 724 5112 est.
768 5049 862 5124 Item,
886 5047 1101 5111 Adorabimns
1129 5049 1161 5111 in
1215 5049 1344 5115 obstare
1373 5073 1435 5115 non
1466 5075 1559 5134 posse
1589 5056 1666 5134 Deo,
1698 5059 1869 5137 quominus
1901 5059 1989 5140 ipsos
2023 5062 2181 5136 restituat,

198 5139 267 5203 loco
289 5140 343 5204 ubi
367 5148 530 5204 steterunt
552 5137 649 5218 pedes
675 5136 758 5198 eius:
791 5155 852 5196 nou
876 5131 959 5215 quod
984 5152 1110 5194 sursum
1132 5142 1164 5197 et
1216 5155 1292 5199 nam
1325 5137 1384 5200 etsi
1413 5135 1453 5201 ad
1483 5151 1609 5220 tempus
1638 5140 1871 5220 quodammodo
1900 5143 2048 5209 destituti
2078 5153 2181 5220 erant,

199 5225 350 5289 deorsum
373 5225 514 5289 essentia
538 5223 601 5288 Dei
623 5222 656 5284 in
680 5229 788 5302 partes
811 5217 913 5281 divisa
936 5217 987 5291 sit,
1010 5216 1065 5279 sed
1089 5219 1164 5298 quia
1216 5240 1314 5302 quum
1335 5220 1498 5286 Dominus
1521 5223 1553 5285 in
1576 5224 1661 5304 ipsos
1692 5228 1979 5308 animadvertebat,
2005 5240 2118 5296 tamen
2149 5233 2182 5295 in
