4784 5970
189 358 230 423 27
657 412 659 417 ⁴
1070 354 1120 420 IN
1150 352 1315 420 ISAIAM
2151 356 2194 423 28

188 545 363 611 Probabile
391 555 502 610 tanum
532 557 580 610 est
610 547 675 610 iam
709 555 787 611 tanc
809 546 964 611 volitasse
986 545 1020 608 in
1044 541 1165 627 populo
1216 544 1304 607 enim
1339 542 1552 627 distinguitur
1585 545 1625 609 ab
1658 543 1810 609 omnibus
1845 543 1954 622 idolis,
1996 563 2079 626 qnae
2112 556 2197 608 tem·

190 632 415 716 querimonias,
447 632 564 714 quibus
589 632 658 696 Deo
680 630 915 715 obstreperent,
942 651 979 696 ao
1002 631 1029 694 si
1052 649 1164 694 eoram
1217 629 1342 711 poralia
1372 638 1458 706 sant,
1488 639 1519 692 et
1548 629 1686 695 conficta
1707 630 1747 695 ab
1770 629 1975 694 hominibus:
2009 629 2096 712 qaod
2118 650 2196 712 pro·

189 718 329 783 salutem
352 715 545 801 negligeret,
567 717 620 782 vel
643 717 765 781 tardior
788 729 873 781 esset
891 715 931 781 ad
947 737 1039 799 opem
1060 717 1165 780 feren-
1216 714 1301 779 fecto
1334 715 1362 780 si
1396 716 1514 780 animis
1543 716 1666 780 nostris
1700 736 1776 780 vere
1804 716 1977 793 insideret,
2011 736 2077 780 non
2107 727 2196 780 esset

189 802 275 880 dam,
304 803 357 868 vel
379 803 477 867 etiam
501 803 620 867 clausis
642 802 744 867 oculis
766 803 960 885 praeteriret
980 822 1092 865 eoram
1116 801 1166 864 in·
1218 801 1359 882 amplias
1393 798 1593 865 diffidentiae
1625 801 1727 867 locus.
1778 801 1862 866 Nam
1898 801 1925 866 si
1958 812 2112 866 aeternus
2145 814 2196 866 est

188 888 371 953 commoda.
403 888 476 954 Hoc
499 889 617 952 vitiam
641 909 728 954 nano
750 889 936 972 corrigitur,
959 886 1046 969 qaod
1069 896 1164 969 pata·
1218 884 1320 961 Deus,
1354 907 1522 968 nonquam
1554 899 1701 951 mutatur
1730 897 1788 951 aut
1817 886 1960 953 labascit.
2006 887 2079 951 Hoc
2104 888 2195 951 enim

189 973 269 1039 hant
298 996 332 1039 se
355 973 427 1039 Deo
454 995 550 1039 carae
579 996 645 1038 non
676 995 764 1038 esse:
794 975 889 1039 sicuti
914 972 1061 1039 accidere
1083 973 1165 1036 solet
1218 973 1427 1038 coniunctam
1450 973 1626 1037 aeternitas
1650 972 1757 1052 habet,
1779 981 1818 1036 at
1840 993 2009 1055 nunqnam
2028 975 2071 1038 sit
2088 986 2197 1037 muta-

189 1059 224 1124 in
248 1059 345 1124 rebus
367 1058 523 1142 adversis,
545 1061 580 1123 in
604 1059 722 1142 quibas
743 1081 803 1123 nos
825 1059 968 1124 abiectos
991 1057 1110 1137 aDeo,
1133 1068 1167 1121 et
1218 1056 1300 1120 tioni
1333 1057 1488 1138 obnoxia,
1529 1057 1585 1123 scd
1625 1068 1782 1140 perpetuo
1814 1057 1875 1123 sihi
1909 1068 2043 1124 constet
2100 1058 2196 1140 Qnao

190 1145 329 1228 praedae
347 1146 521 1229 expositos,
540 1145 729 1228 nullamque
747 1146 816 1210 eius
835 1145 1076 1230 providentiam
1095 1164 1166 1208 esec
1218 1162 1318 1224 qaam
1349 1165 1416 1208 non
1447 1146 1526 1208 satis
1556 1157 1704 1208 tenerent
1726 1144 1851 1220 Iudaei,
1886 1146 2034 1226 quamvis
2064 1146 2196 1226 saepius

190 1233 380 1315 cogitamus.
1219 1227 1416 1294 audiissent:
1455 1230 1527 1293 ideo
1560 1230 1721 1313 propheta
1755 1230 1815 1294 hac
1848 1231 2073 1314 obiurgatione
2105 1232 2195 1313 ipsos

275 1315 383 1401 (Iacob
406 1326 437 1379 et
460 1316 586 1396 Israel.)
624 1316 686 1382 His
709 1316 895 1381 nominibus
918 1318 951 1381 in
975 1315 1165 1380 memoriam
1218 1315 1362 1379 excitare
1396 1315 1514 1390 voluit,
1549 1329 1586 1379 ut
1617 1316 1769 1381 ostendat
1801 1317 1850 1380 bis
1882 1337 1955 1380 reas
1985 1316 2054 1380 fore
2083 1337 2196 1382 coram

192 1413 327 1468 revocat
358 1401 473 1467 foedus
506 1402 658 1477 Domini,
699 1402 783 1484 quod
819 1412 866 1467 tot
900 1413 1032 1483 tamque
1064 1401 1167 1464 variis
1191 1384 1194 1489 l
1220 1398 1300 1479 Deo,
1331 1401 1386 1482 qai
1416 1400 1521 1466 edocti
1553 1417 1620 1465 tam
1643 1402 1792 1484 plurimis
1815 1402 1884 1465 cias
1908 1402 2071 1467 beneficiis
2095 1423 2196 1484 quam

190 1489 461 1571 promissionibus
502 1489 730 1552 confirmatam
771 1496 858 1552 erat:
900 1486 1034 1569 perinde
1067 1505 1105 1549 aa
1138 1488 1166 1551 si
1191 1515 1195 1620 1
1220 1486 1318 1550 verbo
1353 1487 1506 1553 honorem
1542 1498 1650 1551 tamen
1685 1508 1782 1570 quem
1816 1486 1907 1552 decet
1936 1499 1968 1551 et
1997 1489 2134 1572 gloriam
2166 1491 2196 1554 ei

192 1574 328 1638 diceret:
353 1577 475 1637 Annon
498 1575 622 1655 cogitas
645 1587 677 1638 te
696 1573 854 1656 populum
873 1573 965 1638 illam
982 1592 1164 1653 essequam
1220 1592 1283 1635 non
1308 1572 1463 1637 tribuant.

191 1659 253 1723 sibi
271 1658 480 1741 peculiariter
495 1658 615 1742 delegit
633 1659 745 1724 Dens?
768 1680 826 1724 car
840 1659 1008 1724 existimas
1024 1658 1194 1748 rationes
1305 1657 1394 1739 (Noa
1437 1657 1614 1743 fatigatur.)
1678 1658 1753 1722 Duo
1792 1659 1846 1725 hic
1885 1659 1979 1724 docet
2015 1660 2197 1742 propheta:

193 1756 267 1809 tuas
296 1743 337 1808 ab
362 1765 400 1809 eo
429 1744 552 1828 negligi
582 1745 638 1826 qai
668 1745 779 1810 fallere
806 1766 869 1810 non
894 1742 1022 1828 potest?
1073 1743 1168 1808 Viam
1192 1724 1194 1841 Ι
1220 1742 1373 1826 primam,
1402 1764 1466 1807 non
1495 1744 1627 1827 fatigari
1651 1745 1757 1809 Deum
1787 1744 2032 1810 benefaciendo:
2065 1745 2198 1826 deiude,

193 1831 280 1894 enim
314 1850 372 1912 pro
401 1838 488 1894 stata
517 1839 550 1894 et
580 1832 761 1896 rationibus
790 1831 924 1913 accipit:
957 1830 1168 1895 abacocdr'tam
1192 1856 1194 1907 l
1220 1829 1411 1911 sapientiam
1453 1831 1523 1895 eius
1563 1850 1583 1893 a
1622 1831 1752 1894 nemine
1792 1831 2015 1912 pervestigari.
2077 1832 2198 1898 Priore

192 1936 251 1997 pro
280 1916 438 1998 neglecto,
472 1914 524 1980 vel
554 1916 678 1998 ignoto.
722 1916 809 1997 Quia
838 1920 865 1981 si
888 1915 1047 1981 auxilinm
1070 1935 1167 1979 suam
1220 1916 1365 1979 membro
1399 1913 1543 1979 ostendit
1571 1916 1654 1980 nihil
1684 1917 1890 1981 obstaturam
1918 1916 1991 1980 Deo
2020 1919 2198 1999 quominus

193 1999 286 2065 Deus
318 2000 416 2084 paulo
449 2001 577 2085 lougius
609 2001 778 2082 extrahat,
811 2023 876 2066 aon
910 2012 1064 2085 putamus
1098 2002 1168 2064 cius
1192 2010 1195 2087 l
1219 2001 1465 2065 beneficentiam
1495 2022 1588 2066 saam
1618 2014 1848 2084 prosequatur:
1882 2004 1958 2085 quia
1988 2002 2105 2067 similis
2128 2025 2198 2068 noa

194 2106 305 2152 curam
335 2087 376 2150 ad
407 2107 465 2152 nos
495 2108 596 2170 usque
618 2108 654 2152 se
677 2087 863 2152 extendere.
908 2087 1050 2167 Quidam
1073 2086 1170 2150 aliter
1193 2110 1196 2143 ι
1220 2096 1269 2150 est
1308 2086 1510 2162 hominibus,
1558 2108 1695 2169 quoram
1741 2089 1982 2153 exhauriantur
2025 2089 2199 2156 facultates

193 2182 378 2256 exponunt:
401 2193 517 2255 nempe
539 2172 696 2255 papalum
718 2172 772 2239 hic
794 2172 999 2255 reprehendi,
1023 2170 1109 2254 qaod
1133 2192 1168 2235 se
1193 2160 1195 2235 l
1220 2173 1349 2254 saepius
1387 2170 1574 2255 largiendo,
1615 2178 1672 2237 aut
1708 2174 1764 2256 qai
1798 2195 1884 2240 nova
1917 2173 2055 2239 subinde
2088 2174 2200 2241 officia

194 2259 328 2341 impune
351 2278 483 2341 peccare
506 2258 721 2323 existimaret:
747 2269 844 2340 atqae
866 2259 950 2322 hanc
971 2257 1168 2323 sententiam
1193 2238 1197 2359 ἶ
1221 2257 1415 2339 praestando
1448 2257 1646 2340 fatigantur,
1682 2271 1740 2323 aut
1773 2280 1852 2341 quos
1884 2280 1961 2324 suae
1991 2259 2199 2325 liberalitatis

194 2343 334 2407 similem
367 2365 437 2408 esse
468 2343 583 2408 volant
611 2364 684 2408 oum
716 2344 889 2409 eiusmodi:
927 2345 1019 2408 Dixit
1049 2344 1168 2425 impias
1193 2362 1196 2415 1
1220 2345 1373 2426 poenitet.
1418 2342 1622 2407 Inexhaasta
1651 2345 1738 2408 caim
1769 2355 1819 2411 est
1841 2348 1942 2428 ipsius
1965 2345 2198 2412 beneficentia:

194 2429 230 2493 in
261 2428 358 2494 corde
388 2449 458 2511 suo,
491 2429 567 2493 Non
596 2439 646 2495 cst
676 2429 777 2506 Deus,
808 2441 867 2495 etc.
892 2428 1025 2514 (Psalm.
1051 2427 1167 2513 14,1).
1194 2470 1196 2505 ,
1221 2429 1249 2492 si
1278 2430 1424 2512 patribus
1446 2429 1589 2494 liberalis
1613 2430 1681 2508 fnit,
1712 2442 1856 2512 posteros
1879 2453 1943 2496 non
1967 2431 2094 2495 minore
2116 2432 2199 2497 libe·

195 2513 261 2580 Sed
293 2514 426 2579 dabium
459 2533 524 2578 non
555 2526 617 2593 est,
652 2516 729 2597 quin
760 2515 841 2580 haec
864 2517 960 2580 fuerit
984 2536 1074 2579 mens
1096 2535 1168 2597 pro·
1193 2534 1196 2561 ¹
1221 2515 1350 2579 ralitate
1380 2524 1413 2577 et
1439 2517 1660 2579 munificentia
1691 2528 1912 2599 prosequetur.
1957 2516 2054 2596 Quod
2085 2528 2198 2582 autem

194 2601 329 2683 phetae:
360 2601 415 2666 An
444 2609 549 2681 patae,
578 2600 691 2678 Israel,
722 2621 774 2665 res
801 2613 874 2666 tuas
895 2623 915 2665 a
937 2601 1080 2665 Domino
1104 2621 1167 2663 non
1193 2579 1197 2703 l
1222 2620 1456 2682 saepenumero
1480 2600 1575 2664 aliter
1597 2603 1665 2685 agit
1689 2603 1779 2667 Deus
1800 2623 1898 2683 qaam
1923 2604 2015 2667 nobis
2041 2604 2198 2686 expedire

193 2685 326 2752 curari?
380 2685 555 2751 Invehitur
595 2688 682 2751 enim
723 2688 754 2750 in
789 2685 1004 2751 diffidentiam
1044 2686 1166 2769 populi,
1194 2706 1197 2759 1
1221 2697 1381 2769 patemus,
1415 2686 1556 2751 occurrit
1586 2686 1755 2770 propheta,
1789 2701 1821 2752 et
1850 2688 2021 2753 consilium
2052 2689 2122 2754 eius
2147 2690 2197 2753 in·

194 2792 333 2853 eamque
355 2773 501 2854 graviter
523 2772 683 2855 obiurgat,
706 2786 743 2836 ut
765 2773 871 2856 ipsam
895 2783 1007 2855 postea
1024 2771 1170 2837 console·
1194 2764 1196 2853 l
1221 2770 1510 2855 comprehensibile
1539 2793 1609 2837 esse
1636 2771 1757 2850 dicens,
1791 2773 1945 2838 admonet
1967 2774 2103 2839 minime
2125 2795 2198 2841 esse

194 2867 267 2936 tar,
297 2865 395 2938 atque
424 2857 574 2921 ostendat
597 2857 774 2923 Dominum
804 2870 962 2941 perpetuo
989 2859 1057 2923 sais
1088 2878 1168 2939 quos
1194 2860 1197 2893 ¹
1221 2856 1504 2940 murmurandum,
1539 2861 1689 2940 quamvis
1719 2880 1781 2922 non
1816 2861 1928 2923 statim
1961 2861 2042 2924 votis
2072 2861 2198 2925 nostris

195 2942 334 3007 tuendos
362 2945 503 3026 suscepit
532 2943 730 3008 adfuturam.
775 2943 902 3008 Nomen
932 2945 1053 3021 iudicii,
1085 2943 1168 3025 quod
1194 2936 1197 3027 l
1222 2944 1437 3024 obtemperet:
1471 2943 1547 3024 quia
1570 2943 1652 3007 nihil
1675 2944 1714 3006 ad
1738 2965 1827 3028 spem
1852 2957 1996 3011 nostram
2020 2945 2198 3010 fovendam

194 3114 316 3179 firmat.
373 3112 572 3194 Imploratur
606 3113 693 3177 enim
728 3113 884 3179 iudicium
918 3115 951 3178 in
985 3112 1170 3190 afflictione,
1222 3112 1415 3176 mirabiliter
1437 3120 1588 3193 operetur
1609 3114 1701 3179 Deae
1723 3117 1756 3179 in
1780 3117 1847 3182 suis
1869 3116 2049 3194 servandis,
2077 3137 2197 3184 arcano

195 3220 297 3282 quam
327 3199 490 3263 immerito
516 3200 742 3282 opprimimur,
771 3214 827 3265 ant
855 3200 977 3264 iniuria
1004 3198 1097 3264 nobis
1118 3199 1169 3262 in·
1223 3199 1292 3263 eius
1315 3198 1450 3262 consilio
1473 3220 1531 3264 nos
1554 3199 1752 3265 subiieimus.

194 3285 309 3350 fertur.
354 3284 400 3348 Et
433 3282 598 3364 iudicium,
631 3284 683 3350 vel
712 3285 764 3349 ias
794 3293 940 3350 nostrum
963 3284 1115 3368 amplecti
1137 3240 1198 3369 etl
1308 3283 1359 3348 29.
1383 3283 1490 3368 (Dans
1518 3285 1624 3371 lasso.)
1668 3287 1764 3352 Nunc
1793 3287 2014 3353 accommodat
2037 3289 2199 3372 propheta

195 3371 362 3454 suscipere
396 3369 516 3434 dicitur
549 3370 640 3435 Deus
681 3391 782 3453 qaam
814 3391 876 3436 nos
907 3391 1006 3437 causa
1039 3371 1171 3452 cognita
1194 3407 1198 3461 2
1223 3370 1391 3453 generales
1419 3371 1598 3435 sententias
1621 3373 1737 3455 quibas
1760 3395 1837 3439 usus
1860 3384 1910 3438 est
1932 3373 1973 3437 ad
1992 3382 2198 3457 praesentem

196 3467 307 3522 tuetur
337 3466 371 3521 et
401 3455 562 3539 defendit:
593 3457 770 3539 praeterire
792 3474 882 3533 vero,
911 3476 1010 3539 qaum
1033 3456 1172 3540 negligit
1222 3475 1364 3520 causam.
1408 3454 1481 3521 Hoc
1507 3458 1594 3521 enim
1624 3457 1727 3540 ipsius
1754 3459 1926 3524 consiliam
1948 3481 2020 3524 esse
2043 3458 2198 3538 diximus,

196 3550 293 3624 atque
323 3542 363 3607 ab
391 3539 540 3606 hostibus
568 3541 666 3625 diripi
697 3543 783 3606 sinit.
830 3542 969 3607 Perinde
998 3541 1171 3624 igiturest
1224 3551 1261 3604 at
1287 3539 1441 3625 populum
1469 3543 1585 3607 melius
1615 3546 1747 3619 animet,
1781 3558 1876 3627 atque
1904 3547 1937 3609 in
1968 3566 2058 3626 spem
2081 3544 2197 3627 erigat.

196 3647 235 3693 ac
249 3628 276 3693 si
294 3626 415 3693 diceret
429 3628 592 3692 immerito
608 3629 712 3692 facere
725 3627 873 3705 Iudaeos,
890 3628 976 3710 quod
988 3628 1170 3712 neglectam
1223 3625 1321 3707 Quod
1363 3633 1472 3691 autem
1513 3627 1624 3692 ludaei
1669 3641 1748 3695 tanc
1794 3631 1887 3694 fracti
1927 3642 2020 3695 erant
2061 3631 2200 3710 viribus,

196 3732 329 3778 oausam
349 3733 440 3778 suam
459 3733 479 3776 a
495 3712 565 3777 Deo
584 3734 621 3778 ac
640 3713 827 3779 destitutam
848 3725 1037 3796 querantur.
1061 3715 1171 3795 Atque
1195 3644 1200 3809 ι
1223 3713 1377 3795 omnique
1410 3711 1523 3777 robore
1558 3714 1723 3797 destituti,
1764 3715 1836 3780 ideo
1869 3716 2023 3780 admonet
2055 3717 2199 3782 officiam

197 3798 262 3863 ista
295 3798 522 3880 obiurgatione
553 3799 642 3880 ipsos
675 3809 847 3882 praeparat
879 3798 920 3863 ad
953 3798 1170 3880 recipiendam
1224 3797 1288 3862 Dei
1322 3818 1401 3877 esse,
1436 3798 1476 3863 iis
1498 3798 1554 3880 qui
1578 3800 1637 3865 hoc
1659 3801 1754 3866 modo
1777 3802 1853 3866 lessi
1876 3812 1954 3867 sant
1976 3823 2013 3867 ac
2036 3802 2199 3868 debilitati

196 3884 458 3950 consolationem.
502 3883 571 3949 Neo
600 3886 688 3948 enim
718 3886 880 3967 perversis
909 3894 967 3949 aut
996 3885 1089 3948 vanis
1118 3902 1172 3947 co·
1223 3904 1318 3966 opem
1346 3883 1440 3948 ferre.
1486 3884 1703 3950 Commendat
1724 3886 1826 3970 igitar
1847 3889 2026 3971 potentiam
2051 3889 2112 3953 Dei
2139 3889 2199 3954 hac

197 3968 410 4052 gitatiouibns
425 3980 602 4052 occupatae
617 3977 746 4035 mentes
762 3991 835 4034 eam
850 3971 1017 4052 percipere
1029 3979 1171 4053 possent.
1224 3970 1479 4048 circumstantia,
1512 3982 1549 4033 ut
1581 3969 1738 4054 colligant
1771 3972 1823 4037 vel
1855 3983 2002 4039 statuant
2029 3995 2096 4038 non
2127 3994 2199 4039 esse

197 4055 296 4120 Prius
329 4076 407 4138 ergo
444 4053 679 4135 impedimenta
712 4056 782 4120 tolli
818 4065 915 4138 atque
949 4055 1036 4120 viam
1069 4055 1172 4120 sterni
1224 4053 1440 4119 dubitandum
1475 4054 1514 4119 de
1547 4055 1651 4120 salute
1685 4057 1842 4139 quamdiu
1881 4060 1987 4140 ipsam
2021 4061 2199 4142 propitiam

197 4140 413 4207 consolationi
434 4161 566 4206 neccsse
588 4141 659 4205 fait.
1225 4139 1410 4204 habuerint.
1446 4141 1613 4223 Propheta
1636 4142 1765 4224 quidem
1789 4143 1941 4227 populum
1966 4148 2118 4226 respexit,
2143 4147 2201 4228 qui

283 4227 334 4292 28.
359 4225 489 4312 (Anaua
518 4226 680 4312 sacietif)
724 4227 816 4291 Idem
849 4227 967 4309 repetit
990 4225 1075 4308 qnod
1098 4235 1174 4291 ante
1225 4225 1373 4307 captivas
1398 4225 1433 4288 in
1457 4225 1627 4309 Babylone
1654 4230 1839 4294 tenebatur:
1874 4230 1931 4294 sed
1954 4230 2047 4295 nobis
2069 4252 2200 4315 quoque

198 4312 341 4378 dixerat:
376 4313 532 4396 populum
564 4310 770 4376 familiariter
800 4312 971 4377 educatum
1002 4312 1037 4374 in
1062 4310 1174 4375 schola
1225 4310 1310 4375 hanc
1343 4311 1524 4375 doctrinam
1547 4314 1789 4380 accommodare
1812 4315 1977 4397 debemus,
2012 4326 2050 4380 ut
2071 4318 2201 4399 quotics

197 4398 262 4464 Dei
284 4419 350 4463 non
374 4417 445 4463 esse
467 4398 685 4463 excusabilem
709 4400 743 4461 in
767 4416 825 4462 sua
849 4395 1005 4462 socordia.
1050 4395 1173 4462 Severe
1227 4415 1286 4459 noa
1309 4395 1459 4461 deficient
1480 4398 1577 4477 vires,
1603 4419 1640 4464 ac
1662 4403 1816 4482 prostrati
1839 4401 1906 4466 fere
1929 4402 2115 4477 iacebimus,
2139 4402 2201 4470 hoo

197 4485 286 4548 enim
327 4504 401 4548 eum
443 4483 612 4567 obiurgat,
652 4482 736 4565 quod
777 4505 842 4547 uon
876 4481 992 4546 melias
1025 4481 1059 4544 in
1093 4481 1174 4564 legis
1226 4483 1339 4546 veniat
1353 4481 1388 4545 in
1403 4495 1561 4546 mentem:
1578 4483 1755 4548 Dominam
1768 4487 1862 4552 lassis
1874 4507 2009 4551 manum
2022 4489 2201 4571 porrigere,

198 4568 348 4636 doctrina
371 4569 550 4651 profecerit,
580 4569 717 4652 aliisque
739 4568 953 4645 adminiculis,
977 4587 1061 4649 quae
1082 4567 1174 4631 Deus
1226 4566 1282 4648 qni
1305 4567 1393 4631 omui
1417 4587 1477 4648 ope
1500 4568 1648 4634 destituti
1672 4569 1837 4637 deficiunt.
1872 4570 1939 4637 Sed
1958 4575 2050 4655 prius
2069 4574 2202 4639 lassitu-

197 4655 240 4720 ad
273 4675 478 4721 communem
513 4656 661 4738 gentiam
696 4655 860 4718 notionem
894 4651 1072 4717 addiderat.
1126 4655 1173 4718 hc
1227 4652 1334 4716 dinem
1369 4665 1514 4717 nostram
1548 4666 1579 4717 et
1609 4656 1750 4738 inopiam
1773 4678 1792 4721 a
1814 4658 1906 4721 nobis
1928 4660 2043 4722 sentiri
2065 4680 2202 4725 necesse

198 4741 322 4806 sciendi
356 4741 509 4820 verbam,
543 4741 625 4823 qaod
656 4741 842 4823 generalius
869 4746 934 4818 est,
967 4738 1076 4820 priore
1104 4737 1173 4801 loco
1226 4746 1286 4815 est,
1316 4745 1351 4801 ut
1381 4738 1556 4818 impleatur
1584 4741 1665 4804 illud
1688 4742 1793 4822 Pauli,
1822 4743 1938 4807 Virtus
1961 4744 2025 4808 Dei
2048 4745 2083 4808 in
2107 4746 2202 4810 infir·

198 4830 309 4910 ponit:
344 4827 419 4909 quia
447 4827 561 4890 multis
591 4826 756 4890 miraculis
778 4826 916 4906 aliisque
939 4824 1174 4904 experimentis
1226 4825 1340 4886 mitate
1362 4837 1473 4888 nostra
1496 4827 1663 4904 perficitur
1685 4826 1727 4910 (2.
1752 4829 1827 4893 (lor.
1853 4828 1903 4906 12,
1926 4828 1971 4914 9).
2015 4830 2088 4896 Nisi
2110 4834 2201 4896 enim

198 4922 353 4978 testatam
384 4911 448 4978 illis
477 4912 596 4977 fecerat
619 4910 711 4975 Deus
741 4931 833 4976 suam
862 4909 1009 4992 gloriam.
1054 4909 1173 4973 Postea
1198 4926 1200 4995 l
1226 4909 1310 4971 serio
1345 4909 1378 4970 in
1411 4911 1528 4973 animis
1562 4913 1683 4976 nostris
1716 4914 1856 4994 perculsi
1879 4924 1911 4978 ct
1933 4916 2074 4981 convicti
2097 4918 2203 4982 simus

199 4997 366 5063 descendit
396 4998 437 5062 ad
460 4996 626 5063 auditam:
660 4997 752 5079 quasi
776 4996 914 5060 diceret:
949 4992 1201 5059 sinisiram·
1226 5004 1357 5057 nostrae
1391 4994 1605 5073 infirmitatis,
1637 4998 1794 5062 auxilium
1827 5022 1846 5063 a
1877 5001 1947 5064 Deo
1979 5012 2202 5084 opportunam

198 5085 324 5167 profuit
345 5085 437 5150 factis
460 5094 494 5150 et
516 5104 667 5148 sermone
690 5082 839 5147 edoctam
863 5101 934 5144 esee
957 5080 1064 5144 Deum
1088 5099 1173 5142 nan·
1198 5020 1201 5143 i
1226 5079 1345 5143 habere
1369 5099 1432 5142 noa
1456 5101 1638 5161 possumus.

198 5190 296 5252 quam
330 5191 458 5235 cessare
488 5170 528 5235 ab
557 5169 678 5250 officio,
708 5167 780 5249 plus
809 5187 907 5248 qaam
938 5163 1107 5228 indocilem
1140 5174 1173 5227 te
1311 5163 1354 5228 30
1377 5173 1410 5228 et
1432 5165 1482 5228 31.
1506 5165 1714 5250 (Fattpoatar
1743 5169 1984 5257 mamaeam·
2010 5173 2086 5237 Hac
2114 5195 2203 5240 com·

199 5276 270 5322 esse
299 5264 444 5339 apparet.
488 5255 594 5322 Deum
622 5253 747 5333 camuli,
778 5263 946 5317 aeternam
971 5258 1074 5315 vocat.
1118 5248 1174 5314 Sic
1226 5251 1393 5331 paratione
1410 5251 1514 5334 magis
1529 5250 1671 5316 illustrat
1686 5253 1845 5338 propheta
1864 5258 1948 5339 qaod
1968 5267 2044 5325 ante
2055 5259 2205 5326 dixerat:

194 3029 347 3095 continuo
377 3036 451 3109 post
478 3028 617 3107 additur,
645 3028 730 3093 hanc
757 3028 1063 3112 interpretationem
1092 3049 1168 3092 con·
1194 3076 1197 3237 p
1221 3029 1329 3111 aptius
1357 3048 1455 3109 quam
1482 3029 1563 3092 haec
1593 3030 1766 3107 sobrietas,
1802 3031 1857 3095 ubi
1886 3039 2075 3113 reputantes
2097 3053 2196 3114 quam
