4784 5970
188 326 252 393 227
1071 325 1120 392 IN
1143 324 1308 394 ISAIAM
2128 323 2190 390 228

189 516 281 583 enim
305 515 412 582 vocari
436 522 563 598 putant,
585 515 670 599 quod
693 516 830 581 effoetus
852 521 951 582 esset:
972 513 1090 582 aarum
1112 535 1165 580 oa·
1217 533 1297 596 quas
1341 523 1448 580 entes:
1477 514 1519 580 ob
1548 535 1645 597 quam
1674 514 1773 580 etiam
1803 533 1934 580 cauam
1965 533 2033 578 non
2056 511 2189 587 Abram,

190 623 339 681 vernam,
369 603 455 684 quod
477 614 563 667 esset
584 601 716 667 sterilis.
761 599 827 667 Sed
857 601 985 684 utrique
1013 621 1087 666 meo
1115 602 1164 665 iu·
1216 598 1273 665 sed
1295 535 1463 665 Abraham
1485 608 1619 666 vocatus
1640 609 1699 666 est.

191 687 276 754 dicio
294 686 470 752 falluntur:
494 708 571 751 nam
589 687 728 770 simplex
745 686 937 770 metaphora
954 694 1012 764 ost,
1036 699 1166 770 sumpta
1302 686 1332 750 3.
1362 684 1493 771 (Utique
1513 685 1719 752 consolabitur
1746 683 1862 750 choou
1890 682 1991 770 Sion.)
2035 681 2190 749 Ostendit

191 794 213 837 a
241 772 443 855 lapicidinis,
475 782 572 855 atque
604 774 693 855 ipsos
718 793 760 838 ex
793 771 982 854 Abrahamo
1015 779 1049 838 et
1081 771 1166 838 Sara
1217 773 1376 854 propbeta
1409 772 1594 855 exemplum
1633 773 1668 837 in
1708 790 1847 854 persona
1878 770 2034 836 Abrahae
2068 767 2190 834 editum

190 861 325 924 eductos
348 880 419 925 esse
442 857 529 937 dicit,
553 862 590 923 ut
612 859 736 942 lapides
757 879 873 942 erupe
892 867 925 923 ct
943 878 1087 924 caverna
1107 879 1166 922 ox·
1218 857 1328 941 fuisse,
1360 857 1445 941 quod
1478 858 1629 924 omnibus
1657 857 1794 923 saeculis
1825 857 2012 923 conveniat:
2049 875 2129 920 nam
2158 868 2190 919 ut

191 943 355 1010 eiciuntur.
400 944 477 1010 Hac
496 943 642 1009 doctrina
665 954 698 1009 et
719 944 943 1009 admonitione
965 944 1074 1011 fulciri
1095 944 1166 1028 pios
1218 943 1382 1009 Dominus
1410 952 1535 1008 tantam
1564 943 1705 1009 sobolem
1736 952 1870 1026 repento
1898 962 1940 1007 ex
1967 962 2033 1007 uno
2059 940 2191 1006 homine

191 1030 228 1094 in
261 1029 353 1096 clade
385 1031 493 1113 gentis
526 1030 601 1113 plus
634 1051 733 1112 quam
766 1050 882 1113 operae
921 1031 1061 1114 pretium
1097 1030 1166 1094 luit.
1219 1031 1348 1113 genuit:
1388 1028 1435 1095 sic
1474 1030 1573 1094 otiam
1611 1029 1705 1093 miris
1738 1039 1771 1093 et
1802 1027 1979 1112 incognitis
2011 1027 2191 1092 rationibus

194 1113 317 1183 Samen
338 1114 490 1181 Abrahae
520 1116 714 1198 promiserat
736 1115 827 1181 Deus
855 1116 924 1180 foro
946 1116 1031 1182 sient
1052 1114 1167 1181 stellas
1219 1115 1387 1181 ecclesiam
1410 1135 1502 1180 suam
1526 1114 1716 1198 populosam
1744 1113 1964 1179 redditurum:
1994 1131 2060 1178 non
2090 1112 2191 1178 semel

191 1201 274 1267 coeli
296 1206 329 1264 et
351 1222 485 1265 arenam
507 1202 621 1266 maris:
653 1202 820 1267 exciderat
851 1202 932 1267 haec
961 1201 996 1266 in
1027 1202 1165 1284 speciem
1221 1210 1357 1275 tantum,
1381 1201 1438 1264 sed
1462 1202 1588 1284 quoties
1610 1200 1690 1265 orba
1712 1209 1746 1265 et
1761 1199 1908 1266 solitaria
1924 1219 1996 1264 esse
2013 1197 2190 1282 putabitur.

190 1287 363 1370 promissio
386 1288 419 1351 in
443 1308 481 1351 ea
500 1289 662 1364 vastitate,
686 1288 742 1353 ubi
759 1288 815 1371 qui
832 1286 954 1352 residui
972 1295 1066 1352 erant
1085 1286 1167 1351 nibil
1219 1285 1275 1351 Sic
1298 1289 1396 1351 stiam
1416 1286 1540 1352 Paulus
1562 1285 1603 1350 ad
1622 1286 1789 1351 Romanos
1807 1285 1912 1367 capite
1930 1293 2047 1367 quarto
2066 1282 2112 1367 (r.
2129 1282 2192 1368 24),

190 1372 259 1438 sere
282 1372 452 1437 differrent
474 1394 493 1437 a
515 1374 626 1453 paucis
649 1373 750 1440 acinis
772 1382 847 1456 post
868 1383 1035 1456 peractam
1057 1371 1168 1437 vinde·
1220 1382 1392 1455 postquam
1412 1372 1451 1438 de
1468 1372 1533 1437 fide
1551 1371 1705 1437 Abrahae
1723 1371 1877 1453 loquutus
1895 1381 1953 1449 est,
1976 1383 2075 1452 atque
2092 1369 2192 1452 ipsius

191 1457 303 1522 miam.
347 1457 413 1524 Sed
436 1480 538 1541 quum
560 1458 625 1523 iam
649 1460 774 1541 experti
797 1470 906 1524 essent
928 1479 1025 1541 quam
1051 1458 1168 1524 efficax
1220 1457 1450 1524 extollentiam
1473 1457 1680 1541 praedicavit,
1713 1478 1784 1522 eam
1808 1455 1988 1522 doctrinam
2019 1456 2192 1538 unicuique

190 1553 278 1609 esset
305 1541 368 1608 Dei
398 1545 503 1609 virtus
534 1545 574 1609 ad
607 1544 782 1610 creandum
816 1566 834 1608 e
865 1544 967 1609 nihilo
1001 1546 1167 1627 ingentem
1221 1553 1368 1608 nostrum
1393 1543 1627 1609 accommodat:
1658 1543 1755 1624 Quod
1782 1544 1817 1606 in
1840 1562 1930 1625 spem
1961 1549 2078 1607 contra
2102 1561 2191 1624 spem

189 1629 358 1712 populum,
383 1629 464 1695 bene
487 1650 618 1711 sperare
641 1631 731 1695 iubet
753 1629 920 1714 propheta,
943 1651 984 1695 ne
1006 1630 1079 1695 Deo
1100 1631 1168 1694 sint
1220 1628 1408 1694 crediderit:
1432 1630 1584 1711 usquein
1598 1629 1703 1694 vomas
1719 1637 1828 1711 partes
1842 1649 1936 1693 mens
1951 1627 2021 1692 eius
2038 1626 2193 1692 distracta

191 1713 330 1798 ingrati:
361 1725 394 1780 et
415 1736 600 1780 sermonem
634 1716 754 1780 directe
787 1717 948 1781 convertit
976 1713 1018 1780 ad
1048 1714 1168 1794 fideles,
1221 1716 1280 1780 sit:
1303 1713 1360 1779 sed
1379 1735 1570 1797 persuasum
1590 1713 1748 1790 habuerit,
1770 1714 1879 1779 Deum
1897 1733 1979 1794 quae
2002 1714 2193 1795 promiserat

193 1801 313 1882 quibus
336 1802 474 1865 molesta
496 1811 566 1865 erat
585 1803 664 1867 baec
686 1802 833 1866 tentatio.
866 1802 936 1868 Nee
951 1800 1038 1865 enim
1056 1822 1169 1867 omnes
1221 1800 1319 1865 simul
1349 1801 1477 1866 efficere
1504 1819 1610 1883 posse,
1641 1801 1769 1865 tametsi
1797 1798 2000 1864 incredibilia
2029 1810 2128 1880 atque
2155 1797 2193 1862 ab

194 1885 382 1969 alloquitur.
427 1885 493 1951 Sed
517 1907 571 1951 eos
594 1897 724 1952 tantum
748 1888 801 1969 qui
824 1887 1031 1971 promissioni
1060 1887 1167 1952 locum
1221 1886 1309 1950 omni
1331 1888 1456 1951 ratione
1487 1885 1593 1951 aliena
1615 1886 1814 1952 riderentur.
1858 1884 1955 1965 Quod
1978 1883 2080 1960 addit,
2101 1885 2192 1949 uasc-

192 1972 273 2037 dare
291 1983 449 2054 poterant,
474 1993 589 2054 nempe
611 1993 691 2055 quos
709 1985 804 2038 vocat
822 1982 998 2039 sectatores
1015 1973 1167 2038 iustitiae.
1220 1976 1299 2037 tetes
1331 1973 1415 2048 ciue,
1457 1984 1564 2054 posset
1603 1972 1737 2037 resolvi:
1780 1971 1943 2035 Dominus
1975 1969 2195 2036 consolabitur

193 2058 278 2124 Nam
314 2057 492 2123 incredulis
523 2069 555 2121 et
589 2059 769 2142 hypocritis
802 2059 946 2124 scatebat
979 2060 1078 2141 regio,
1111 2059 1168 2140 qui
1221 2059 1388 2124 ecclesiam
1409 2079 1512 2133 suam,
1528 2079 1593 2122 uon
1606 2070 1734 2122 tantum
1752 2078 1853 2138 quum
1872 2056 2009 2129 florebit,
2022 2055 2080 2121 sed
2099 2055 2193 2121 etiam

194 2141 321 2227 pridem
354 2163 374 2207 a
406 2143 517 2209 studio
549 2144 678 2225 pietatis
711 2144 912 2209 defecerant:
952 2165 1015 2227 quo
1054 2144 1169 2209 maiori
1194 2218 1196 2233 Ι
1221 2164 1320 2226 quum
1343 2154 1436 2208 vasta
1458 2144 1521 2208 erit
1543 2152 1576 2207 et
1597 2145 1632 2208 in
1655 2143 1864 2208 solitudinem
1886 2141 2026 2207 redacta.
2062 2141 2194 2207 Vastari

196 2228 295 2294 laude
328 2227 427 2313 digna
468 2230 530 2293 fuit
562 2251 674 2294 eorum
713 2231 958 2312 perseverantia
990 2229 1046 2311 qui
1077 2231 1169 2312 sequi
1221 2229 1309 2294 enim
1332 2240 1365 2294 et
1387 2228 1587 2294 deformibus
1609 2229 1713 2294 ruinis
1742 2230 1809 2294 lere
1832 2226 1873 2292 ad
1902 2228 2074 2292 interitum
2095 2247 2195 2309 nsque

194 2315 280 2398 quod
303 2324 430 2380 rectum
453 2324 590 2379 estnon
614 2315 819 2380 destiterunt.
852 2315 915 2381 Ubi
935 2336 1011 2379 vero
1033 2325 1084 2380 est
1106 2317 1168 2381 ius·
1221 2315 1385 2396 corrumpi
1415 2316 1565 2397 oportuit,
1600 2325 1775 2396 antequam
1805 2315 1941 2379 sentiret
1972 2314 2031 2376 boo
2063 2314 2103 2377 de
2134 2332 2194 2394 qno

195 2402 285 2465 titiae
315 2399 477 2475 studium,
510 2399 578 2464 illic
606 2400 702 2465 datur
725 2399 796 2465 Deo
825 2399 1005 2465 audientia:
1037 2400 1091 2466 ubi
1121 2415 1170 2464 est
1223 2401 1332 2484 agitur
1361 2401 1531 2464 auxilium.
1586 2400 1683 2480 Quod
1713 2401 1867 2483 sequitur,
1898 2419 1939 2464 ex
1968 2398 2096 2463 deserto
2130 2398 2194 2462 iore

195 2484 422 2562 incredulitas,
462 2486 543 2550 nulli
579 2487 787 2568 promissioni
827 2487 917 2552 loeus
950 2507 1021 2551 esse
1053 2496 1168 2568 potest.
1222 2486 1316 2567 quasi
1336 2485 1435 2550 locum
1463 2487 1652 2564 delitiarum,
1681 2484 1798 2551 alludit
1827 2483 1987 2569 propbeta
2016 2483 2057 2548 ad
2089 2485 2193 2549 locum

194 2571 357 2653 Quamvis
390 2592 468 2655 ergo
498 2570 659 2637 iactarent
687 2594 722 2637 se
751 2573 836 2636 filios
863 2572 1026 2651 Abrahae,
1060 2584 1169 2637 tamen
1222 2572 1334 2646 Mosis,
1358 2572 1413 2636 ubi
1435 2572 1536 2636 refert
1558 2573 1722 2636 hominem
1745 2572 1838 2635 initio
1862 2573 1893 2634 in
1917 2570 2012 2634 horto
2034 2569 2140 2641 Fiden,
2162 2568 2192 2632 id

194 2679 263 2722 non
285 2677 399 2723 omnes
421 2656 518 2722 huius
548 2655 714 2723 doctrinae
743 2678 877 2742 capaces
907 2669 1010 2724 erant.
1055 2658 1169 2723 Ratio·
1223 2668 1281 2734 est,
1310 2658 1344 2720 in
1375 2658 1443 2722 loco
1473 2657 1655 2722 delitiarum
1685 2657 1877 2723 collocatum
1907 2676 1991 2721 esse:
2023 2655 2113 2720 unde
2142 2676 2193 2720 ex·

193 2763 270 2809 nem
310 2753 420 2807 autem
454 2742 626 2808 sectandae
660 2743 802 2810 iustitiae
835 2745 936 2818 docet,
976 2764 1102 2827 nempe,
1142 2742 1170 2809 si
1223 2744 1336 2825 pulsus
1366 2754 1417 2806 est
1445 2765 1504 2807 sua
1534 2743 1639 2827 culpa.
1683 2743 1779 2808 Nunc
1803 2763 1880 2807 vero
1906 2763 1964 2806 nos
1991 2742 2047 2824 qui
2076 2742 2193 2824 privati

194 2849 388 2912 quaeramus
410 2828 603 2893 Dominum.
647 2829 714 2894 Eos
736 2830 823 2894 enim
847 2831 903 2912 qui
932 2831 1096 2912 specimen
1120 2830 1169 2894 iu·
1223 2848 1335 2893 sumus
1358 2829 1415 2893 illa
1436 2827 1500 2893 Dei
1530 2827 1756 2894 benedictione
1782 2848 1881 2911 quam
1910 2828 1945 2891 in
1974 2827 2119 2909 primum
2141 2848 2192 2909 pa·

195 2915 306 2980 stitiae
328 2934 405 2995 prae
428 2934 462 2977 se
486 2915 605 2988 ferunt,
629 2936 689 2980 nec
710 2915 888 2981 intendunt
919 2917 952 2979 in
983 2915 1071 2981 hunc
1100 2936 1169 2981 sco·
1223 2925 1348 2978 rentem
1362 2914 1555 2997 contulerat,
1573 2916 1608 2978 in
1622 2915 1777 2979 universo
1791 2915 1869 2978 orbo
1883 2912 2080 2985 exsulamus,
2099 2924 2193 2994 atque

195 3020 285 3083 pum,
309 3008 377 3062 tota
399 2999 454 3061 via
477 3020 587 3062 errare
607 3020 737 3064 necesse
759 3013 817 3065 εει.
856 2999 943 3066 Sunt
965 3001 1067 3083 igitur
1090 3002 1171 3065 haec
1223 3000 1343 3064 delitiis
1376 3000 1441 3064 illis
1479 3001 1658 3081 privamur.
1713 2999 1854 3064 Proinde
1887 2999 2012 3081 quoties
2044 2998 2194 3064 accidunt

196 3084 261 3148 duo
284 3085 371 3147 inter
393 3104 428 3146 se
447 3084 692 3166 coniungenda:
716 3106 842 3167 nempe,
865 3085 1010 3150 studium
1028 3086 1170 3150 iustitiae
1223 3105 1360 3169 maguae
1393 3084 1516 3164 clades,
1550 3096 1647 3167 atque
1680 3085 1857 3149 invertitur
1889 3085 1968 3149 ordo
2002 3104 2131 3166 rerum,
2163 3096 2194 3148 ει

196 3179 230 3233 et
251 3169 416 3250 inquisitio
439 3169 510 3232 Dei.
1224 3171 1342 3234 misere
1352 3179 1524 3235 vastantur
1535 3173 1645 3235 omnia
1656 3191 1694 3236 ao
1705 3171 1911 3253 dissipantur,
1925 3191 1984 3234 nos
1995 3169 2193 3235 infidelitatis

282 3255 312 3318 2.
330 3252 500 3336 (Quoaicm
516 3255 642 3318 arricum
657 3256 761 3320 oocooi
776 3254 870 3341 cum.)
891 3254 983 3320 Haeo
998 3255 1170 3337 applicatio
1223 3265 1353 3321 nostrae
1372 3276 1410 3321 ao
1432 3257 1594 3332 vitiorum,
1616 3277 1698 3340 quae
1721 3275 1840 3338 magna
1861 3265 1948 3338 sunt,
1975 3275 2097 3337 pnsum
2119 3255 2194 3320 dare

196 3341 277 3406 satis
300 3338 503 3403 demonstrat
525 3360 678 3420 quorsum
706 3341 868 3421 pertineat
889 3339 969 3405 haec
991 3342 1170 3424 prophetae
1222 3341 1460 3425 intelligamus:
1483 3362 1520 3408 ac
1543 3343 1787 3407 meminerimus
1805 3340 1894 3407 illius
1912 3342 2095 3406 sententiae
2114 3361 2193 3424 quae

195 3426 390 3501 exhortatio,
414 3445 531 3508 nempe
554 3425 594 3488 ad
618 3425 790 3507 erigendos
820 3426 948 3506 piorum
979 3427 1105 3492 animos
1134 3428 1170 3491 in
1222 3427 1256 3489 in
1289 3428 1432 3509 primum
1466 3438 1649 3509 parentem,
1689 3436 1747 3491 aut
1787 3427 1894 3509 potius
1931 3427 1966 3490 in
1999 3427 2193 3492 universum

196 3533 289 3595 spem
320 3510 464 3575 melioris
493 3517 609 3575 status.
660 3510 798 3576 Unicum
830 3531 963 3577 vocasse
991 3511 1078 3589 dicit,
1106 3534 1169 3576 non
1223 3533 1327 3596 genus
1350 3513 1529 3578 humanum
1553 3515 1620 3578 lata
1642 3525 1701 3579 est.
1741 3511 1844 3594 quue
1863 3533 1963 3594 quum
1985 3513 2021 3575 in
2044 3513 2194 3577 omnibus

197 3610 324 3664 tantum
349 3595 434 3678 quod
457 3595 564 3660 nullos
586 3616 695 3661 secum
719 3596 863 3673 haberet,
893 3617 992 3679 quum
1016 3610 1171 3663 evocatus
1223 3599 1310 3664 vitae
1344 3611 1472 3664 nostrae
1505 3600 1668 3681 partibus,
1703 3609 1774 3662 tum
1809 3618 1887 3663 vero
1919 3599 2064 3662 maxime
2095 3617 2194 3681 quum

196 3696 247 3748 est
270 3704 287 3746 e
310 3683 416 3764 patria
438 3703 512 3745 sua:
537 3680 593 3746 sed
616 3683 691 3764 quia
710 3680 874 3748 Dominus
897 3685 1004 3766 ipsum
1027 3684 1061 3748 in
1084 3694 1172 3747 terra
1222 3682 1414 3767 dissipatum
1444 3695 1541 3768 atque
1570 3706 1722 3750 eversum
1754 3684 1907 3750 ecelesiae
1936 3693 2062 3748 statum
2092 3685 2194 3748 cerui·

197 3767 356 3833 Chauaan
379 3767 498 3848 absque
528 3765 639 3832 liberis
660 3766 700 3832 ad
723 3768 874 3833 effoetum
896 3790 999 3850 usque
1020 3776 1171 3835 senectu-
1223 3791 1305 3834 mus.
1349 3770 1452 3835 Terra
1474 3771 1572 3848 enim,
1603 3791 1686 3853 quae
1708 3769 1829 3851 alioqui
1858 3770 2003 3834 omnium
2025 3771 2192 3835 bonorum

196 3864 265 3917 tem
288 3852 436 3917 habitare
458 3872 573 3935 passus
591 3865 656 3916 est:
677 3854 725 3918 ita
747 3867 783 3918 ut
801 3854 892 3918 nulla
910 3854 1069 3938 spes'ipsi
1087 3866 1173 3921 esset
1223 3876 1342 3939 genere
1365 3855 1554 3936 abundaret,
1585 3862 1696 3922 nostra
1717 3853 1814 3937 culpa
1843 3857 1876 3919 in
1904 3854 2116 3920 solitudinem
2147 3875 2194 3919 re·

197 3937 423 4019 suscipiendae
447 3937 564 4019 prolis,
593 3941 782 4020 praesertim
813 3960 914 4021 quum
943 3940 1063 4005 sterilis
1092 3961 1172 4023 quo·
1223 3940 1334 4019 decta,
1367 3941 1503 4006 ecclesia
1534 3961 1616 4023 quae
1645 3942 1763 4023 ubique
1796 3942 1926 4005 floreret
1958 3941 2068 4005 diruta
2099 3950 2196 4024 atque

197 4044 260 4107 que
283 4034 368 4088 esset
391 4022 491 4090 Sara:
525 4024 658 4088 tandem
682 4025 768 4088 filius
791 4046 876 4089 unus
900 4026 992 4107 quasi
1021 4027 1055 4089 in
1085 4026 1172 4091 orbi·
1223 4026 1378 4108 dissipata
1406 4038 1464 4091 est.
1509 4027 1646 4092 Laetitia
1667 4032 1695 4091 ει
1713 4028 1877 4111 paediam.
1922 4025 2097 4109 Significat
2125 4036 2195 4091 tan·

197 4109 276 4175 tatis
298 4107 450 4174 solatium
469 4108 536 4174 illis
555 4109 659 4185 datus,
682 4109 779 4192 paulo
798 4123 870 4192 post
885 4110 925 4175 ad
944 4114 1170 4177 mactationem
1224 4121 1291 4175 tam
1320 4113 1390 4175 lore
1420 4115 1631 4177 mutationem
1662 4121 1700 4176 ut
1731 4132 1797 4177 non
1826 4112 1964 4194 amplius
1995 4122 2107 4196 gemat
2141 4121 2196 4176 aut

196 4194 284 4260 trahi
308 4193 446 4259 videtur.
484 4196 570 4259 llum
594 4205 704 4259 tamen
727 4195 889 4260 Dominus
911 4217 1031 4280 magno
1053 4196 1171 4262 libero·
1223 4206 1443 4279 conqueratur
1466 4199 1608 4263 ecclesia.
1653 4197 1744 4262 Nihil
1766 4198 1853 4262 enim
1884 4207 2012 4279 praeter
2034 4218 2197 4263 moerores

195 4302 270 4346 rum
288 4301 426 4344 numero
445 4281 538 4344 auxit
556 4301 593 4345 ac
611 4280 829 4362 locupletavit.
862 4281 970 4362 Quam
990 4283 1173 4349 necessaria
1223 4292 1255 4347 et
1276 4284 1418 4365 gemitus
1440 4282 1476 4346 in
1497 4304 1536 4347 aa
1558 4283 1664 4348 audiri
1679 4293 1815 4366 poterat,
1839 4303 1939 4366 quum
1961 4284 2044 4348 dura
2061 4283 2197 4366 captivi·

195 4367 296 4432 luerit
315 4364 447 4430 Iudaeis
466 4366 546 4430 haec
564 4365 749 4443 consolatio,
773 4388 877 4448 nuper
894 4368 1004 4451 attigi:
1027 4373 1060 4432 et
1078 4368 1171 4433 facile
1224 4378 1290 4432 tate
1322 4378 1534 4450 premeretur.
1587 4369 1684 4436 Nune
1717 4369 1901 4434 instaurata
1931 4368 2130 4448 exsultabit,
2164 4383 2197 4433 et

197 4462 311 4518 estex
333 4451 452 4516 misero
471 4463 505 4514 et
519 4451 640 4515 infelici
656 4472 768 4516 eorum
784 4461 881 4530 statu,
898 4452 1171 4535 quemadmodum
1222 4455 1345 4537 gratias
1367 4465 1441 4536 aget
1463 4453 1551 4520 Deo:
1582 4457 1701 4537 quain
1725 4476 1761 4518 re
1783 4455 1879 4519 simul
1903 4454 2118 4539 gratitudinis
2141 4454 2194 4519 ad·

194 4538 354 4603 historiae
387 4536 468 4600 satis
498 4545 672 4616 testantur,
701 4535 855 4602 iudicare.
907 4536 1014 4602 Hodie
1044 4558 1172 4619 quoque
1222 4559 1410 4613 monemur,
1450 4551 1486 4603 ut
1525 4560 1776 4623 prorumpamus
1814 4541 1849 4604 in
1889 4539 2017 4605 landem
2058 4540 2125 4606 Dei
2165 4553 2196 4605 et

197 4623 291 4690 nobis
314 4623 348 4686 in
371 4621 432 4686 hae
450 4621 605 4687 ecclesiae
623 4620 834 4705 dissipatione
853 4624 1094 4705 pernecessaria
1111 4634 1171 4707 est,
1222 4625 1403 4708 gratiarum
1434 4627 1604 4703 actionem,
1634 4647 1736 4709 quum
1765 4626 1834 4691 eius
1862 4625 2039 4691 bonitatem
2067 4628 2194 4709 experti

196 4732 239 4776 ne
272 4709 464 4791 frangamur
492 4708 611 4771 animis
643 4708 684 4772 ob
718 4709 913 4789 paucitatem
944 4719 1105 4774 nostram:
1139 4721 1172 4774 et
1222 4730 1343 4775 sumus.

195 4795 307 4862 Deum
330 4793 496 4858 inusitatis
517 4793 621 4857 modis
652 4791 819 4858 ecclesiam
842 4814 935 4858 suam
958 4795 1170 4859 adaucturum
1307 4794 1337 4858 4.
1367 4794 1536 4880 (Attendite
1564 4798 1606 4861 ad
1635 4816 1684 4860 me
1707 4798 1823 4877 popule
1852 4796 1921 4882 mi.)
1964 4797 2037 4863 Non
2073 4797 2132 4862 abs
2162 4818 2197 4862 re

196 4901 377 4966 speremus.
422 4879 507 4943 Nam
529 4877 627 4942 huius
654 4879 700 4943 rei
730 4880 895 4962 speculum
926 4878 979 4943 hic
1007 4880 1171 4961 apertissi·
1222 4881 1283 4945 sibi
1313 4882 1409 4945 toties
1438 4880 1634 4946 audientiam
1663 4884 1735 4947 fieri
1767 4884 1849 4965 petit
1875 4882 2051 4948 Dominus.
2106 4881 2196 4950 Satis

196 4987 288 5031 mum
311 4976 345 5031 et
366 4964 603 5031 lucidissimum
621 4963 655 5027 in
677 4964 906 5043 benedictione,
928 4985 992 5047 qua
1009 4963 1170 5031 Dominus
1222 4968 1308 5031 enim
1329 4968 1517 5048 experimur
1535 4988 1632 5049 quam
1651 4970 1753 5033 simus
1773 4968 1858 5035 tardi
1875 4968 1916 5034 ad
1933 4968 2040 5051 ipsum
2060 4969 2195 5035 audien·

196 5050 352 5117 Abrahae
374 5050 416 5117 ad
438 5062 621 5115 extremum
644 5069 748 5131 usque
777 5052 904 5115 senium
936 5051 1005 5115 orbi
1035 5060 1069 5116 et
1096 5052 1170 5117 soli·
1222 5052 1309 5127 dum,
1333 5053 1524 5134 praesertim
1548 5054 1644 5118 rebus
1666 5052 1829 5119 adversis:
1852 5075 1952 5137 quum
1975 5054 2029 5119 vel
2052 5058 2196 5120 maxime

196 5136 272 5202 tarii
295 5136 437 5202 sobolem
459 5136 604 5211 adauxit,
627 5136 892 5216 contemplamur.
932 5135 1001 5201 Neo
1019 5137 1105 5201 enim
1129 5138 1169 5201 ad
1221 5138 1444 5202 consolatione
1466 5158 1548 5219 opus
1570 5155 1663 5216 esset,
1687 5160 1758 5204 eam
1782 5143 1965 5223 respuimus
1986 5141 2197 5223 impatientia

192 5221 334 5288 Iudaeos
356 5229 486 5288 tantum
508 5223 652 5306 pertinet
673 5220 737 5286 ista
755 5221 935 5302 promissio,
957 5221 1013 5288 sed
1032 5221 1073 5285 ad
1095 5221 1168 5287 reli·
1221 5234 1347 5300 nostra,
1387 5242 1424 5288 ac
1462 5223 1637 5290 deficimus.
1692 5224 1800 5290 Debet
1838 5228 1939 5310 igitur
1973 5227 2197 5310 unusquisque
