4784 5970
206 365 269 430 401
1052 367 1202 434 CAPUT
1225 367 1357 434 LXIII.
2134 373 2200 439 402

208 554 348 637 spoliare
369 555 418 619 fas
440 573 504 618 non
528 563 586 632 est,
610 577 674 619 non
691 554 801 620 licebit
817 556 868 621 val
884 555 1053 620 minimam
1071 555 1178 621 laudis
1230 555 1360 621 ralitate
1383 564 1417 621 et
1438 555 1661 635 beneficentia,
1693 577 1775 639 quae
1797 558 1940 640 profecto
1962 567 2054 623 tanta
2076 569 2133 639 est,
2162 570 2200 625 ut

208 647 334 721 partem
358 639 399 704 ad
422 638 589 704 hominem
612 639 854 707 transscribere.
1230 661 1301 705 eam
1329 663 1388 723 pro
1416 640 1575 725 dignitate
1604 642 1792 725 praedicare
1821 663 1886 708 non
1915 646 2085 725 possimus.
2128 644 2199 710 Neo

294 723 335 788 13
357 732 390 788 et
412 724 462 789 14.
485 723 565 809 (Qut
583 724 677 805 fecit.)
714 725 806 792 Haeo
827 729 868 791 ad
891 725 1176 808 amplificationem
1228 748 1308 791 vero
1332 748 1453 791 novum
1474 737 1534 805 est,
1558 736 1594 789 ut
1616 726 1727 793 fideles
1749 728 1858 793 dolore
1875 731 1978 794 coacti
1993 728 2199 795 familiariter

208 807 296 873 illius
329 809 477 875 beneficii
511 809 624 874 addita
656 822 744 876 sunt.
800 811 1042 877 Similitudines
1076 811 1175 874 etium
1228 832 1302 876 cum
1336 811 1409 876 Deo
1442 812 1651 894 expostulent
1685 813 1771 894 quod
1802 813 1929 879 viscera
1962 834 2021 879 sna
2058 814 2197 882 olaudat.

207 893 374 977 subiungit
407 896 447 959 ad
477 896 640 978 insignem
670 896 760 960 illam
791 898 947 961 virtutem
976 894 1039 960 Dei
1069 897 1176 978 expri·
1228 897 1387 962 Retinent
1409 896 1539 981 quidem
1563 898 1758 979 principium
1781 898 1878 976 illud,
1908 897 2016 964 Deum
2041 901 2117 982 quia
2139 922 2198 966 na·

206 978 368 1043 mendam.
415 980 581 1061 Tanquam
602 1001 723 1062 equum
746 982 779 1044 in
812 982 956 1047 desorto:
991 987 1026 1045 ut
1052 983 1174 1046 iumen·
1228 995 1334 1046 turam
1358 1004 1424 1047 non
1448 990 1555 1046 mutat
1576 982 1817 1048 misericordem
1840 1004 1971 1067 semper
1992 1005 2081 1049 asse:
2111 985 2197 1068 quod

208 1074 277 1128 tum
300 1065 336 1128 in
359 1065 511 1147 planitie:
533 1064 595 1131 hoc
617 1083 676 1145 est,
699 1078 766 1131 tam
789 1067 915 1148 placide
938 1067 1053 1132 eduxit
1076 1088 1174 1148 popu·
1228 1088 1305 1131 vero
1330 1068 1428 1132 talem
1451 1088 1516 1132 non
1541 1070 1764 1150 experiuntur,
1788 1072 1917 1135 tametsi
1939 1070 2108 1152 imputant
2129 1073 2198 1136 suia

205 1149 275 1213 lum
297 1172 404 1230 suum,
427 1151 514 1215 acsi
537 1151 610 1233 quis
631 1171 748 1233 equum
771 1153 806 1215 in
825 1152 994 1235 planitiem
1014 1150 1174 1217 educeret.
1226 1154 1376 1234 peooatis,
1399 1174 1441 1218 ne
1464 1166 1572 1218 tamen
1596 1152 1815 1236 desperationi
1834 1155 2056 1235 succumbant,
2079 1166 2198 1240 rogant

205 1235 321 1315 Neque
354 1237 442 1300 enim
476 1236 596 1300 deserti
630 1236 763 1301 nomine
796 1238 995 1322 intelligitur
1034 1237 1174 1302 solitudo
1226 1240 1280 1319 qui
1303 1239 1374 1302 fieri
1397 1241 1497 1321 possit
1518 1247 1554 1302 ut
1575 1239 1683 1303 minus
1706 1239 1883 1304 clementer
1911 1259 1983 1304 cum
2012 1241 2092 1322 ipsis
2120 1255 2197 1324 agat

206 1320 340 1398 Puram,
377 1322 431 1386 ubi
462 1321 677 1405 quadraginta
705 1323 801 1387 annis
833 1324 896 1387 fuit
929 1322 1082 1404 populus:
1117 1323 1173 1387 sed
1226 1322 1335 1387 Deus:
1369 1324 1435 1387 imo
1458 1325 1551 1406 quasi
1574 1324 1697 1407 ingenii
1726 1326 1777 1389 sui
1806 1325 1925 1389 oblitus
1954 1327 2038 1389 meri
2067 1330 2197 1391 tantum

205 1426 264 1487 pro
285 1408 449 1471 communi
471 1407 604 1489 linguae
626 1405 797 1473 hebraicae
820 1429 881 1472 usu
910 1409 1074 1491 significat
1103 1407 1174 1473 loca
1225 1408 1343 1491 rigoris
1366 1411 1460 1490 signa
1480 1408 1653 1473 ostendat?

205 1511 339 1572 pasena,
369 1494 402 1556 in
426 1492 542 1574 quibus
566 1512 681 1572 peoora
703 1502 736 1557 et
757 1504 905 1557 armenta
927 1494 1028 1558 libere
1050 1514 1172 1575 vagan-
1312 1494 1363 1559 16.
1392 1493 1493 1578 (Certe
1514 1498 1549 1558 tu
1564 1493 1684 1579 pater.)
1728 1494 1895 1559 Permittit
1918 1494 2010 1559 nobis
2032 1494 2124 1560 Deus
2147 1496 2195 1561 da·

206 1594 276 1640 tur:
299 1576 383 1658 quod
406 1597 446 1642 ex
469 1580 616 1658 sequenti
640 1598 738 1642 versu
762 1578 879 1642 melius
896 1579 1007 1660 liquet,
1031 1579 1085 1642 ubi
1101 1578 1172 1644 loco
1225 1578 1397 1643 miliariter
1429 1581 1554 1643 animos
1587 1588 1714 1644 nostros
1754 1599 1862 1644 coram
1902 1579 1975 1660 ipso
2015 1600 2195 1662 exponere:

205 1660 323 1725 deserti
348 1662 514 1743 planitiem
545 1662 709 1726 nominat:
744 1675 776 1726 et
804 1663 890 1727 idem
920 1683 1035 1729 sensus
1065 1684 1105 1728 ex
1135 1685 1172 1728 eo
1224 1684 1300 1728 nam
1325 1665 1429 1728 oratio
1452 1662 1534 1729 nihil
1556 1663 1645 1728 aliud
1664 1684 1762 1746 quam
1778 1664 1952 1746 explicatio
1967 1665 2075 1729 cordis
2093 1668 2196 1731 nostri

203 1746 339 1822 elicitur,
363 1747 447 1829 quod
471 1747 549 1812 dicit
573 1747 728 1830 populum
752 1747 821 1811 sine
843 1749 967 1812 oflensa
989 1749 1172 1814 ambulasse
1224 1770 1332 1815 coram
1356 1749 1427 1813 Deo
1450 1760 1508 1813 est.
1552 1749 1599 1814 Ut
1621 1748 1700 1814 haec
1722 1750 1845 1831 optima
1866 1749 1985 1813 levatio
2007 1758 2072 1828 est,
2100 1771 2196 1816 ouras

204 1852 261 1913 per
283 1833 427 1914 abyssos,
451 1844 488 1896 ut
511 1833 618 1897 solent
640 1835 715 1913 equi
738 1835 772 1896 in
796 1833 932 1898 deserto.
971 1833 1010 1897 ln
1034 1855 1170 1911 summa,
1225 1843 1367 1909 nostras,
1401 1854 1539 1916 angores
1569 1845 1601 1898 et
1628 1833 1865 1900 sollicitudines
1895 1835 1984 1898 velut
2017 1835 2053 1898 in
2085 1836 2196 1900 sinum

204 1915 294 1981 docet
316 1937 405 1981 mare
429 1916 564 1982 rubrum
586 1918 819 2000 impedimento
841 1919 1029 1984 non·fuisse
1048 1923 1172 2002 quomi-
1225 1921 1394 2001 deponere.
1441 1919 1548 1983 Volva
1571 1940 1669 2001 super
1690 1918 1870 1983 Dominum
1900 1939 1995 1984 curas
2026 1927 2114 1996 tuas,
2144 1922 2195 1985 in·

203 2023 264 2065 nus
291 2023 350 2083 per
373 2001 495 2068 medias
518 2004 651 2086 abyssos
674 2004 736 2067 iter
759 2005 878 2069 suaerat
902 2004 1056 2087 populus,
1085 2025 1123 2069 ac
1145 2006 1172 2069 si
1224 2006 1295 2087 quit
1317 2003 1425 2069 David
1448 2004 1550 2088 (Psal.
1565 2004 1617 2077 37,
1633 2002 1677 2089 5).
1711 2004 1891 2086 Postquam
1913 2004 2016 2087 igitur
2037 2005 2196 2088 propheta

202 2088 234 2149 in
259 2107 336 2169 agro
360 2087 456 2169 plano
479 2088 651 2153 incederet.
698 2087 820 2154 Nomen
844 2090 1033 2172 gloriosam:
1067 2112 1172 2171 nuper
1224 2091 1380 2155 beneficia
1401 2089 1466 2153 Dei
1490 2089 1671 2168 recensuit,
1701 2109 1741 2153 ex
1772 2089 1889 2171 quibus
1919 2090 2045 2154 bonitas
2070 2092 2140 2154 eius
2162 2100 2195 2155 et

202 2185 396 2253 perpetuum
419 2171 546 2237 dixerat
567 2172 680 2238 eodem
703 2195 809 2239 sensu.
855 2175 951 2240 Nunc
973 2175 1082 2240 obiicit
1101 2174 1171 2240 Deo
1224 2176 1369 2256 potentia
1391 2176 1472 2239 satis
1495 2183 1666 2256 perspecta
1688 2184 1748 2250 est,
1777 2179 1816 2237 ut
1838 2173 1906 2238 sola
1927 2173 2098 2237 hominum
2120 2196 2193 2258 pee-

245 2257 351 2338 pulus,
374 2257 401 2321 si
424 2258 524 2323 semel
547 2258 723 2342 gloriosum
741 2280 857 2325 nomen
874 2261 1041 2343 acquirere
1057 2261 1171 2340 voluit,
1223 2269 1296 2326 cata
1318 2260 1447 2324 obstare
1467 2267 1611 2336 constet,
1641 2258 1816 2342 quominus
1845 2278 1915 2322 eam
1946 2268 1982 2323 ut
2010 2258 2094 2322 olim¹
2119 2280 2193 2325 san·

226 2361 286 2406 anc
309 2344 337 2405 ci
360 2362 472 2406 curam
495 2342 709 2409 abiiciendam
738 2365 804 2409 non
833 2365 913 2411 esse.
959 2344 1090 2429 Alioqui
1121 2348 1170 2411 su·
1224 2346 1324 2427 tiant,
1356 2343 1396 2408 ad
1419 2344 1503 2411 hanc
1525 2344 1755 2427 cogitationem
1787 2343 1887 2420 redit,
1917 2353 2055 2407 tantam·
2075 2345 2192 2409 nihilo·

201 2440 312 2490 turum
335 2437 370 2491 ut
392 2429 549 2494 memoria
571 2429 812 2508 beneficiorum,
836 2450 917 2513 quae
939 2432 1016 2494 olim
1032 2432 1171 2496 contulit
1223 2431 1333 2495 miuus
1356 2451 1428 2495 esse
1457 2431 1634 2501 bonitatem
1656 2429 1720 2493 Dei
1750 2439 1787 2492 ut
1814 2428 1986 2493 hominum
2014 2431 2192 2512 nequitiam

201 2513 375 2594 inpetres,
399 2513 706 2595 penitusdeleatur.
1222 2527 1362 2597 superet.
1418 2517 1525 2580 Deum
1560 2525 1685 2597 patrem
1719 2525 1815 2579 vocat
1854 2512 2009 2579 ecclesiae
2048 2516 2191 2580 nomine.

288 2598 338 2662 15.
366 2597 521 2684 (Aspice.)
565 2601 743 2680 Postquam
774 2601 873 2665 totius
903 2600 1013 2684 populi
1036 2603 1169 2666 nomine
1222 2601 1290 2665 Neo
1312 2601 1399 2664 enim
1421 2601 1467 2665 sio
1490 2602 1598 2665 vocari
1621 2609 1725 2681 potest
1748 2599 1787 2662 ab
1810 2600 1975 2664 omnibus:
2006 2599 2062 2664 sed
2091 2600 2191 2665 eccle·

201 2682 313 2746 retulit
337 2683 491 2748 beneficia
513 2687 719 2766 superiorum
742 2697 933 2765 temporum,
961 2685 992 2749 id
1017 2707 1104 2751 nunc
1128 2688 1167 2751 ad
1222 2686 1289 2749 siae
1312 2684 1479 2767 singulare
1500 2684 1708 2767 privilegium
1732 2691 1782 2748 est
1804 2689 1841 2747 ut
1870 2693 2042 2765 paternum
2072 2705 2192 2749 nomen

201 2781 405 2848 praesentem
429 2789 560 2833 oausam
583 2770 813 2846 accommodat,
836 2791 873 2835 ac
897 2771 1168 2852 petitaDomino
1221 2770 1293 2834 Deo
1326 2769 1466 2835 obiiciat.
1522 2769 1617 2835 Unde
1655 2767 1872 2852 colligendum
1914 2774 1981 2848 ast,
2020 2768 2190 2834 Christum

201 2861 237 2914 ut
271 2854 430 2916 rationem
459 2853 577 2918 habeat
605 2855 716 2937 populi
745 2855 807 2919 sui.
852 2855 886 2919 Ε
909 2855 1003 2922 coelo:
1035 2856 1105 2920 vide
1131 2877 1168 2920 ec
1221 2864 1375 2936 tanquam
1411 2854 1682 2937 primogenitum,
1722 2855 1787 2916 imo
1820 2854 1953 2919 unicum
1988 2854 2051 2918 Dei
2084 2854 2191 2919 filium

199 2935 382 3002 habitaculo.
427 2938 489 3002 His
522 2940 632 3004 verbis
666 2941 828 3022 significat
860 2962 926 3005 non
960 2941 1167 3006 imminutam
1220 2960 1349 3021 semper
1371 2940 1525 3005 ecclesiae
1552 2938 1747 3023 praefuisse:
1779 2958 1840 3003 nec
1867 2939 1955 3002 enim
1983 2938 2077 3003 aliter
2100 2940 2191 3004 Deus

199 3041 270 3086 ease
284 3022 347 3086 Dei
371 3026 558 3105 potentiam,
583 3026 714 3089 tametsi
729 3024 763 3088 id
779 3046 844 3089 non
860 3046 989 3107 semper
1003 3035 1167 3108 appareat.
1220 3038 1313 3107 pater
1336 3034 1437 3106 ‘quam
1465 3045 1524 3106 per
1550 3026 1658 3106 ipsum
1688 3024 1796 3088 vocari
1829 3032 1944 3105 potest.
1997 3022 2106 3106 Atque
2137 3024 2191 3090 hio

201 3103 434 3172 Subaudienda
456 3111 543 3173 enim
566 3123 615 3175 est
637 3109 827 3186 antithesis,
858 3111 942 3192 quod
974 3123 1053 3177 tunc
1077 3112 1167 3177 Deus
1219 3131 1349 3174 rursum
1375 3108 1520 3174 videmus
1544 3130 1609 3172 non
1632 3108 1762 3191 litigare
1783 3108 1896 3172 fideles
1919 3127 1992 3172 cum
2016 3107 2102 3184 Deo,
2133 3109 2189 3173 sed

199 3193 291 3272 quasi
315 3193 446 3270 lateret,
476 3216 535 3259 nec
557 3217 591 3260 se
614 3195 711 3259 talem
735 3196 905 3261 exhiberet
927 3197 1009 3276 ipsis
1038 3197 1166 3278 qualem
1218 3195 1260 3261 ab
1288 3195 1358 3260 eius
1387 3205 1504 3259 natura
1532 3194 1736 3276 ratiocinari,
1765 3204 1801 3257 ut
1829 3194 1923 3258 vietis
1953 3195 2189 3261 tentationibus

199 3277 359 3358 patribus:
387 3279 533 3343 'llametsi
554 3301 632 3363 ergo
655 3301 815 3362 nusquam
839 3293 871 3345 te
893 3301 1073 3353 cernamus,
1096 3281 1165 3346 Do·
1218 3280 1259 3345 ad
1282 3279 1400 3344 bonam
1422 3300 1513 3361 spem
1536 3281 1693 3343 nitantur.

87 3379 90 3383 ’
198 3362 295 3437 ιιιίιιο,
317 3373 416 3444 atque
436 3364 525 3429 coelo
547 3366 693 3430 inclusus
716 3366 953 3448 quodammodo
976 3387 996 3430 a
1018 3365 1110 3432 uobis
1133 3376 1166 3431 te
1304 3364 1480 3448 (Etiamsi
1501 3362 1689 3448 Attalium.)
1734 3364 1913 3443 Quaeritur
1935 3362 1997 3438 hic,
2020 3381 2078 3426 cnr
2102 3363 2190 3428 dicat

198 3445 409 3525 subduxeris,
444 3460 482 3512 ut
514 3450 614 3514 videri
644 3472 741 3533 queas
770 3471 882 3516 curam
909 3453 1011 3516 nostri
1034 3452 1165 3533 penitus
1218 3450 1373 3533 populum
1407 3470 1426 3512 a
1459 3449 1644 3531 patriarcha
1676 3469 1741 3512 nou
1774 3451 1915 3531 agnosci.
1966 3447 2189 3530 Hieronymus

197 3530 360 3608 abiecisse,
384 3544 491 3598 tamen
516 3537 623 3618 aspice
645 3558 663 3599 e
685 3536 773 3602 coelo
796 3552 895 3618 atque
917 3558 956 3601 ex
980 3535 1164 3601 habitaculo
1218 3534 1279 3600 hoc
1312 3535 1385 3598 ideo
1419 3536 1489 3598 fieri
1524 3545 1632 3616 putat,
1668 3533 1752 3614 quod
1782 3532 1959 3615 degeneres
1989 3542 2114 3608 essent,
2152 3552 2189 3596 ao

199 3628 253 3680 tuo
276 3617 315 3681 ad
341 3618 426 3683 mala
449 3632 559 3686 nostra
582 3621 722 3687 attende.
767 3620 823 3685 Sia
845 3622 931 3684 enim
955 3621 1025 3702 pios
1050 3621 1091 3685 ab
1113 3621 1164 3684 in·
1219 3632 1391 3701 propterea
1417 3618 1546 3700 indigni
1577 3628 1668 3681 tauto
1692 3618 1830 3681 honore:
1865 3617 1921 3681 sed
1952 3616 2051 3679 nimis
2078 3627 2189 3682 coacta

198 3702 339 3776 credulis
372 3703 503 3769 differre
535 3714 662 3787 oportet
699 3718 736 3770 ut
777 3714 941 3787 potentem
984 3705 1092 3769 Deum
1132 3715 1166 3770 et
1217 3704 1300 3768 mihi
1315 3704 1447 3768 videtur
1468 3703 1525 3767 illa
1546 3703 1781 3783 interpretatio.
1816 3702 1942 3766 Sensus
1964 3711 2074 3765 autem
2089 3721 2189 3767 verus

199 3785 378 3851 beneficum
401 3801 595 3871 agnoscant,
623 3793 722 3855 etiam
753 3811 851 3873 quum
882 3789 973 3854 nulla
1002 3791 1166 3871 potentiae
1218 3800 1284 3853 est:
1317 3789 1461 3853 Tametsi
1495 3809 1553 3852 nos
1587 3788 1749 3869 abnegent
1782 3798 1892 3870 patres
1925 3787 2044 3862 nostri,
2079 3797 2189 3852 tamen

198 3881 255 3935 aut
276 3870 507 3938 beneficentiae
529 3876 623 3957 signa
646 3876 845 3959 percipiunt,
875 3883 975 3957 atque
997 3875 1043 3937 ita
1067 3878 1166 3939 etiam
1220 3895 1279 3939 nos
1304 3876 1393 3938 Deus
1420 3893 1481 3954 pro
1512 3874 1587 3936 filiis
1621 3872 1794 3937 habiturus
1826 3883 1896 3946 est,
1930 3892 2031 3953 seque
2064 3883 2189 3953 patrem

199 3977 300 4038 quum
341 3958 438 4040 longe
478 3968 623 4024 remotus
664 3969 713 4025 est
745 3960 961 4025 nihilominus
996 3961 1165 4025 invocent:
1219 3960 1313 4025 nobis
1335 3958 1522 4040 praestabit.
1567 3957 1632 4037 Qui
1656 3957 1769 4022 dicunt
1792 3956 1960 4022 Abraham
1990 3971 2023 4020 et
2050 3958 2191 4039 reliquos

197 4042 273 4122 quia
306 4063 475 4124 nunquam
497 4055 601 4109 cassat
627 4045 789 4110 Dominus
822 4066 935 4111 onram
962 4044 1082 4110 habere
1109 4065 1166 4128 po·
1220 4043 1420 4109 fideles'non
1444 4043 1563 4108 habere
1585 4043 1727 4125 amplius
1749 4064 1860 4108 curam
1889 4062 2000 4105 rerum
2030 4041 2190 4107 humana·

198 4127 266 4208 puli
295 4128 359 4204 aui,
394 4147 494 4209 quum
524 4150 584 4194 neo
613 4131 740 4195 desinat
767 4130 869 4195 ullam
897 4128 1011 4195 mundi
1040 4141 1167 4212 partem
1220 4150 1310 4205 rum,
1342 4130 1438 4193 nimis
1460 4128 1624 4193 subtiliter
1646 4127 1842 4210 detorquent
1872 4125 1973 4191 verba
2002 4126 2189 4209 prophetae.

197 4211 388 4293 gubernare.
1191 4223 1196 4361 Ι
1222 4214 1293 4297 Ego
1317 4213 1356 4277 de
1379 4215 1509 4296 reipsa
1532 4234 1596 4279 non
1627 4213 1758 4295 loquor:
1794 4210 1850 4277 sed
1881 4211 1952 4277 dieo
1980 4213 2089 4278 verbis
2117 4212 2190 4277 istis

281 4297 362 4383 (Ubi
404 4297 531 4383 zelat)
596 4300 670 4366 Hac
713 4301 969 4382 interrogatione
1015 4298 1167 4365 videntur
1220 4320 1287 4363 non
1320 4299 1467 4380 probari,
1507 4309 1638 4364 sanctos
1670 4319 1782 4363 euram
1816 4297 1919 4361 nostri
1958 4317 2024 4361 non
2056 4296 2188 4361 habere.

198 4382 434 4462 quodammodo
465 4385 578 4450 fideles
611 4385 807 4468 exprobrare
833 4386 921 4462 Deo,
955 4384 1041 4468 quod
1075 4385 1166 4450 nullo
1220 4383 1369 4466 Simplex
1392 4395 1500 4448 autem
1524 4404 1561 4448 ao
1584 4404 1683 4448 verus
1705 4403 1821 4448 sensus
1839 4392 1905 4448 est:
1929 4381 2082 4459 Domine,
2104 4382 2188 4464 quod

197 4467 261 4530 iam
294 4477 450 4550 tangatur
478 4491 515 4534 er
585 4470 673 4553 ipsos
706 4471 840 4549 affectu,
873 4479 930 4535 aut
961 4470 1091 4534 minuta
1124 4471 1166 4535 sit
1219 4478 1446 4552 paternoster
1468 4489 1511 4547 es,
1533 4467 1567 4532 id
1589 4467 1669 4533 adeo
1692 4469 1824 4532 firmum
1847 4488 1884 4533 ae
1906 4466 2021 4531 stabile
2044 4468 2122 4545 erit,
2151 4476 2189 4531 ut

197 4551 268 4616 eius
291 4555 450 4632 potentia:
478 4576 512 4620 se
557 4556 641 4622 alius
663 4564 712 4621 est
736 4556 911 4638 prophetae
933 4573 1066 4621 sensus:
1089 4575 1165 4619 nam
1219 4555 1317 4619 etiam
1348 4555 1376 4617 si
1405 4555 1457 4618 ius
1488 4553 1629 4636 patrium
1658 4554 1870 4637 cognatioque
1896 4553 2003 4616 omnis
2035 4553 2071 4615 in
2100 4560 2189 4617 terra

197 4634 269 4701 ideo
304 4638 459 4703 beneficia
491 4640 555 4704 ista
587 4640 769 4724 praeditat,
810 4641 909 4706 sicuti
940 4642 1005 4705 iam
1046 4639 1166 4718 monui,
1218 4651 1331 4715 cesset,
1355 4648 1463 4704 tamen
1485 4649 1579 4720 pater
1600 4659 1671 4703 esse
1693 4659 1756 4702 non
1779 4636 1915 4703 desinas.
1960 4637 2077 4702 Potius
2099 4638 2187 4700 enim

196 4721 282 4803 quod
306 4724 432 4806 piorum
453 4744 543 4806 spem
567 4727 599 4790 in
623 4728 769 4791 futurum
792 4728 985 4790 confirmare
1007 4725 1103 4790 velit:
1129 4736 1166 4789 ut
1219 4733 1357 4789 naturae
1379 4725 1450 4788 iura
1472 4723 1652 4799 cessabunt,
1684 4744 1781 4806 quam
1804 4737 1837 4787 te
1858 4723 1951 4786 nobis
1972 4731 2098 4803 patrem
2121 4741 2187 4786 non

197 4806 385 4890 intelligant
407 4809 516 4874 Deum
538 4811 599 4876 sibi
629 4822 786 4895 perpetuo
813 4820 979 4877 constare:
1014 4831 1074 4876 nec
1104 4831 1165 4874 un·
1218 4810 1390 4891 praebeas,
1420 4809 1473 4873 vel
1503 4806 1716 4873 labefactetur
1747 4827 1840 4873 saera
1868 4806 2017 4889 adoptio,
2046 4807 2186 4888 quaein

197 4912 295 4974 quam
319 4893 430 4976 populi
453 4895 504 4959 sui
534 4916 646 4960 curam
678 4897 898 4978 abiecturum,
928 4902 1027 4978 atque
1057 4917 1097 4959 ex
1126 4895 1166 4959 iis
1220 4905 1275 4958 tuo
1304 4893 1437 4958 consilio
1468 4892 1665 4957 immutabili
1694 4894 1846 4969 lundata,
1879 4904 1912 4956 et
1937 4891 2099 4974 unigeniti
2128 4891 2187 4956 filii

196 4996 278 5058 quae
300 4987 482 5059 sequuntur
503 4981 581 5045 eatis
602 4980 770 5064 patebunt.
806 4979 1044 5046 Maltiladioem
1066 4982 1166 5044 nisce
1220 4979 1267 5044 tui
1290 4989 1393 5042 morte
1415 4977 1541 5042 sancita
1562 4986 1621 5042 ast.
1666 4978 1799 5042 Interea
1825 4976 1977 5060 colligere
2002 4997 2186 5059 possumus,

196 5080 270 5126 rum
293 5070 326 5128 et
340 5063 636 5130 misericordiarum
652 5068 769 5149 accipit
785 5087 844 5149 pro
859 5067 986 5151 ingenti
1001 5064 1065 5129 Dei
1078 5066 1166 5130 boni·
1218 5073 1347 5130 sanctos
1369 5063 1518 5128 homines
1540 5063 1586 5126 ita
1607 5084 1643 5128 se
1671 5063 1788 5128 offerre
1811 5064 1881 5127 Deo
1910 5083 1947 5126 ac
1976 5063 2120 5144 precari,
2149 5072 2187 5126 nt

196 5151 278 5212 tate:
319 5170 395 5212 nam
428 5148 591 5216 Dominus
624 5152 765 5234 explicat
798 5151 892 5215 nobis
925 5149 1165 5232 quodammodo
1218 5149 1327 5213 nullas
1360 5149 1496 5212 aliorum
1530 5148 1781 5214 intercessiones
1810 5157 1965 5228 spectent.
2017 5145 2075 5212 Sio
2097 5147 2186 5213 enim

195 5231 322 5298 viscera
343 5255 412 5308 sua,
435 5245 469 5300 et
490 5236 641 5315 effundit,
665 5257 766 5318 quum
789 5257 846 5301 nos
868 5237 1073 5318 prosequitur
1087 5235 1164 5299 libe·
1218 5254 1312 5298 orare
1335 5232 1506 5310 iubentur,
1536 5243 1574 5297 ut
1595 5244 1749 5314 paternae
1772 5232 1836 5296 Dei
1861 5231 2051 5297 clementiae
2072 5234 2185 5300 confisi

299 5339 411 5393 cavans
426 5353 519 5406 opas.
553 5337 612 5393 aa.
629 5337 793 5393 marr.
1947 5332 1982 5386 aa
