1463 1656
227 170 248 186 9⁹
667 170 691 187 IN
703 170 787 187 Issum

227 220 245 234 et
255 222 324 234 vacuum
336 217 394 234 tuisse:
405 217 444 238 quis
455 217 495 233 nihil
507 218 551 234 reete
559 217 633 234 oblatum
644 220 675 233 est:
687 217 716 234 sed

228 239 282 255 omniu
291 240 367 259 corrupta
377 242 393 255 et
402 239 477 259 insipide.
491 239 573 255 Continuo
583 242 620 259 post
628 239 716 259 amplifi-»t

228 260 307 281 propheta
318 260 416 281 gravitatem
429 260 468 276 mali
483 261 535 280 istius,
550 260 593 281 quod
604 265 636 276 non
651 263 716 276 tantum

228 282 297 303 populu·
308 281 377 298 defuerit
389 282 441 298 offleio
452 287 487 301 suo,
501 287 531 298 nec
542 287 559 298 se
570 281 606 298 Deo
621 282 716 298 subiecerit:

228 304 268 324 quin
279 304 312 319 imo
323 303 377 319 Deum
389 303 419 319 sibi
430 303 510 320 subiicere
524 306 592 319 conatus
607 303 634 323 sit,
648 306 667 319 ut
681 303 716 319 eius
729 313 730 316 ,

228 324 310 341 voluntati
321 328 350 340 nut
361 325 415 345 potins
431 324 494 341 libidini
509 325 600 341 inserviret.
625 324 658 344 Qui
673 324 716 340 hunc
728 328 729 333 ¹

228 346 282 363 loeum
294 345 314 362 de
325 346 392 362 Christo
403 349 493 367 exponunt.
505 351 570 362 sensum
582 346 671 366 prophetae
682 349 715 362 ter-

228 370 287 388 quent:
304 372 353 388 quare
370 367 459 388 simplicior
475 367 516 383 mihi
533 367 597 383 videtur
612 367 652 383 haec
666 368 715 383 inter-

228 389 302 410 pretatio.
319 388 430 409 Conqueritur
441 389 485 405 enim
495 389 575 405 Dominus
587 389 630 409 quod
642 389 715 405 homines

229 415 266 427 eum
277 410 347 431 pennatis
357 411 391 426 suis
402 410 488 426 molestum
503 415 544 426 onus
559 410 613 426 subire
628 411 715 431 coegerint,

229 432 256 452 qui
274 434 329 448 tamen
344 434 438 447 reverenter
455 436 472 447 se
489 432 504 447 ei
521 431 600 448 subiicere
617 431 714 448 debuissent.

228 453 270 469 Nam
282 458 332 473 quum
345 453 444 474 insurgimus
456 453 533 469 adversus
545 453 604 472 Deum,
619 458 655 469 eum
669 453 715 474 quasi

228 480 295 491 servum
313 474 395 494 protervia
411 477 427 490 et
444 474 534 495 petulantia
552 477 608 490 nostra
627 474 714 490 reddimus.

228 496 265 512 Eoo
276 498 330 511 autem
342 495 401 512 melius
412 496 483 516 exponit,
498 501 548 516 quum
563 496 586 511 ait
598 501 615 512 se
629 496 715 512 lahorasse:

229 517 245 533 id
257 520 287 537 est,
300 517 345 532 varia
357 517 410 533 taedia
421 517 507 533 devorasse
522 517 542 533 ob
556 517 644 538 nequitiam
660 518 715 538 populi

229 539 259 554 sui.
282 538 338 559 Ipsum
350 538 393 554 euim
407 538 524 559 quodammodo
535 538 640 555 vulneramus
651 542 666 555 et
678 544 714 555 eon-

229 560 303 580 figimus,
321 562 339 575 ut
355 560 408 580 inquit
423 560 501 581 propheta
515 560 570 581 (Zach.
583 560 608 579 12,
620 560 652 581 10),
665 565 715 581 quum

229 581 322 601 respuimus
332 581 383 601 ipsius
395 586 455 601 vocem,
466 586 519 602 neque
528 581 548 597 ab
557 586 575 597 eo
587 582 621 602 regi
633 586 663 598 nos
674 582 715 602 pati-

229 608 271 619 mur.
298 602 375 619 Alludere
391 606 445 618 autem
460 603 524 619 videtur
540 603 560 618 ad
577 603 593 619 id
611 603 652 623 quod
670 603 715 623 prius

230 624 294 640 dixerat
311 624 331 640 tle
348 624 401 640 taedio
416 624 441 640 vel
457 624 530 640 molestia
545 625 599 644 populi
615 625 632 640 in
648 624 715 640 eolendo
728 628 729 633 ¹

230 645 270 661 Deo.
294 645 335 661 Nam
347 651 366 661 ex
379 645 446 661 adverso
458 649 526 661 testatur
537 646 582 661 Deus
593 646 653 662 multas
664 646 694 662 sibi
706 651 715 662 a

230 667 289 687 populo
301 667 382 683 molestias
394 667 475 683 exhibitus
487 667 540 683 fuisse.

272 688 298 704 25.
310 688 355 709 (qu,
366 693 392 709 eya
401 688 448 709 sum.)
468 688 503 704 Hoe
512 687 636 708 epiphonemate
645 689 715 709 priorem

230 710 327 726 sententiam
344 709 430 725 concludit.
456 709 480 725 Ac
496 710 509 725 si
524 709 590 728 diceret,
604 715 621 725 se
636 710 671 726 iure
686 715 715 726 sne

230 736 277 752 posse
293 731 364 751 gloriari,
379 731 420 751 quud
436 731 529 751 iniquitates
545 731 599 751 populi
617 731 641 747 sui
658 731 715 750 deleat,

230 757 300 773 eumque
311 752 328 768 in
339 752 431 768 libertatem
440 752 518 768 vindicet:
531 752 576 768 nullu
585 752 628 768 onim
637 758 671 769 esse
683 758 715 769 me-

230 774 266 792 rite,
277 773 335 794 quibus
345 773 360 789 id
370 773 457 798 impetrare
467 774 523 794 possit:
535 774 666 794 quandoquidem
678 780 715 795 gra-

230 821 269 833 vsro
280 817 323 833 idem
335 817 398 837 repetit,
410 819 429 832 ut
440 816 575 837 ingratitudinem
586 816 671 833 hominum
683 822 716 833 ma-

230 838 255 859 gis
266 838 340 859 castiget,
351 838 378 858 qui
390 838 410 854 ad
422 843 439 854 so
451 843 507 858 rapere
516 843 563 854 suom
574 839 621 854 unius
633 838 716 858 honorem,

230 862 258 875 aut
269 859 328 880 quovis
339 859 386 875 modo
397 859 484 875 obscurare
496 859 552 875 solent.
575 863 604 876 mn
616 859 716 875 demonstra-

230 881 282 897 tivum
294 883 319 897 est
331 881 366 897 loeo
377 880 481 899 substantivi,
494 884 512 896 ut
523 886 571 901 saepe
583 880 628 897 alias.
649 881 716 901 Frigido

230 907 248 918 aa
260 902 311 918 dilate
322 902 404 922 accipiunt
415 902 505 923 prophatae
516 902 566 918 verba
580 902 608 922 qui
619 901 673 918 Deum
685 902 716 918 sibi

230 924 255 940 ius
272 927 288 940 et
303 926 400 944 potestatem
418 928 490 939 asserere
506 925 565 944 putant
581 923 599 939 in
616 923 717 940 remittendis

230 945 309 966 pennatis:
325 945 362 965 quie
374 945 428 965 potius
440 950 485 961 suam
497 944 624 960 misericordiam
636 944 671 960 aliis
682 950 715 961 om-

231 967 279 983 nibus
290 967 342 983 nausis
353 966 426 987 opponit.
441 966 486 986 quasi
501 968 568 986 negaret
583 965 648 982 aliunde
663 971 680 982 se
691 966 716 982 in·
730 972 731 979 w

231 988 268 1004 duci
279 993 308 1004 cur
318 991 383 1008 peecata
395 988 474 1003 remittat:
486 987 514 1003 sed
524 989 619 1003 contentum
628 992 663 1003 essa
673 992 717 1003 mera
730 997 731 1000 ,

231 1014 261 1026 suo
273 1009 348 1028 bonitate,
360 1009 427 1029 ideoque
439 1009 465 1025 vel
477 1009 544 1029 meritisy
560 1008 585 1024 vel
599 1008 636 1024 ullis
650 1009 717 1029 piaculis

231 1035 316 1051 perperam
328 1030 397 1046 adscribi
409 1030 543 1050 redemptionem,
554 1030 600 1046 euius
611 1030 646 1050 ipse
657 1030 718 1050 gratui-

231 1054 258 1068 tus
269 1055 294 1068 est
306 1055 357 1068 autor.
381 1051 450 1068 Summa
462 1051 493 1067 bue
504 1051 561 1070 tendit,
573 1051 670 1071 sperandum
683 1056 717 1067 esse

231 1073 302 1090 reditum
314 1073 373 1093 populo
385 1078 417 1089 non
428 1073 460 1089 alia
473 1073 493 1088 <le
507 1078 560 1090 eausa.
576 1073 607 1088 nisi
623 1073 661 1093 quia
672 1072 718 1088 Deus

231 1095 283 1116 gratis
294 1095 367 1115 ignoscet
378 1095 453 1115 peccatis,
465 1098 481 1110 et.
489 1094 576 1110 clementis
588 1099 618 1109 sua
629 1094 672 1110 ultro
683 1094 717 1114 pla·

231 1120 277 1133 natus
294 1119 377 1136 paternam
394 1121 461 1132 manum
478 1115 554 1136 porriget.
579 1114 612 1131 Hie
628 1115 683 1136 egitur
698 1115 718 1131 de

233 1138 328 1154 remissione
342 1140 449 1158 pennatorum.
472 1136 564 1152 Videndum
581 1141 614 1156 qua
628 1136 717 1153 occasione.

231 1159 266 1175 Nec
277 1159 320 1175 euim
332 1158 398 1174 dubium
408 1159 446 1179 quin
457 1158 536 1179 propheta
545 1158 634 1178 gratuitam
644 1158 717 1178 redemp-

232 1181 293 1197 tionem
310 1180 343 1196 fore
360 1180 445 1200 significet.
473 1179 581 1195 Remissiunis
599 1179 648 1199 igitur
665 1179 718 1199 potius

232 1207 280 1223 quam
298 1201 413 1222 redemptionis
430 1201 529 1217 mentionem
547 1200 591 1216 faeit:
612 1200 651 1220 quia
668 1205 717 1220 quum

232 1223 288 1244 gravis
300 1228 351 1244 poena
362 1223 434 1243 ipsorum
447 1222 516 1243 peccatis
524 1222 586 1238 inflists
594 1224 641 1240 esset,
654 1221 718 1237 veniam

233 1245 278 1266 prius
289 1244 324 1260 dari
336 1249 402 1260 necesse
412 1247 447 1260 erat
456 1249 504 1264 quam
516 1243 629 1259 liberarentur.
648 1242 718 1259 Causam

233 1267 277 1282 enim
289 1265 341 1282 morbi
353 1265 386 1281 tolli
399 1268 467 1286 oportet.
482 1265 495 1281 si
507 1264 581 1280 morbum
593 1264 646 1285 ipsum
662 1269 718 1280 aurare

232 1288 307 1306 velimus.
316 1290 333 1303 et
340 1287 416 1307 quamdiu
425 1287 473 1302 durat
482 1287 507 1302 ira
515 1286 587 1304 Domini.
597 1285 659 1301 tamdiu
669 1285 718 1301 etiam

233 1309 298 1330 flagella
309 1309 395 1325 durabunt.
418 1308 467 1324 Prius
478 1308 528 1328 igitur
541 1312 577 1323 eam
592 1307 669 1327 mitigari.
684 1311 719 1330 uos-

233 1336 264 1351 que
280 1330 315 1346 Deo
332 1330 432 1346 reconciliari
448 1334 512 1345 neeesse
529 1331 558 1348 est,
576 1333 624 1349 quam
639 1333 649 1343 a
664 1332 719 1348 poenis

233 1351 325 1368 liberemur.
348 1352 402 1372 Atque
418 1351 459 1367 haec
475 1350 550 1371 loquendi
567 1350 619 1365 forma
632 1349 719 1369 diligenter

233 1373 305 1389 notanda
316 1375 345 1392 est,
356 1372 435 1388 adversus
445 1372 523 1393 puerilem
532 1371 642 1391 sophistarum
653 1370 719 1386 distinc-
733 1374 734 1380 ¹
787 1390 790 1393 Δ
810 1391 813 1393 -

233 1395 299 1414 tionem,
314 1394 342 1415 qui
356 1394 417 1410 remitti
432 1394 497 1414 quidem
512 1398 522 1409 a
534 1393 569 1409 Deo
587 1392 652 1412 culpam
669 1392 720 1411 siunt,
733 1394 734 1405 1
746 1391 850 1406 stultissimos
867 1396 902 1407 esss
919 1391 994 1408 ostendit.

728 765 729 768 ¹
743 761 826 777 recumbat
842 761 859 776 in
876 766 920 776 mera
937 761 968 777 Dei
986 761 1061 777 bonitate.

728 788 729 792 ¹
742 787 791 803 opera
802 787 831 798 sun
840 782 934 802 respiciunt,
946 782 1033 798 identidem
1044 782 1124 801 vacillare,
1135 785 1152 798 et
1161 782 1228 798 tandem

230 800 297 811 V¹⁸⁵¹m⁸
313 800 369 816 P⁰e¹¹¹1
385 800 417 811 '¹²¹⁰
432 800 470 811 V²¹⁰
487 796 535 811 0¹¹¹l⁰
549 795 608 816 d¹gm¹⁸
625 798 664 812 ⁸¹⁸²*
687 796 716 812 33⁸
728 798 729 813 l
742 803 828 824 desperaro
839 809 904 819 neccsse
916 807 949 820 est:
964 804 1002 824 quin
1015 804 1046 819 nisi
1057 809 1085 820 eos
1097 804 1162 820 deludat
1173 809 1229 820 crassa

729 855 730 858 =
743 846 762 862 de
774 851 829 862 amore
841 846 870 862 Dei
888 846 969 867 ambigere
986 850 1037 867 coget.

1197 170 1229 187 100

742 217 770 233 sed
787 218 844 238 poenis
859 217 991 234 satisfaciendum
1006 222 1042 233 esse
1054 217 1158 234 eontendunt.
1185 217 1229 234 Hine

741 239 865 258 satisfactiones,
876 238 994 259 indulgenti-o,
1006 239 1118 259 purgatorium
1133 242 1149 255 et
1163 239 1229 255 influit·

741 260 773 276 alio
784 263 875 276 commenta
886 260 984 281 prodierunt.
1007 260 1090 281 Propheta
1100 265 1138 277 vero
1149 260 1170 276 de
1181 260 1229 281 eulpa

742 281 776 298 sols
788 287 820 297 non
832 281 908 302 loquitur,
922 281 950 298 sed
965 281 1061 297 nominatim
1078 282 1097 298 de
1114 287 1170 302 poena.
1187 287 1229 302 quae

742 303 835 322 remittitur,
845 303 888 324 quod
896 303 968 324 gratuito
977 305 1043 323 pennata
1050 303 1117 319 remissa
1124 304 1162 319 sint.
1180 303 1228 323 Quod

742 324 802 341 elarius
811 324 909 345 exprimitur
919 324 974 340 addita
983 324 1063 345 particula
1071 326 1135 345 prqxer
1143 330 1172 341 me.
1188 325 1228 341 Ger-

741 348 776 361 tum
788 348 813 362 est
824 346 900 362 omuibus
911 346 973 362 meritis
985 346 1027 362 haue
1040 346 1151 366 exceptionem
1162 346 1228 367 opponi,

741 367 795 383 Deum
807 367 882 383 videlicet
893 368 972 383 rationem
983 367 1040 386 nostri.
1051 370 1079 383 aut
1090 367 1140 384 ullius
1151 367 1175 384 rei
1187 373 1228 388 quae

741 389 758 404 in
770 389 817 404 nobis
828 388 850 404 sit
861 394 895 404 non
907 389 970 407 habere,
983 391 1001 404 ut
1012 391 1078 409 peccata
1089 389 1135 405 nobis
1146 389 1227 405 remittat:

741 410 769 426 ssd
787 410 858 426 bonitate
874 415 903 426 sua
921 413 984 426 tantum
998 410 1018 425 ad
1033 409 1050 426 id
1065 410 1131 431 impelli.
1156 410 1199 427 Nam
1214 410 1228 427 si

741 434 832 452 respectum
842 431 910 448 haberet
919 432 976 450 nostri,
984 431 1101 451 quedammodo
1109 431 1172 448 debitor
1181 435 1228 451 esset,

741 458 771 469 net
780 453 852 473 gratuita
859 455 903 469 esset
910 453 988 469 remissio.
1007 453 1066 473 Itaque
1074 453 1117 474 apud
1124 453 1228 470 Ezechielem

741 474 839 495 exprimitur
850 474 949 490 antitheton:
962 474 998 490 Non
1011 477 1076 494 propter
1088 479 1116 490 vos
1127 474 1157 491 hoe
1169 475 1228 491 feei-m

741 495 798 512 domne
815 495 872 514 Iacob.
893 495 921 512 sed
941 498 1008 516 propter
1025 501 1056 512 me.
1083 495 1132 512 Unde
1148 497 1228 517 sequitur,

742 517 794 533 Deum
810 517 840 533 sibi
854 520 927 533 autorem
944 521 984 535 esse.
1001 519 1018 533 et
1035 517 1078 533 ultro
1092 517 1112 533 nd
1129 518 1228 534 remittenda

742 541 806 559 peecata
817 543 923 559 propensum:
935 538 973 558 quia
984 538 1001 554 in
1011 538 1106 555 bominibus
1117 544 1183 555 oausam
1196 544 1227 555 non

741 560 805 580 reperit.

783 589 828 611 (Ideo
840 590 951 611 peecatorum.)

741 616 777 627 rum
789 611 851 627 addidit
874 611 946 632 ropheta,
958 611 985 632 qui
997 611 1092 627 delietorum
1107 616 1174 627 suorum
1189 617 1227 628 eon-

741 632 808 649 seieutia
825 633 840 648 in
870 633 988 653 esperationem
1006 638 1053 648 ruere
1069 633 1128 654 alioqui
1145 636 1227 653 poterant.

741 654 830 674 Propterea
844 654 887 674 ipsos
899 654 915 669 in
931 654 1014 670 meliorem
1029 659 1074 674 spem
1090 654 1113 670 eri
1126 655 1143 673 it,
1158 657 1174 670 et
1190 659 1227 670 oon-

741 675 796 691 flrmat
807 675 823 691 iu
833 675 864 691 ista
873 675 938 691 fiducia:
951 680 1013 695 nempe,
1023 676 1086 691 tametsi
1096 675 1112 691 in
1125 675 1158 696 igni
1169 680 1228 695 esseut,

742 700 796 712 tamen
808 697 913 712 remissurum
924 697 963 717 ipsis
974 700 1043 717 peccata,
1056 696 1124 718 indeque
1133 702 1159 713 eos
1169 697 1228 713 liberu-

742 721 802 734 tnrum.
818 718 861 734 Hinc
871 718 915 734 utilis
925 718 998 734 doctrina
1007 718 1098 738 colligenda
1107 723 1136 737 est,
1146 719 1228 734 nemiuem

742 740 802 755 scilicet
814 739 833 755 de
844 739 948 760 impetranda
959 739 1007 755 venia
1015 744 1077 755 certum
1087 745 1122 756 esse
1133 745 1184 760 posse,
1197 740 1229 756 nisi

1089 761 1122 777 Eos
1139 761 1184 777 enim
1201 761 1228 782 qui

973 589 1009 605 Hos
1020 589 1040 605 ad
1055 590 1182 606 consolationem
1194 591 1228 610 pio-

743 825 838 846 hypoorisis,
847 830 911 845 semper
920 828 992 841 occurret
1001 825 1034 841 illis
1043 831 1073 841 sua
1082 825 1176 846 indignitas,
1187 830 1229 846 quse

1062 846 1109 866 Quod
1124 849 1179 863 sutem
1198 848 1228 863 mi-

743 868 789 884 nistri
801 872 865 888 quoque
877 871 941 888 peccata
953 868 1035 884 remittere
1047 868 1128 888 dicuntur,
1145 873 1182 885 num
1198 869 1229 885 hoe

742 889 778 905 loco
789 894 821 904 non
834 891 902 913 pugnat,
917 889 993 909 quoniam
1010 892 1058 906 testes
1073 893 1112 906 suut
1128 890 1176 906 huius
1192 895 1229 911 gra-

729 921 730 924 ,
743 910 793 926 tuitne
809 910 913 926 remissionis.
935 910 1012 931 vulgaris
1028 911 1110 927 distinctio
1125 914 1158 931 est,
1174 911 1229 928 Deum

742 931 814 952 potentis
824 937 853 947 sua
861 932 944 947 remittere
954 935 1023 952 peecata.
1033 933 1116 948 ministros
1125 938 1169 952 vero,
1182 933 1229 949 mini-

742 952 833 969 sterialiter.
856 952 888 969 Sed
900 958 950 973 quum
961 958 980 969 ea
991 953 1073 970 distinctio
1082 954 1149 970 minime
1158 954 1230 975 explicet

743 974 830 994 prophetae
847 978 921 993 mentem,
939 975 1026 990 tenendum
1044 978 1068 991 est
1085 975 1129 996 quod
1146 976 1229 995 admonui.

742 995 796 1011 Deum
808 1001 840 1011 non
850 996 898 1011 modo
907 1001 936 1016 pro
945 996 1013 1016 imperio
1024 997 1108 1013 remittere
1120 999 1190 1017 peecata,
1201 997 1229 1013 sed

743 1017 821 1037 quidquid
838 1017 935 1037 sperandum
951 1020 976 1033 est
992 1018 1070 1034 bonorum
1085 1018 1135 1034 fluere
1150 1023 1171 1034 ex
1185 1019 1230 1035 fonte

743 1043 796 1054 merae
808 1038 843 1054 eius
854 1038 960 1054 liberalitatis.
980 1038 1008 1055 Sic
1019 1042 1073 1055 autem
1085 1039 1167 1056 Dominus
1178 1045 1230 1056 evan-

743 1059 780 1080 gelii
796 1059 930 1080 praedicationem
948 1063 995 1080 atque
1009 1060 1044 1076 eius
1061 1061 1144 1077 ministros
1159 1062 1230 1082 ornavit,

743 1083 761 1096 ut
773 1081 837 1101 plenam
849 1081 878 1096 sibi
891 1081 994 1097 autoritatem
1006 1083 1102 1098 reservaret.

786 1114 812 1130 26.
823 1114 884 1135 (Reduc
893 1114 931 1130 mihi
940 1115 957 1131 in
966 1116 1066 1136 memoriam.)
1087 1116 1130 1136 Quis
1139 1122 1171 1132 uon
1182 1117 1230 1134 fseile

744 1136 802 1156 corrigi
820 1139 872 1156 potest
889 1136 972 1152 hominum
992 1137 1075 1158 superbia,
1095 1137 1178 1154 Dominus
1200 1138 1231 1155 hoe

744 1160 858 1177 argumentum
870 1160 924 1177 urget:
937 1163 956 1174 ss
967 1158 1040 1178 pluribus
1052 1159 1117 1178 insistit,
1129 1162 1148 1175 nt
1158 1159 1231 1176 Iudaeos

745 1179 806 1194 deiecta
823 1178 867 1194 omni
887 1184 952 1198 operum
973 1180 1032 1196 fiducia
1051 1180 1145 1197 humiliores
1166 1181 1230 1198 reddat.

744 1199 802 1215 Defert
812 1202 865 1215 nutem
877 1200 900 1216 eis
911 1200 1001 1216 libertatem
1013 1202 1077 1221 quidvis
1087 1202 1150 1218 dicendi
1162 1207 1181 1218 ao
1194 1208 1231 1223 pro-

745 1220 811 1239 ferendi,
824 1223 841 1236 ut
851 1226 915 1237 causam
927 1222 957 1242 ipsi
967 1227 1012 1238 susm
1024 1223 1097 1242 probent,
1109 1223 1140 1239 nisi
1151 1229 1169 1239 se
1178 1224 1231 1241 vieto·

745 1242 831 1258 fateantur.
852 1242 884 1258 Per
895 1243 1014 1259 eoncessionem
1026 1244 1056 1260 sibi
1068 1244 1084 1260 iu
1096 1245 1192 1261 memoriam
1205 1251 1231 1262 re-

745 1263 799 1279 votnri
811 1263 859 1282 iubet,
870 1268 889 1279 ae
898 1264 911 1280 si
921 1263 988 1280 diceret:
1000 1264 1018 1281 Si
1030 1265 1126 1282 obliviosum
1138 1271 1164 1282 ms
1176 1269 1231 1287 putas,

746 1289 795 1300 nerra
806 1287 823 1300 tn
834 1285 876 1305 ipss:
891 1285 915 1301 fac
929 1289 947 1301 ut
958 1286 1057 1306 reminiscar,
1068 1287 1082 1302 si
1094 1287 1133 1307 quid
1145 1287 1183 1304 boni
1196 1293 1231 1309 pro-

746 1306 787 1321 ferro
798 1308 849 1325 potes.
871 1306 919 1322 Habe
930 1306 982 1322 locum
994 1307 1062 1326 dicendi,
1077 1313 1107 1329 ego
1121 1309 1182 1325 tseebo.
1206 1310 1231 1326 Ae

746 1327 797 1342 forms
808 1327 871 1347 quidem
883 1328 914 1343 ista
926 1327 1000 1348 loquendi
1014 1330 1066 1349 magis
1080 1330 1147 1346 insultat
1158 1330 1231 1347 homini-

746 1348 780 1367 bus,
792 1353 839 1368 quam
852 1348 865 1364 si
877 1348 893 1364 id
904 1349 946 1369 quod
958 1354 983 1365 res
994 1349 1043 1366 habet
1054 1355 1098 1367 more
1113 1357 1142 1368 suo
1156 1357 1231 1372 pronun·

746 1369 798 1385 tinret.
821 1369 900 1386 Homines
911 1370 953 1386 enim
970 1375 1019 1390 quum
1030 1372 1091 1392 aliquid
1103 1372 1134 1389 sibi
1145 1375 1231 1394 arrogent,

1020 1392 1061 1408 Nam
1078 1394 1108 1410 etsi
1125 1394 1193 1411 libertas
1207 1395 1232 1412 eis
