4784 5970
197 363 260 428 345
1059 363 1210 430 CAPUT
1232 360 1325 428 LIX.

2121 364 2185 431 346

198 572 218 615 ι
239 552 403 616 communi
425 561 528 627 reatu,
551 571 615 633 quo
638 552 719 616 alios
741 552 844 635 magis
866 565 1042 636 pungeret:
1070 572 1166 628 nunc,
1219 550 1310 615 nobis
1331 549 1410 630 ipsis
1429 549 1609 614 reiecimus.
1644 551 1686 615 Ia
1698 549 1815 630 paea,
1839 550 1899 615 boe
1917 567 1975 632 est,
1993 555 2026 617 in
2045 553 2183 637 publioo.

198 647 237 701 ιιι
266 654 398 702 omnem
430 637 654 719 exceptionem
687 637 797 713 tollat,
831 657 866 702 se
899 638 1006 720 ipsum
1040 658 1167 721 quoque
1218 635 1309 700 Loca
1336 635 1423 699 enim
1452 634 1602 718 designat
1628 638 1663 700 in
1693 635 1810 718 quibus
1837 638 1957 703 iudicia
1987 641 2185 705 exerceban-

198 722 346 788 involvit.
1191 724 1194 746 ¹
1218 733 1286 784 tur:
1317 741 1380 802 quo
1402 722 1564 802 significat
1587 742 1651 786 non
1674 722 1819 804 privatos
1842 722 1999 803 quosdam
2024 724 2185 791 duntaxat

285 808 334 874 13.
357 806 486 893 (Inique
508 806 650 893 epimae.)
694 807 863 887 Quasdam
886 807 940 873 hio
961 815 1166 891 peecatorum
1217 816 1385 888 corruptos
1409 805 1517 882 fuisse,
1547 808 1604 870 sed
1626 816 1730 871 totum
1754 809 1865 890 populi
1886 820 2008 874 statum
2031 810 2109 876 adeo
2132 811 2185 876 de·

170 925 172 929 ⁴
199 894 323 977 species
344 903 524 973 enumerat,
547 904 582 958 ut
605 893 759 975 populum
782 893 1009 959 vehementius
1031 894 1071 958 ad
1094 916 1167 980 pec·
1218 901 1390 974 pravatnm
1413 901 1449 955 nt
1471 891 1555 956 nihil
1578 893 1697 977 integri
1720 902 1911 975 superesset.
1948 895 2032 960 Nam
2055 898 2082 961 si
2105 897 2186 961 vitia

198 979 260 1044 eati
294 979 345 1044 sni
378 980 544 1044 notionem
578 978 776 1043 exstimulat.
821 979 893 1045 Hoc
922 986 1030 1045 autem
1061 979 1166 1044 simile
1218 977 1378 1059 quaedem
1400 986 1539 1060 regnent
1561 979 1593 1042 in
1622 979 1733 1061 plebe,
1766 979 1899 1043 remedii
1927 979 2048 1064 aliquid
2077 981 2186 1046 afferri

197 1072 349 1147 portento
371 1075 438 1140 eet,
468 1065 619 1130 homines
641 1065 817 1148 castigatos
839 1087 876 1130 ac
905 1086 1007 1148 paene
1037 1066 1165 1130 attritos
1217 1071 1334 1144 potest,
1357 1063 1512 1145 quamdiu
1532 1075 1582 1128 est
1611 1064 1729 1128 iudicio
1759 1064 1865 1128 loeus:
1899 1068 1982 1147 quod
2014 1068 2043 1133 si
2072 1089 2186 1131 eversa

199 1168 296 1213 manu
320 1149 400 1233 Dei,
430 1151 597 1234 superbire
628 1150 750 1229 adhuc,
781 1162 879 1232 atque
908 1153 954 1216 ita
983 1152 1166 1234 pervicaces
1217 1155 1275 1212 aut
1297 1160 1450 1231 corrupta
1466 1150 1532 1214 sint
1550 1147 1678 1231 iudicia,
1701 1151 1848 1232 sequitur
1865 1153 1976 1216 omnia
1992 1154 2186 1238 contagione

197 1255 267 1300 esse
290 1244 326 1298 ut
347 1236 434 1301 flenti
457 1245 628 1318 nequeant,
651 1255 710 1299 neo
732 1255 830 1300 sensu
854 1237 976 1319 peccati
994 1236 1165 1301 suihumi·
1217 1234 1397 1298 universali
1420 1234 1538 1300 inlecta
1556 1255 1636 1298 esee.
1669 1235 1853 1299 Licentiam
1872 1255 2000 1318 qnoque
2018 1239 2185 1320 impunem

198 1320 327 1385 lientur.
371 1321 530 1405 Flagellis
551 1324 638 1386 enim
666 1326 699 1386 et
720 1321 824 1404 plagis
847 1323 997 1387 duritiem
1021 1333 1165 1387 nostram
1218 1323 1317 1398 notat,
1339 1318 1424 1401 qnod
1446 1318 1554 1402 palam
1577 1321 1733 1385 scelerate
1755 1340 1850 1404 agere
1873 1343 1937 1386 non
1961 1323 2095 1406 pudeat,
2126 1346 2186 1390 neo

197 1405 344 1471 emollire
376 1416 516 1473 oonatnr
548 1407 724 1472 Dominus:
765 1428 863 1489 qnnm
898 1408 980 1472 nihil
1021 1407 1167 1473 alliciunt
1217 1404 1321 1469 lucem
1344 1416 1377 1468 et
1400 1404 1569 1469 hominum
1591 1406 1699 1471 oculos
1722 1405 1895 1489 refugiant.

196 1493 443 1574 castigationes,
477 1493 660 1576 deploratos
682 1513 752 1558 esse
779 1512 908 1558 neeesse
938 1503 995 1559 est.
1040 1494 1081 1558 In
1105 1494 1166 1559 hoc
1305 1489 1354 1554 15.
1382 1488 1539 1576 (Defecit.)
1582 1491 1670 1557 Hinc
1696 1493 1775 1556 satis
1803 1503 1939 1575 apparet
1959 1493 2080 1560 Isaiam
2110 1515 2186 1578 pro·

197 1577 301 1660 igitur
322 1578 482 1644 incumbit
503 1578 607 1644 Isaiae
629 1588 665 1642 nt
686 1579 837 1643 ostendat
863 1600 959 1661 qnam
983 1579 1101 1644 misera
1123 1581 1166 1644 sit
1216 1575 1305 1639 ximo
1335 1597 1432 1640 versu
1455 1577 1494 1640 de
1517 1577 1629 1658 poenis
1657 1576 1828 1660 loquutnm
1861 1598 1927 1642 non
1961 1600 2040 1644 esse.
2091 1580 2185 1645 Idem

197 1662 308 1746 populi
331 1662 479 1744 conditio,
502 1665 557 1748 qui
579 1684 678 1746 quum
701 1675 849 1728 extrema
867 1677 1033 1746 pateretur
1048 1665 1164 1730 freme-
1217 1662 1303 1725 enim
1326 1661 1416 1725 filum
1439 1663 1592 1726 orationis
1615 1661 1720 1728 adhuc
1742 1664 1897 1740 contexit,
1923 1676 2021 1746 atque
2044 1666 2187 1731 ostendit

198 1748 254 1812 bat
276 1757 387 1814 tamen
410 1748 567 1816 adversus
589 1749 711 1828 Deum,
734 1771 792 1814 neo
814 1770 848 1814 se
871 1751 912 1815 ad
934 1751 1074 1815 officinm
1094 1753 1163 1834 cogi
1217 1746 1371 1828 populum
1395 1745 1434 1810 de
1456 1747 1623 1812 atrocitate
1651 1769 1828 1830 poenarum
1857 1752 2013 1830 conqueri
2042 1770 2108 1815 non
2132 1753 2186 1817 de·

196 1833 334 1899 sinebat.
368 1837 478 1919 Atque
499 1836 571 1901 ideo
593 1836 723 1918 saepius
744 1835 885 1901 inculcat
907 1836 993 1902 hanc
1015 1836 1165 1901 monitio·
1218 1833 1302 1914 bere,
1332 1851 1429 1914 quum
1453 1843 1520 1895 tam
1543 1833 1688 1915 graviter
1716 1833 1887 1899 offenderit
1909 1833 2019 1901 Deum
2048 1857 2086 1902 ao
2115 1858 2187 1920 pro·

196 1939 282 2001 nem,
304 1928 337 1983 et
360 1922 467 1986 aerius
490 1922 602 2000 instat,
632 1935 668 1984 ut
688 1921 772 1985 hanc
795 1921 907 2003 populi
928 1924 1164 1989 contumaciam
1216 1918 1352 1982 vocarit.
1395 1915 1577 1982 Confirmat
1599 1939 1677 2001 ergo
1699 1919 1784 2000 qnod
1809 1920 1937 1984 dixerat
1959 1921 2058 2004 prius,
2082 1924 2187 1988 ⁰011&-

198 2004 370 2085 demetet
391 2006 540 2088 pluribus
562 2007 671 2072 verbis
695 2006 777 2070 vitia
799 2005 957 2084 traducit,
987 2018 1021 2072 et
1043 2009 1165 2090 species
1216 2003 1301 2067 disse
1324 2004 1506 2080 veritatem,
1529 2003 1654 2068 nullum
1675 2024 1746 2068 esse
1764 2007 1919 2086 aequitati
1941 2006 2065 2072 locum:
2087 2008 2186 2090 idque

196 2102 376 2169 enumerat,
405 2101 575 2175 postquam
598 2094 633 2156 in
656 2111 775 2175 genere
800 2092 1053 2174 corruptionem,
1082 2113 1165 2177 qnae
1216 2089 1320 2172 magis
1346 2088 1532 2170 amplificat,
1564 2109 1667 2171 quum
1696 2087 1786 2152 addit
1808 2110 1881 2154 enm
1899 2092 2040 2171 praedae
2061 2094 2187 2176 exposi-

196 2177 319 2256 passim
341 2177 487 2259 vigebat,
517 2176 763 2242 demonstravit.
806 2177 875 2243 Neo
898 2176 977 2242 vitia
1006 2180 1165 2261 quaedam
1216 2184 1285 2238 tum
1308 2194 1379 2239 esse
1402 2174 1458 2256 qui
1486 2174 1620 2239 recessit
1648 2195 1668 2238 a
1696 2175 1791 2241 malo.
1836 2175 1948 2241 Iudaei
1977 2179 2044 2242 iere
2073 2200 2187 2244 omnes

194 2260 282 2326 levia
303 2271 360 2326 ant
374 2283 552 2344 pancorum
567 2262 737 2328 hominum
753 2270 854 2345 notat,
876 2263 932 2328 sed
948 2264 1165 2330 universalem
1217 2260 1301 2325 hano
1323 2275 1447 2343 partem
1470 2280 1537 2324 nno
1558 2270 1717 2326 contextu
1745 2259 1899 2343 legentes,
1926 2263 1973 2329 sic
2002 2275 2186 2346 exponunt:

198 2345 419 2412 defectionem.
464 2347 521 2414 Sic
542 2349 630 2413 enim
652 2360 821 2431 corruptos
844 2350 943 2414 inisse
972 2349 1024 2415 his
1053 2351 1165 2417 verbis
1217 2344 1347 2410 Veritas
1379 2345 1495 2411 defecit
1526 2353 1558 2409 et
1591 2345 1746 2411 recedens
1778 2369 1798 2411 a
1826 2347 1912 2412 malo
1945 2348 2007 2414 suit
2039 2349 2187 2431 spoliata.

198 2431 376 2514 signifieat,
407 2444 444 2498 nt
473 2433 555 2498 nihil
583 2433 676 2510 fidei,
710 2435 925 2517 integritatis,
959 2436 1084 2501 timoris
1106 2447 1164 2502 aut
1217 2431 1285 2496 Onr
1319 2431 1372 2496 hic
1404 2451 1520 2496 senene
1553 2430 1724 2514 placuerit,
1757 2452 1821 2496 non
1856 2434 1960 2498 video.
2014 2434 2187 2518 Expositio

197 2519 412 2582 conscientiae
441 2520 473 2582 in
504 2519 582 2601 ipsis
612 2527 707 2584 esset.
759 2519 847 2599 Quid
876 2522 964 2584 enim
998 2521 1086 2586 alind
1116 2535 1165 2588 est
1217 2516 1431 2599 Hieronymi,
1464 2536 1560 2598 quam
1593 2537 1729 2598 sequor,
1761 2517 1864 2581 multo
1900 2521 2017 2584 rectior
2050 2532 2082 2584 et
2113 2543 2189 2586 oon·

196 2604 330 2667 mentiri
353 2605 433 2680 Deo,
455 2625 552 2686 quam
576 2605 698 2686 perfide
720 2604 760 2669 ab
782 2625 819 2669 eo
848 2604 1042 2685 desciscere,
1071 2628 1108 2672 ac
1137 2610 1164 2673 si
1218 2602 1401 2667 venientior
1421 2612 1478 2666 est.
1524 2602 1569 2666 Et
1589 2604 1669 2666 satis
1694 2603 1813 2667 usitata
1841 2613 1892 2666 est
1913 2607 2083 2687 seripturis
2105 2608 2187 2672 eius·

197 2708 292 2752 omne
313 2687 501 2771 obsequium
525 2689 684 2772 negetur?
727 2688 801 2754 Non
824 2711 901 2774 ergo
925 2712 1022 2756 unam
1046 2693 1097 2757 vel
1120 2692 1166 2757 al·
1218 2688 1305 2753 modi
1334 2687 1489 2769 loquutio.
1539 2686 1607 2770 Iob,
1638 2687 1666 2752 1.
1690 2707 1759 2769 cap.
1787 2688 1906 2753 dieitur
1935 2690 2034 2755 luisse
2059 2691 2108 2755 vir
2136 2692 2185 2754 in·

198 2782 301 2837 teram
333 2774 415 2858 legis
449 2776 739 2858 transgressionem
773 2776 961 2858 exprobrat,
999 2775 1055 2842 sed
1088 2777 1166 2843 dioit
1218 2784 1309 2856 teger
1331 2784 1364 2837 et
1386 2786 1502 2850 rectus,
1531 2774 1652 2838 timens
1676 2773 1782 2837 Deum
1809 2783 1842 2837 et
1872 2774 2026 2840 recedens
2049 2797 2068 2840 a
2089 2776 2185 2843 malo.

198 2859 289 2941 qnasi
320 2858 474 2944 fugitivos
496 2859 569 2925 Deo
599 2862 818 2938 renuntiasse,
850 2882 891 2925 ne
919 2875 1088 2927 vocantem
1118 2885 1165 2929 se-
1218 2857 1372 2923 Solomon
1397 2860 1493 2923 etiam
1517 2857 1652 2924 Prover.
1677 2859 1719 2922 14
1739 2857 1783 2944 (v.
1805 2857 1871 2944 16);
1902 2859 2032 2926 Stultus
2053 2882 2187 2927 securus

197 2953 348 3092 guantur.
392 2946 510 3011 Postea
537 2946 686 3030 adiungit
715 2943 911 3012 fabricandis
941 2947 1035 3012 malis
1064 2948 1164 3015 fuisse
1217 2953 1275 3021 ιιι,
1305 2944 1411 3008 iustus
1432 2957 1540 3008 antem
1569 2943 1721 3023 sollicitat
1752 2966 1787 3009 se
1819 2946 1925 3027 ipsum
1959 2956 1991 3011 et
2022 2946 2188 3013 recedita

1217 3030 1312 3094 malo.
1355 3028 1526 3111 Significat
1547 3042 1656 3094 autem
1684 3028 1843 3113 propheta
1864 3035 1911 3096 sio
1933 3052 2064 3096 exosam
2086 3032 2187 3099 fuisse

220 3028 331 3107 editos,
354 3039 388 3096 et
407 3032 539 3114 penitus
561 3031 702 3097 imbutos
728 3031 882 3097 fallaciis:
916 3034 993 3115 qnia
1020 3035 1165 3117 proferre

197 3136 238 3178 ex
260 3115 357 3181 corde
379 3115 584 3182 mendacium
606 3116 702 3200 longe
724 3117 857 3201 gravius
880 3129 939 3200 est,
969 3139 1064 3202 quam
1087 3120 1166 3185 suti·

197 3199 272 3265 liter
293 3202 440 3281 mentiri,
470 3202 522 3266 vel
544 3203 642 3267 etiam
665 3202 788 3279 fallere,
810 3200 865 3267 ubi
888 3207 1012 3269 occasio
1034 3205 1163 3270 inritat.

197 3286 266 3352 Nec
289 3307 367 3351 vero
390 3286 525 3352 dubium
554 3296 604 3352 eet
633 3290 711 3371 quin
738 3289 819 3354 istae
848 3288 1087 3373 obiurgationes
1108 3291 1163 3356 In·

198 3371 294 3436 daeos
327 3373 538 3438 vehementer
570 3373 780 3453 offenderint,
814 3375 869 3457 qui
902 3373 978 3439 elati
1011 3377 1164 3459 snperbia

197 3466 417 3524 sacrosanctos
439 3481 475 3524 se
490 3480 560 3524 esse
575 3459 816 3524 existimabant.
851 3457 915 3525 Sed
932 3463 977 3524 ita
992 3463 1164 3527 tractanda

197 3541 260 3606 fuit
282 3565 393 3608 eornm
418 3544 614 3629 hypocrisis:
637 3546 715 3627 quia
732 3544 871 3627 simplex
886 3545 1033 3611 doctrina
1049 3569 1162 3629 parum

197 3627 284 3710 apud
305 3631 392 3711 ipsos
415 3630 583 3695 effecisset.
621 3631 693 3697 Hoo
715 3631 816 3714 igitur
838 3630 987 3713 exemplo
1009 3645 1163 3713 pastores,

197 3732 298 3794 quum
321 3715 488 3780 eeclesiam
511 3716 573 3780 Dei
602 3728 787 3798 corruptam
820 3715 947 3794 vident,
983 3724 1079 3798 atque
1103 3718 1164 3783 eibi

198 3798 346 3864 homines
369 3800 512 3881 placere,
544 3811 576 3864 et
597 3803 686 3867 vitiis
708 3803 776 3865 suis
805 3800 947 3880 adulari,
977 3803 1084 3884 capita
1105 3825 1165 3869 sua

197 3906 360 3969 opponere
383 3896 416 3949 et
438 3886 504 3950 aori
526 3884 620 3950 obiur
644 3889 750 3951 atione
773 3887 884 3950 invehi
907 3886 1036 3952 debent.

285 3971 334 4035 14.
369 3969 426 4056 (ut
446 3975 547 4035 aetum
573 3908 643 4058 eati
688 3971 865 4036 Pelluntur
892 3973 947 4054 qui
976 3975 1164 4038 existimant

196 4057 390 4140 prophetam
413 4057 454 4121 ad
476 4059 615 4139 priorem
646 4077 830 4122 samonem
861 4059 997 4136 reverti,
1027 4067 1060 4123 ot
1087 4078 1165 4124 con·

196 4143 318 4207 cionari
341 4143 381 4207 de
404 4144 515 4225 poenis
537 4164 617 4224 quas
640 4143 778 4225 populns
800 4164 898 4208 mann
920 4143 980 4207 Dei
1002 4157 1163 4210 senserat:

197 4249 272 4292 nam
302 4228 411 4312 pergit
443 4229 549 4293 adhuc
581 4228 615 4291 in
650 4230 798 4310 proxima
830 4229 1034 4307 narratione,
1069 4242 1165 4313 atque

198 4315 327 4380 morbos
350 4315 493 4396 exponit,
520 4313 637 4395 quibus
666 4313 833 4380 laborabat
858 4317 1005 4397 populus,
1037 4325 1074 4378 ut
1097 4336 1164 4379 me·

198 4398 261 4463 rito
283 4399 393 4481 puniri
414 4401 520 4482 ipsum
543 4409 678 4465 constet.
724 4399 780 4465 Sic
802 4410 911 4465 autem
935 4400 1090 4483 distingui
1113 4401 1165 4466 de·

196 4483 253 4547 bet
275 4504 294 4546 a
317 4505 413 4549 versu
435 4506 535 4563 nono,
564 4485 619 4550 nbi
642 4484 795 4550 indicium
819 4486 992 4551 recessisse
1019 4486 1163 4552 dixerat:

198 4589 275 4633 nam
304 4569 372 4633 illio
401 4572 632 4652 pronuntiabat
659 4573 749 4654 ipsos
778 4571 841 4636 Dei
870 4572 991 4636 auxilio
1022 4573 1165 4652 destitui,

198 4655 275 4737 qnia
296 4676 369 4720 enm
393 4677 508 4720 causae
531 4676 607 4721 suae
631 4657 791 4722 vindicem
820 4656 939 4721 habere
967 4679 1032 4722 non
1062 4679 1166 4723 mere·

1217 3136 1346 3179 omnem
1369 3113 1607 3190 rectitudinem,
1630 3124 1666 3179 nt
1684 3118 1771 3180 veris
1788 3116 1850 3181 Dei
1873 3116 2058 3197 cultoribus,
2080 3117 2108 3184 si
2131 3120 2188 3202 qui

1216 3211 1387 3282 restarent,
1413 3202 1564 3267 innoxios
1586 3221 1742 3266 essenon
1772 3200 1902 3267 liceret:
1932 3224 1969 3268 ac
1999 3205 2028 3268 si
2058 3203 2187 3285 diceret,

1218 3287 1364 3369 quisquis
1386 3287 1472 3350 inter
1502 3287 1650 3351 homines
1674 3289 1889 3366 viverevult,
1920 3309 2051 3354 necesse
2079 3298 2188 3354 estut

1215 3393 1288 3438 eum
1310 3373 1389 3454 ipsis
1411 3372 1616 3453 improbitate
1642 3383 1759 3437 certet:
1788 3372 2059 3454 quemadmodum
2082 3374 2187 3439 fertur

1215 3458 1345 3542 vulgari
1369 3458 1549 3540 proverbio,
1572 3460 1659 3522 inter
1680 3458 1775 3540 lupos
1805 3458 1995 3522 ululandum
2019 3477 2106 3523 esse:
2129 3461 2187 3541 qni

1216 3551 1323 3608 antem
1357 3544 1492 3607 innoxie
1526 3546 1638 3608 vivere
1671 3542 1773 3619 volet,
1817 3544 1845 3607 is
1877 3558 2030 3625 tanquam
2064 3544 2135 3609 ovis
2167 3567 2187 3611 ι

1215 3630 1302 3712 lupis
1334 3629 1514 3710 diripietur.
1559 3626 1712 3709 Denique
1745 3629 1900 3710 exprimit
1933 3628 1987 3695 hio
2020 3630 2185 3695 cumulum

1215 3734 1361 3779 summae
1382 3714 1609 3795 improbitatis.
1651 3713 1707 3779 Sic
1729 3714 1816 3777 enim
1836 3714 2007 3779 veritatem
2031 3715 2186 3782 defecisse

1216 3798 1358 3864 ostendit
1388 3813 1423 3862 nt
1453 3800 1576 3862 nemini
1610 3797 1694 3864 bono
1728 3811 1812 3863 esset
1844 3800 1931 3865 inter
1962 3801 2048 3883 ipsos
2080 3801 2184 3867 locus:

1216 3886 1291 3968 qnia
1321 3884 1469 3968 quisquis
1497 3884 1537 3948 ab
1571 3884 1692 3948 iniuria
1723 3884 1866 3950 abstinet
1898 3907 1933 3951 se
1965 3887 1999 3950 in
2032 3887 2188 3970 praedam

1216 3993 1257 4036 ex
1282 3982 1368 4035 onat.

1260 3992 1359 4142 Ρ(Ει
1378 4051 1481 4138 vidit.)
1524 4053 1597 4118 Hoc
1620 4055 1760 4138 pertinet
1786 4057 1826 4119 ad
1856 4057 1966 4139 populi
1995 4058 2187 4124 consolatio·

1217 4163 1302 4207 nem.
1345 4141 1511 4205 Admonet
1533 4141 1629 4216 enim,
1653 4140 1831 4205 Dominum
1862 4143 2073 4209 nibilominus
2097 4145 2188 4209 habi·

1217 4239 1326 4292 turum
1358 4227 1516 4291 rationem
1547 4225 1656 4307 populi
1686 4227 1745 4302 sui,
1777 4227 1906 4292 tametsi
1935 4229 2023 4293 adeo'
2043 4233 2187 4313 graviter

1217 4311 1397 4389 offenderit,
1421 4323 1457 4375 ut
1480 4311 1590 4374 nullus
1611 4314 1726 4376 reniae
1749 4313 1838 4377 locus
1857 4334 1926 4378 esse
1945 4314 2101 4378 videatur.
2143 4317 2187 4379 Et

1218 4399 1366 4482 quamvis
1400 4396 1591 4462 durissimas
1624 4417 1745 4479 poenas
1774 4399 1941 4474 inflixerit,
1978 4404 2043 4462 lore
2077 4413 2185 4465 tamen

1218 4486 1346 4549 demum
1370 4482 1508 4548 foederis
1538 4484 1587 4547 eui
1618 4503 1805 4566 memorem,
1835 4496 1874 4549 ut
1902 4486 2013 4548 morbo
2042 4487 2187 4551 sanando

1217 4569 1405 4636 incredibile
1423 4568 1582 4633 auxilium
1602 4569 1726 4633 afferat.
1762 4569 1923 4651 Loquitur
1945 4570 1998 4633 hie
2018 4569 2057 4634 de
2079 4571 2187 4636 futuro

1217 4667 1371 4738 tempore,
1401 4676 1437 4719 ao
1460 4656 1621 4735 promittit
1650 4653 1717 4719 fore
1747 4655 1921 4736 aliquando
1950 4667 1988 4719 ut
2015 4669 2088 4738 post
2118 4664 2185 4721 tam

197 4741 326 4805 bantur.
370 4741 435 4806 Hic
457 4751 565 4805 autern
589 4743 741 4808 iudicium
770 4751 966 4808 retroactum
995 4742 1071 4808 dicit
1102 4745 1165 4808 alio
1217 4743 1326 4807 varias
1354 4741 1553 4807 calamitates
1574 4739 1666 4803 Deus
1696 4739 1824 4805 residuo
1854 4740 1972 4823 populo
2000 4754 2187 4806 succurrat:

198 4846 313 4905 sensu,
346 4825 429 4907 qnod
454 4826 574 4890 scilicet
603 4848 732 4892 omnem
761 4828 849 4892 inter
877 4850 912 4893 ee
941 4830 1098 4893 iustitiam
1129 4851 1166 4894 ao
1217 4848 1293 4891 nam
1322 4826 1538 4893 concidissent
1571 4826 1690 4904 animo,
1723 4826 1878 4908 fractique
1911 4839 2020 4891 esseut
2053 4828 2185 4891 omnino

198 4912 395 4994 aequitatem
429 4913 617 4976 everterint.
671 4913 764 4978 Iusta
794 4914 896 4996 igitur
936 4914 1000 4979 illis
1039 4915 1166 4979 reddita
1217 4912 1338 4989 Iudaei,
1361 4914 1424 4975 nisi
1445 4913 1605 4975 Dominus
1626 4911 1876 4976 consolationem
1898 4914 1994 4977 istam
2013 4912 2184 4978 attulisset

198 4997 260 5061 suit
293 5018 431 5080 meroes,
465 4996 548 5080 quod
583 4998 674 5062 nulla
705 4998 745 5063 ad
779 5020 873 5083 opem
908 5000 1073 5064 serendam
1101 5000 1164 5064 Dei
1217 4997 1268 5062 Ita
1291 4997 1438 5061 homines
1461 4998 1493 5059 in
1517 4999 1679 5060 contraria
1702 5001 1781 5062 vitia
1805 5019 1898 5062 ruere
1920 5009 1952 5061 et
1974 4999 2185 5080 praecipitare

199 5083 322 5147 institia
345 5083 519 5165 affulserit,
550 5084 678 5164 qnando
700 5085 752 5151 ins
775 5095 808 5148 et
835 5086 1028 5168 aequitatem
1051 5085 1165 5170 procul
1217 5104 1287 5148 sese
1317 5083 1435 5147 solent:
1471 5103 1546 5145 narn
1577 5103 1677 5163 quum
1708 5098 1903 5167 arguuntur,
1935 5094 1991 5147 aut
2020 5084 2186 5150 obstinant

199 5189 275 5234 ase
304 5168 394 5233 velut
421 5170 456 5233 in
484 5169 635 5234 exsilium
665 5170 865 5253 expulerant.
909 5171 1048 5235 Frustra
1077 5173 1164 5235 enim
1217 5190 1287 5235 sese
1309 5181 1341 5233 et
1363 5167 1534 5246 obdurant,
1563 5180 1619 5230 aut
1646 5169 1843 5233 consternati
1865 5171 1899 5233 in
1929 5169 2185 5252 desperationem

199 5263 423 5337 exspectamus
446 5277 465 5320 a
488 5255 559 5320 Deo
582 5256 668 5336 quod
691 5258 882 5341 negavimus
910 5256 999 5335 aliie,
1027 5265 1166 5339 atquea
1217 5267 1326 5320 ruunt.
1363 5253 1548 5337 Diligenter
1569 5273 1646 5338 ergo
1669 5255 1831 5319 notandus
1847 5266 1896 5319 est
1916 5254 1970 5321 hio
1992 5254 2069 5320 ordo
2091 5277 2185 5338 quem
