4784 5970
201 339 262 402 eor
855 268 863 298 ’
932 394 935 401 ,
1014 334 1398 403 raannncrrouua
1832 314 1836 321 ’
2155 332 2224 399 cca

199 537 287 591 stare
318 547 337 589 a
365 535 457 607 parte
486 546 555 589 sua.
602 524 731 589 Deinde
763 524 910 591 certabat
931 523 1103 603 Ieremias,
1137 533 1174 588 ut
1225 523 1272 588 ita
1293 544 1422 593 sacrum
1445 523 1653 598 Deignoman
1676 524 1885 607 prostituere,
1918 532 1953 588 et
1975 522 2074 606 quasi
2098 533 2222 604 aperto

199 622 312 694 postea
329 610 448 674 elarius
465 610 637 688 videbitur,
655 630 727 675 cum
743 609 855 675 multis
872 607 1171 691 pseudoprophetis
1225 619 1330 674 marte
1357 609 1450 674 illum
1480 610 1648 692 impetere.
1692 608 1777 674 Nam
1802 608 1863 675 hoc
1885 609 1924 674 fit
1944 607 2003 674 ubi
2037 608 2221 673 abutimur

200 696 285 761 Nam
308 707 378 759 erat
401 716 520 778 magua
544 717 653 759 eorum
681 693 794 775 turba,
824 706 860 760 ut
881 695 950 761 fere
972 714 1102 776 semper
1123 702 1174 762 est
1224 697 1358 777 nomine
1380 695 1449 760 eius
1473 695 1505 759 in
1528 694 1749 761 iureiurando.
1795 693 1908 775 Quum
1930 693 2027 771 dicit,
2060 692 2102 758 Si
2125 693 2219 759 dirc-

198 782 232 845 in
251 780 381 845 mundo.
414 781 560 846 Cunctas
579 781 657 844 ordo
675 780 885 846 sacerdotalis
903 787 973 844 erat
990 787 1173 862 corruptus.
1225 780 1304 859 riat,
1337 781 1415 846 civit
1436 779 1584 864 Iebcccb,
1619 780 1672 846 hic
1703 785 1840 862 usurpat
1863 779 1974 862 verba,
2007 778 2139 862 quibus
2172 779 2218 860 pii

197 867 244 930 Et
276 888 317 932 ex
351 868 495 948 professo
528 867 625 930 etiam
659 866 782 931 bellum
815 885 890 929 cum
916 865 989 930 Deo
1021 866 1172 948 gerebat:
1226 865 1324 929 etiam
1347 873 1486 930 utuntur
1507 866 1541 930 in
1564 866 1634 932 suis
1656 864 1860 937 iuramentis.
1903 865 1989 930 Nam
2013 865 2074 930 ubi
2103 864 2220 930 citant

198 952 336 1034 populus
360 951 461 1016 nihilo
484 961 554 1016 erat
576 952 699 1017 melior.
745 950 968 1033 Oongreditur
989 971 1067 1034 ergo
1089 951 1175 1015 Iere·
1225 950 1335 1016 Deum
1359 951 1541 1029 viventem,
1575 951 1713 1034 perinde
1738 959 1795 1016 est‘
1811 970 1848 1016 ac
1871 950 1899 1039 si
1920 969 1959 1016 sc
1977 952 2145 1016 sisterent
2175 950 2217 1015 ad

197 1038 280 1102 mias
303 1057 376 1102 oum
400 1059 478 1120 rege
500 1051 533 1100 et
551 1037 755 1115 consiliariis,
778 1057 851 1103 cum
874 1036 1173 1119 pseudoprophetis,
1226 1037 1295 1102 eius
1319 1035 1464 1101 tribunal
1482 1057 1520 1102 ac
1538 1037 1637 1102 simul
1659 1037 1805 1102 dicerent
1823 1056 1859 1101 se
1877 1056 2084 1120 cognoscere,
2109 1035 2217 1101 etiam

197 1144 271 1188 cum
303 1122 413 1204 impiis
441 1123 661 1187 sacerdotibus
691 1136 724 1187 et
752 1144 826 1188 eum
856 1122 1013 1188 scelerato
1045 1121 1172 1204 populo.
1225 1122 1252 1184 si
1276 1121 1317 1186 ad
1340 1128 1469 1204 tempus
1492 1121 1622 1188 differat
1644 1121 1737 1187 Deus
1771 1120 1948 1199 ultionem,
1981 1131 2098 1187 tamen
2137 1121 2217 1186 red·

196 1207 250 1271 Ita
273 1207 366 1290 dicit,
401 1208 452 1271 Ne
473 1228 573 1272 uuum
600 1210 723 1290 quidem
752 1209 833 1273 inte
856 1208 943 1290 ipsos
965 1227 1030 1272 cese
1060 1208 1116 1288 qui
1138 1227 1173 1272 se
1225 1205 1365 1272 dandam
1388 1228 1459 1272 esse
1481 1210 1652 1280 rationem.
1684 1207 1762 1291 quia
1784 1227 1914 1289 semper
1938 1208 2038 1273 vivet.
2084 1206 2146 1272 Ita
2169 1209 2218 1290 pii

196 1302 339 1376 opponat
357 1293 397 1356 ad
413 1292 605 1375 planandam
624 1294 707 1357 iram
726 1294 796 1358 Dei.
830 1293 998 1374 Quaerere
1016 1293 1171 1357 iudicium
1224 1297 1409 1375 agnoscunt
1431 1313 1465 1356 se
1488 1291 1570 1356 nihil
1603 1293 1686 1358 lucri
1720 1293 1828 1358 iacere
1858 1292 1892 1356 in
1917 1313 2016 1372 mora,
2052 1293 2218 1374 quamvis

196 1378 391 1443 tantundem
429 1379 516 1442 valet
553 1391 650 1460 atque
687 1399 820 1461 operam
859 1378 936 1444 dare
972 1376 1170 1444 rectitudini.
1226 1375 1317 1441 Deus
1348 1377 1527 1442 vindictam
1560 1378 1756 1460 suspendat,
1790 1379 1817 1443 si
1848 1378 2081 1462 peieravarint.
2145 1376 2217 1444 Sed

195 1464 280 1529 Nam
318 1477 419 1531 chuc
458 1484 576 1528 nomen
611 1464 774 1530 Hebraeis
810 1474 860 1528 est
897 1463 1074 1538 rectitudo,
1115 1473 1171 1527 aut
1223 1462 1498 1544 quemadmodum
1521 1463 1587 1528 iam
1612 1463 1691 1543 dixi,
1715 1463 1874 1545 propheta
1896 1463 1958 1529 hoo
1979 1463 2150 1528 transfert
2174 1463 2218 1527 ad

194 1552 356 1631 aequitas,
387 1561 445 1613 aut
474 1550 588 1632 regula
618 1551 703 1615 iuste
729 1549 856 1633 agendi.
902 1549 991 1614 Dicit
1013 1568 1091 1634 ergo
1114 1571 1169 1612 ne·
1223 1547 1420 1631 hypocritas,
1444 1549 1499 1631 qui
1523 1549 1677 1614 videntur
1698 1550 1878 1633 plurimum
1902 1549 2035 1614 honoris
2055 1548 2137 1613 Deo
2163 1548 2220 1614 de-

194 1636 316 1700 minem
340 1656 410 1700 esse
432 1635 488 1717 qui
511 1646 664 1702 exerceat
693 1634 868 1714 iudicium,
901 1636 1065 1699 neminem
1099 1654 1171 1698 esse
1223 1633 1318 1698 ferre.
1361 1633 1447 1699 Nam
1483 1633 1565 1698 nihil
1600 1635 1705 1719 magis
1738 1634 1922 1719 speciosum
1955 1655 2056 1717 quam
2090 1655 2217 1699 eorum

195 1722 251 1802 qni
272 1729 408 1803 quaerat
430 1720 614 1785 veritatem.
658 1720 800 1798 Veritas,
834 1720 929 1785 sicuti
959 1719 1057 1802 paulo
1086 1725 1169 1802 post,
1223 1719 1331 1784 verba.
1377 1720 1437 1783 Pel
1468 1720 1556 1784 euim
1590 1731 1641 1785 est
1673 1721 1707 1784 in
1743 1719 1841 1785 corde
1873 1731 1906 1784 et
1936 1719 2000 1784 mel
2030 1721 2066 1784 iu
2099 1719 2218 1786 labiis.

193 1805 352 1887 accipitur
375 1826 433 1887 pro
455 1806 659 1888 integritate:
691 1807 784 1887 quasi
807 1805 940 1885 diceret,
962 1826 1077 1870 omnes
1099 1824 1170 1869 esse
1223 1804 1312 1889 Ergo
1337 1805 1497 1887 propheta
1526 1804 1653 1871 deridet
1682 1808 1768 1872 hane
1795 1805 1958 1870 fallaciam
1987 1826 2093 1887 quum
2121 1805 2218 1883 dicit,

193 1890 319 1956 deditos
337 1891 525 1968 mendaciis,
545 1900 577 1954 et
595 1891 773 1967 fraudibus,
792 1901 825 1955 et
842 1891 1008 1974 perversis
1026 1890 1168 1956 astutiis:
1222 1889 1332 1954 Etiam
1356 1890 1385 1957 si
1407 1890 1612 1956 sanctissime
1634 1891 1760 1970 iurent,
1794 1890 1901 1974 quoad
1925 1890 2107 1956 verborum
2148 1893 2218 1956 ior·

193 1976 264 2041 ideo
286 1977 359 2040 fieri
383 1997 448 2040 non
472 1996 575 2059 posse,
599 1989 637 2041 ut
655 1977 813 2059 propitius
835 1977 880 2041 sit
902 1976 984 2042 urbi.
1018 1976 1104 2042 Nam
1125 1959 1168 2043 rb
1222 1974 1345 2039 mulam
1368 1984 1504 2057 spectat,
1534 1986 1567 2040 et
1588 1976 1763 2041 ostendant
1784 1997 1951 2042 summum
1973 1976 2117 2059 pietatis
2142 1989 2217 2043 stu·

192 2063 365 2127 relativum
393 2062 526 2126 feminei
556 2065 686 2145 generis
708 2084 776 2128 non
799 2071 906 2145 potest
928 2061 1025 2127 aliter
1046 2063 1168 2145 exponi
1222 2059 1330 2125 dium:
1357 2061 1478 2126 Tamen
1498 2062 1649 2127 iurabant
1665 2061 1702 2128 ob
1719 2062 1793 2128 boc:
1814 2046 1877 2156 125.
1909 2061 1978 2126 Alii
1995 2064 2218 2129 transferunt

191 2149 353 2229 quamde
379 2147 587 2230 ierosolyma.
632 2148 722 2212 Dicit
745 2168 823 2231 ergo
847 2148 938 2212 Deus
961 2168 995 2211 se
1018 2145 1089 2212 fore
1111 2168 1169 2211 ex·
1221 2166 1309 2229 vere,
1339 2147 1392 2212 rel
1420 2155 1519 2213 certe.
1573 2145 1639 2213 Sed
1669 2147 1809 2214 causalis
1842 2158 1892 2212 est
1925 2148 2102 2229 particula,
2141 2149 2218 2214 ideo

190 2232 358 2309 arabilem,
381 2236 408 2298 si
432 2233 615 2314 reperiatur
638 2234 690 2297 vir
712 2253 806 2310 unus,
831 2253 947 2315 nempe
969 2232 1057 2297 inter
1080 2234 1166 2316 regis
1220 2232 1348 2313 plenior
1370 2233 1534 2298 sententia
1556 2232 1636 2312 erit,
1669 2234 1698 2299 si
1721 2247 1889 2299 vertamus
1915 2232 1952 2298 cb
1973 2233 2024 2312 id,
2040 2303 2042 2307 ,
2060 2234 2130 2299 hoc
2155 2245 2216 2314 est,

191 2318 404 2395 consiliarios,
425 2318 511 2380 inter
534 2319 720 2383 sacerdotes
743 2328 776 2382 et
798 2318 990 2399 prophetas:
1013 2318 1167 2399 quoniam
1220 2318 1253 2380 in
1277 2338 1348 2382 eam
1372 2338 1458 2394 rem,
1488 2317 1598 2383 rolin
1622 2339 1694 2389 eam
1724 2339 1856 2386 eausam
1886 2316 2093 2384 mendaciter
2119 2319 2216 2385 iura·

190 2424 304 2553 §mnes
336 2403 608 2482 conspiraverant
641 2403 800 2467 adversus
833 2423 965 2467 omnem
997 2402 1167 2468 iustitiam.
1193 2382 1196 2541 '⁴
1222 2400 1314 2467 bunt.
1359 2401 1527 2485 Sequitur,

220 2499 359 2569 oquitur,

1006 2623 1007 2626 ,
1307 2571 1336 2636 3.
1367 2571 1517 2656 Ielzovab,
1544 2574 1626 2640 cccli
1646 2575 1695 2639 tui
1716 2595 1819 2640 aanor:
1840 2574 1884 2641 cd
1904 2574 2095 2639 mm?
2132 2575 2214 2640 Pcr-

277 2658 308 2721 2.
335 2657 419 2741 Etsi,
442 2660 519 2724 eicit
541 2658 689 2738 Ietovcb,
710 2658 858 2741 diaeriat,
880 2658 916 2724 ob
939 2659 974 2725 id
996 2659 1030 2724 ia
1051 2680 1168 2726 scama
1219 2657 1346 2723 masta·
1374 2677 1438 2739 cca,
1471 2665 1499 2723 et
1526 2679 1588 2724 aaa
1614 2661 1798 2726 doluerant:
1830 2660 2054 2740 coueampsisti
2084 2680 2153 2745 eos,
2187 2667 2215 2726 et

190 2742 255 2827 (vel
279 2743 453 2830 fallaciter)
475 2745 634 2809 iurabant.
1219 2747 1391 2808 renuerunt
1418 2746 1576 2827 mamere
1604 2745 1808 2828 disciplinam
1840 2743 1909 2830 (vel
1938 2746 2212 2832 correctionem),

1220 2826 1452 2894 obduraverunt
1483 2830 1583 2911 foetes
1615 2850 1695 2896 sace
1724 2832 1830 2914 magia
1857 2850 1952 2913 qaam
1974 2835 2109 2912 pdrcm
2141 2831 2212 2918 (rel

276 2914 349 2979 Hoc
378 2937 435 2996 per
463 2914 597 2978 modum
627 2915 869 2997 anticipationis
903 2913 1052 2980 additum
1086 2916 1167 2982 fnit:
1220 2911 1378 2997 lapidem,
1413 2916 1519 2998 magis
1552 2936 1649 2998 quam
1684 2917 1841 3002 saxum),
1856 2919 2037 2990 ‚ramat
2068 2919 2211 2984 concerti

192 3001 344 3083 quoniam
367 2999 492 3076 Iudaei,
526 3009 562 3063 ut
586 3002 664 3065 satis
695 3007 808 3066 notum
839 3010 906 3080 est,
940 2999 1099 3084 putabant
1132 3023 1168 3067 se
1220 2997 1285 3081 (vel
1310 2997 1441 3084 redire).

190 3085 311 3150 habere
340 3085 606 3167 integumentum
629 3085 781 3151 omnibus
803 3087 871 3151 suis
889 3085 987 3161 vitiis,
1011 3087 1087 3168 quia
1110 3109 1166 3153 nc·
1865 3140 1890 3165 ,,

190 3191 265 3234 men
298 3171 362 3234 Dei
399 3169 485 3250 apud
522 3170 608 3250 ipsos
643 3169 802 3233 volitabat
841 3172 876 3233 in
910 3190 967 3233 ore
1007 3172 1167 3237 omnium.
1306 3167 1510 3253 Principium
1543 3191 1658 3237 versus
1696 3181 1808 3238 coacte
1843 3179 2013 3255 exponunt
2052 3170 2204 3254 qnidam,

190 3255 301 3336 Quum
325 3277 404 3335 ergo
427 3256 662 3336 profiterentur
684 3275 719 3318 se
741 3253 852 3317 Deum
875 3254 1031 3319 Abrahae
1052 3256 1167 3335 colare,
1221 3253 1272 3318 rel
1295 3255 1406 3336 potius
1429 3264 1596 3336 torquent,
1626 3257 1721 3340 quasi
1744 3257 1866 3323 diceret
1887 3256 2060 3341 propheta,
2090 3255 2205 3323 Deum

189 3341 348 3423 putabant
370 3340 431 3405 hoc
454 3350 626 3422 praetextu
650 3359 743 3421 posse
765 3337 878 3423 obtegi
900 3340 1011 3404 omnia
1032 3360 1093 3405 sua
1110 3342 1168 3406 fla·
1221 3359 1289 3402 non
1316 3339 1390 3404 ideo
1422 3339 1594 3406 deflectere
1623 3342 1733 3408 oculos
1758 3363 1778 3408 a
1800 3340 2009 3425 rectitudine,
2043 3344 2204 3426 quoniam

190 3427 281 3510 gitia.
326 3425 494 3508 Propheta
516 3426 666 3504 occurrit,
696 3432 729 3489 ct
750 3424 843 3491 docet
865 3423 962 3489 nihili
985 3445 1056 3490 esse
1078 3425 1167 3494 huuc
1221 3432 1286 3487 tam
1310 3423 1436 3508 rigidus
1456 3426 1501 3489 sit
1523 3424 1611 3492 ultor
1634 3427 1795 3494 scelerum
1817 3430 1852 3493 in
1875 3427 1995 3511 populo
2017 3447 2091 3492 suo.
2136 3427 2204 3494 Sed

191 3513 314 3587 fucum,
345 3511 499 3593 quoniam
529 3510 705 3592 profanent
726 3531 844 3575 nomen
867 3509 945 3588 Dei,
974 3531 1074 3593 quum
1097 3511 1167 3594 ipso
1220 3509 1274 3575 hic
1292 3511 1503 3592 prosequitur
1520 3514 1655 3577 eandam
1674 3514 1870 3579 sententiam
1882 3512 2051 3579 Ieremias.
2085 3512 2203 3597 Neque

192 3597 380 3662 abutuntur.
425 3597 601 3662 Caeterum
625 3604 676 3661 est
698 3597 798 3661 etiam
827 3596 1056 3680 exaggeratio:
1090 3598 1167 3679 quia
1220 3594 1310 3659 enim
1338 3595 1505 3662 distinctio
1535 3618 1692 3672 versuum
1725 3598 1852 3681 pondus
1886 3598 1993 3664 habet.
2040 3596 2203 3682 Quisquis

191 3682 334 3748 ostendit
364 3681 534 3762 Ieremias,
568 3703 633 3745 non
670 3689 799 3746 tantum
831 3681 866 3745 in
900 3683 1065 3746 communi
1099 3684 1168 3748 vita
1220 3700 1276 3745 eos
1299 3680 1501 3764 distinxerit,
1535 3702 1633 3765 saepe
1661 3686 1780 3749 inscite
1809 3684 1971 3767 pervertit
1998 3686 2203 3749 sententias:

191 3767 330 3832 Iudaeos
363 3787 434 3830 esse
469 3787 602 3848 prorsus
632 3767 791 3832 alienatos
814 3787 833 3830 a
857 3766 973 3831 timore
995 3767 1078 3848 Dei,
1110 3769 1167 3834 sed
1219 3765 1292 3830 idco
1315 3765 1488 3832 claudendi
1507 3780 1586 3835 sunt
1603 3769 1698 3846 oculi,
1722 3770 1784 3835 nisi
1803 3771 1888 3853 quod
1909 3770 2084 3834 memoriae
2103 3789 2204 3834 cansa

192 3854 289 3916 etiam
312 3852 340 3916 si
363 3871 426 3933 qua
449 3852 482 3914 in
506 3853 612 3932 specie
635 3863 766 3915 maneat
799 3851 886 3933 apud
919 3854 1008 3934 ipsos
1041 3853 1168 3936 religio,
1221 3852 1380 3918 tenendus
1399 3863 1450 3918 est
1467 3874 1635 3921 numerus.
1667 3853 1733 3921 Sed
1751 3856 1855 3937 quoad
1875 3863 2078 3930 contextum,
2103 3874 2203 3937 saepe

192 3959 262 4002 esse
292 3936 359 4000 illic
386 3936 602 4018 sacrilegium.
648 3937 721 4001 Hoc
751 3942 863 4000 autem
894 3936 991 4020 longe
1024 3936 1168 4004 deterius
1220 3936 1378 4018 impediet
1417 3938 1554 4004 lectores
1592 3939 1785 4006 observatio.
1853 3942 2067 4022 Praepostere
2110 3940 2203 4005 enim

192 4034 259 4100 est,
292 4042 388 4101 quam
412 4023 466 4086 ubi
490 4020 653 4103 sepultum
677 4029 728 4085 est
751 4020 812 4085 Dei
835 4042 965 4099 nomen,
999 4028 1033 4087 et
1056 4023 1168 4088 miseri
1220 4024 1400 4087 miscentur
1428 4043 1514 4106 quaa
1535 4025 1623 4089 iuter
1644 4047 1681 4090 se
1703 4026 1809 4090 divisa
1830 4036 1940 4101 erant,
1967 4032 2001 4090 et
2023 4024 2129 4090 etiam
2152 4024 2201 4089 di·

191 4106 342 4174 homines
376 4110 570 4188 permittunt
593 4107 653 4170 sibi
677 4105 831 4186 peccandi
861 4105 1040 4184 licentiam,
1073 4110 1168 4190 quasi
1222 4106 1391 4172 velluntur
1412 4129 1496 4190 quae
1518 4112 1641 4192 optime
1663 4111 1849 4178 cohaerent.
1894 4110 1967 4175 Hoc
1994 4108 2079 4174 mihi
2111 4131 2200 4176 nunc

192 4198 325 4277 possent
355 4212 389 4254 se
419 4191 624 4256 abscondere.
668 4190 733 4256 Ubi
757 4197 865 4254 autem
891 4191 938 4256 ita
959 4213 1001 4256 ex
1023 4194 1168 4274 professo
1221 4193 1368 4255 venitin
1386 4204 1539 4275 mentem,
1561 4205 1595 4259 et
1614 4196 1704 4261 utilis
1726 4206 1776 4261 est
1795 4196 1987 4262 admonitio:
2010 4194 2112 4260 sicuti
2136 4196 2200 4263 hoo

192 4280 357 4344 lacessunt
372 4274 490 4352 Deum,
514 4286 547 4340 et
570 4276 661 4359 quasi
683 4276 720 4339 in
742 4275 813 4341 eius
834 4275 949 4340 faciem
972 4288 1166 4360 conspuunt,
1220 4275 1298 4353 loco,
1321 4277 1481 4358 propheta·
1502 4289 1674 4363 postquam
1698 4281 1780 4348 dixit
1797 4281 1936 4347 Iudaeos
1957 4300 2029 4346 asse
2050 4280 2200 4364 perfidos

192 4384 292 4446 quam
315 4373 364 4427 est
387 4360 588 4425 detestabilis
610 4369 642 4425 et
665 4359 851 4443 prodigiosa
879 4360 960 4427 haec
990 4363 1166 4444 impietas?
1220 4370 1253 4424 et
1282 4360 1443 4443 duplices,
1478 4376 1511 4428 et
1540 4367 1630 4431 omni
1659 4368 1849 4451 integritate
1880 4387 2008 4443 vacuos,
2039 4365 2201 4452 adiungit

191 4451 264 4515 Hoc
287 4468 365 4531 ergo
387 4444 544 4527 exprimit
566 4446 738 4522 Ieremias,
767 4445 909 4515 Etiamsi
936 4447 1052 4528 duent,
1083 4447 1168 4513 Vicit
1221 4446 1321 4526 Atqui
1357 4447 1439 4512 oculi
1474 4448 1539 4515 Dei
1570 4451 1666 4531 Mem
1702 4453 1892 4534 respiciant:
1930 4452 2024 4534 quasi
2059 4451 2200 4533 diceret,

191 4533 359 4609 Dominae,
394 4537 496 4596 tamea
518 4532 553 4594 ot
576 4531 640 4612 lice,
671 4531 789 4612 inquit,
822 4529 975 4595 iurabant
1001 4532 1166 4614 fadacder.
1219 4532 1342 4595 frustra
1374 4551 1428 4598 eos
1461 4534 1638 4602 obtendere
1670 4537 1735 4603 Dei
1769 4559 1906 4618 nomen,
1942 4546 1977 4602 et
2008 4537 2123 4602 fucum
2157 4558 2200 4605 ex

191 4620 288 4686 Nunc
318 4629 468 4682 tenemus
497 4615 669 4679 eonsilium
703 4616 891 4697 prophetae.
936 4615 1048 4680 Primo
1078 4619 1166 4687 enim
1219 4617 1432 4681 caeremoniis
1454 4619 1505 4685 rel
1526 4632 1663 4687 externa
1686 4624 1816 4706 pietatis
1838 4622 1945 4707 specie
1966 4622 2087 4704 facere,
2117 4644 2199 4706 quo·

190 4706 261 4771 loco
283 4704 408 4767 excutit
432 4700 609 4785 hypocritis
628 4722 747 4764 vanam
767 4701 933 4778 fiduciam,
955 4700 1030 4782 quia
1049 4713 1168 4783 putant
1220 4701 1308 4764 niam
1325 4700 1417 4766 Deus
1436 4711 1599 4772 scrutetur
1616 4708 1722 4784 corda,
1743 4720 1776 4773 et
1793 4729 1857 4774 non
1877 4719 2022 4774 moretur
2040 4719 2199 4777 externas

192 4791 255 4857 sibi
277 4789 386 4852 Deum
411 4789 479 4851 fore
509 4784 703 4868 propitium,
739 4785 834 4850 modo
864 4786 933 4849 eius
963 4807 1082 4849 nomen
1111 4786 1166 4850 ob·
1220 4788 1299 4849 istas
1322 4787 1432 4852 larvas
1454 4792 1572 4872 quibus
1595 4794 1770 4874 capiuntur
1792 4794 1961 4859 hominum
1985 4794 2082 4861 oculi.
2131 4794 2197 4862 Sed

193 4874 349 4941 tendant:
380 4894 485 4955 neque
507 4874 632 4936 interea
654 4869 844 4951 expendunt
867 4891 965 4951 quam
988 4873 1165 4951 pretiosum
1192 4904 1194 4921 ι
1220 4870 1402 4952 emphatice
1432 4877 1591 4959 propheta
1613 4881 1777 4943 convertit
1799 4878 1839 4945 ad
1863 4880 1972 4944 Deum
1995 4900 2197 4962 sermonem,

192 4965 236 5029 sit
258 4981 378 5025 nomen
394 4959 475 5023 Dei:
498 4958 545 5021 ita
561 4975 683 5036 susque
703 4955 807 5037 deque
829 4955 961 5049 habent,
985 4956 1168 5037 promiscue
1191 4926 1194 5075 l
1220 4956 1260 5019 ad
1280 4956 1423 5021 taedium
1441 4960 1500 5026 hcc
1520 4963 1614 5027 modo
1634 4963 1938 5030 demonstrandum:
1961 4964 2048 5048 quod
2069 4967 2199 5033 videret

192 5050 302 5113 iurare
325 5066 382 5126 per
406 5045 468 5109 Dei
491 5063 620 5107 nomen.
663 5041 828 5120 Propheta
850 5060 929 5105 vero
952 5061 1016 5105 non
1039 5051 1167 5105 tantum
1191 5080 1194 5175 Α
1220 5062 1254 5105 se
1287 5042 1372 5106 nihil
1405 5047 1562 5126 proficere
1595 5047 1680 5129 apud
1713 5050 1904 5115 obstinatos.
1953 5050 2041 5116 Nam
2073 5054 2104 5117 si
2134 5076 2199 5137 qua

193 5132 383 5215 hypocrisin
415 5129 549 5193 damnat
571 5129 605 5192 in
630 5125 771 5201 Iudaeis,
805 5125 861 5190 scd
893 5124 1166 5207 quemadmodum
1192 5180 1194 5197 ,
1220 5126 1336 5191 fuisset
1368 5128 1401 5192 in
1433 5132 1562 5197 Iudaeis
1596 5133 1752 5212 docilitas,
1786 5136 1874 5201 haud
1907 5135 2005 5200 dubie
2041 5136 2199 5206 hortatus

193 5217 272 5293 dixi,
306 5229 484 5299 exaggerat
507 5235 620 5277 eorum
650 5212 782 5287 crimen,
817 5210 902 5291 quod
928 5234 993 5274 non
1018 5210 1194 5276 dubitanti
1219 5212 1306 5294 ipsos
1336 5213 1448 5280 fuisset
1471 5217 1510 5282 ad
1534 5219 1766 5301 integritatem.
1811 5222 1945 5286 Poterat
1978 5220 2101 5307 dicere,
2138 5226 2198 5292 fal-
