4784 5970
195 376 259 442 253

201 566 383 645 limitatem,
413 587 450 634 ao
476 567 609 632 donavit
640 569 689 633 illi
723 586 842 633 nomen
874 567 958 651 quod
992 580 1040 634 est
1072 589 1170 652 supra

201 671 298 717 omne
327 670 454 730 nomen,
483 662 521 717 ut
552 654 586 717 in
619 654 752 719 nomine
785 654 860 719 Iesu
892 656 1043 719 flectatur
1074 675 1170 720 omne

202 758 288 821 genu
309 737 505 816 coelestium,
527 740 733 804 terrestrium
752 758 789 803 ao
806 739 1025 804 internorum:
1047 739 1169 805 omnis-

202 843 266 905 que
303 821 416 907 lingua
452 825 644 888 confiteatur
680 824 765 906 quod
801 825 964 890 Dominus
999 826 1041 889 sit
1078 825 1170 890 Iesus

202 907 362 984 Christus,
386 906 427 973 ad
449 909 585 992 gloriam
604 909 667 974 Dei
689 910 800 992 patris.
839 911 938 975 Prius
960 929 1037 993 ergo
1056 909 1169 976 Chris-

203 1005 271 1057 tum
295 993 462 1058 humiliari
484 1004 517 1059 et
538 995 717 1078 ignominia
738 996 824 1061 alfiei
847 996 1000 1077 oportuit,
1023 1016 1083 1060 neo
1105 1005 1169 1060 sta·

204 1080 261 1142 tim
296 1080 448 1163 apparuit
481 1100 519 1143 ea
557 1080 743 1146 sublimitas
782 1080 816 1145 in
850 1101 947 1164 qnam
982 1080 1169 1145 evehendus

200 1177 288 1229 erat:
307 1163 365 1229 sed
382 1164 596 1246 ignominiam
612 1168 717 1232 erucis
729 1165 869 1249 gloriosa
887 1167 1079 1232 resurrectio
1097 1186 1169 1232 cum

201 1268 327 1313 summo
350 1248 472 1314 honore
494 1262 631 1332 sequuta
653 1261 711 1317 est.

286 1359 337 1423 15.
366 1358 435 1443 (Sic
456 1360 622 1447 aspmqat.)
665 1361 733 1426 Alii
762 1371 938 1445 exponunt,
967 1361 1101 1427 Stillere
1123 1362 1169 1426 ia·

199 1448 282 1511 ciet:
317 1444 402 1526 quod
432 1446 652 1529 metaphorice
680 1447 844 1530 accipiunt
873 1468 932 1531 pro
961 1447 1058 1530 loqui.
1103 1446 1170 1512 Sed

201 1552 303 1615 quum
335 1544 383 1599 nti
418 1531 578 1615 significet
610 1535 810 1616 Aspergere,
851 1543 948 1615 atque
981 1533 1042 1599 hoo
1073 1553 1171 1597 sensu

203 1617 301 1699 vulgo
324 1617 508 1698 reperiatur
529 1617 563 1680 in
591 1620 771 1701 scripturis,
800 1618 886 1683 malo
906 1617 993 1683 hano
1012 1617 1171 1700 iuterpre-

201 1705 358 1767 tationem
381 1702 483 1784 seqni.
529 1701 702 1786 Significat
730 1711 838 1768 autem
868 1703 1012 1768 futurum
1043 1713 1080 1767 nt
1102 1703 1170 1768 Do·

199 1788 308 1852 minna
330 1807 512 1851 sermonem
536 1809 630 1852 suum
654 1809 712 1871 per
738 1788 860 1852 multas
883 1790 1032 1853 nationes
1054 1788 1171 1853 diffun-

204 1873 268 1937 dat.
313 1870 494 1956 Subiungit
516 1872 665 1938 effectum
683 1873 856 1951 doetrinae,
879 1873 963 1954 quod
977 1894 1066 1957 repes
1086 1875 1171 1940 atau-

203 1960 277 2023 dent
299 1976 335 2021 os
357 1976 459 2034 mum,
487 1977 606 2040 nempe
629 1960 661 2022 in
693 1959 823 2042 signum
854 1957 1085 2036 admirationis,
1115 1960 1171 2024 sed

202 2043 352 2108 diversae
374 2043 414 2107 ab
437 2062 475 2107 ea
497 2045 589 2107 ouius
611 2052 688 2108 ante
711 2043 870 2109 meminit.
903 2043 1061 2109 Homines
1084 2045 1171 2108 enim

202 2127 379 2192 obstruunt
402 2149 458 2192 ora
488 2149 557 2207 sna,
587 2127 788 2212 haerentque
821 2131 960 2211 attoniti,
992 2150 1089 2211 quum
1125 2130 1172 2193 rei

203 2210 395 2296 magnitudo
414 2221 505 2278 tauta
528 2221 578 2279 est
595 2223 631 2277 ut
649 2216 789 2297 exprimi
812 2235 878 2278 uon
896 2215 1006 2297 possit,
1028 2235 1172 2279 omnem-

202 2319 266 2380 que
289 2297 417 2362 dioendi
440 2297 626 2363 facultatem
647 2310 829 2383 exsuperet.
879 2299 966 2380 Quod
986 2321 1046 2366 uon
1068 2301 1173 2366 audie·

200 2387 283 2447 rant.
329 2380 503 2466 Significat
532 2382 778 2450 admirationem
806 2384 890 2450 hano
918 2407 983 2450 non
1014 2407 1054 2450 ex
1085 2386 1172 2450 nudo

200 2467 326 2539 Christi
350 2481 490 2550 aspectu,
522 2469 577 2534 sed
607 2472 713 2551 potins
736 2491 776 2534 ex
807 2471 1046 2552 praedicatione
1073 2492 1170 2535 evan·

200 2553 276 2636 gelii
300 2553 442 2618 futuram
465 2575 546 2620 esse.
591 2555 677 2619 Nam
700 2555 761 2619 etsi
787 2557 1033 2636 resurrexisset,
1062 2563 1171 2621 tamen

200 2659 314 2703 omnes
347 2639 455 2722 ipsum
489 2649 594 2704 morte
626 2639 778 2704 obrutum
811 2641 1067 2718 existimassent,
1108 2642 1171 2705 nisi

201 2727 448 2789 resurrectionis
471 2724 575 2807 gloria
605 2724 769 2805 publicata
798 2736 892 2790 esset.
937 2726 1053 2808 Itaque
1082 2746 1172 2808 prae-

201 2809 361 2873 dicatione
394 2810 556 2892 evangelii
592 2811 751 2891 patefacta
789 2822 865 2874 sunt
897 2832 935 2875 ea
968 2831 1049 2892 quae
1081 2813 1172 2894 prius

201 2914 307 2975 neque
340 2893 410 2958 visa
438 2915 542 2977 neque
571 2894 683 2959 audita
713 2895 850 2960 fueraut.
895 2895 980 2960 Nam
1009 2895 1049 2959 ad
1078 2916 1171 2980 reges

203 2992 234 3043 et
257 2979 394 3062 populos
417 2980 470 3060 qui
500 2979 691 3062 longissime
722 2980 867 3058 aberant,
897 3002 1000 3063 usque
1027 2981 1059 3044 in
1091 2983 1172 3047 fines

200 3065 287 3130 orbis
318 3070 478 3128 terrarum
509 3064 589 3130 haec
619 3065 764 3130 doctriua
793 3066 918 3150 perlata
948 3075 1006 3132 est.
1050 3066 1172 3133 Paulus

201 3150 289 3215 huno
313 3148 419 3215 locum
449 3151 529 3215 citat
557 3149 816 3234 (Rom.15,21)
846 3171 982 3234 eumque
1009 3153 1043 3216 iu
1074 3153 1171 3217 mini-

201 3235 299 3300 sterio
320 3256 378 3300 sno
400 3235 568 3317 impletum
592 3255 662 3300 ease
684 3237 835 3313 ostendit,
860 3245 958 3321 atque
981 3258 1018 3302 eo
1041 3240 1171 3303 nomine

202 3320 373 3405 gloriatur,
400 3321 484 3402 qnod
507 3322 711 3386 annuntiarit
734 3321 912 3388 doctrinam
943 3322 1104 3406 evangelii
1132 3325 1172 3388 iis

202 3407 258 3488 qui
291 3404 330 3469 de
364 3425 402 3469 ea
434 3406 518 3470 nihil
557 3427 698 3488 unquam
739 3407 918 3473 audierant.
973 3407 1045 3474 Hoc
1083 3409 1169 3474 enim

202 3490 340 3573 apostoli
363 3511 429 3554 non
452 3492 595 3557 cuiusvis
618 3493 757 3557 ministri
785 3493 927 3559 officium
958 3501 1015 3559 est.
1060 3491 1171 3578 Signi·

201 3578 278 3640 ficat
312 3596 389 3658 ergo
422 3597 558 3660 regnum
589 3575 715 3642 Ohristi
742 3576 840 3643 latius
872 3589 981 3660 patere
1010 3599 1107 3660 quam
1135 3580 1171 3643 in

202 3660 334 3738 Iudaea,
361 3677 422 3727 neo
450 3663 515 3726 iam
538 3663 686 3746 angustia
715 3662 779 3727 illis
809 3663 954 3727 terminis
982 3664 1169 3729 conclusum

204 3767 285 3810 esse.
329 3745 412 3810 Nam
448 3748 554 3829 ipsum
583 3748 757 3832 propagari
784 3768 841 3829 per
870 3768 979 3812 omnes
1012 3749 1170 3829 nationes,

203 3840 300 3912 atque
321 3832 452 3895 extendi
476 3853 578 3914 usque
607 3834 639 3897 in
670 3833 752 3897 fines
781 3833 868 3898 orbis
897 3831 1071 3917 oportebat.
1114 3833 1170 3898 Iu-

204 3916 276 3979 daei
299 3936 376 3979 vero
399 3916 518 3998 aliquid
545 3918 717 3983 audierant
745 3918 785 3982 de
808 3916 940 3986 Christo
970 3940 1009 3983 ex
1038 3918 1109 4001 lege
1137 3931 1171 3984 et

203 3999 390 4083 prophetis:
418 4001 475 4065 sed
497 4003 649 4085 gentibus
671 4004 802 4086 penitus
823 4004 954 4088 ignotus
976 4014 1060 4068 erat:
1083 4004 1170 4069 unde

203 4085 361 4167 sequitur,
394 4086 475 4152 haec
505 4087 602 4152 verba
630 4091 758 4172 proprie
785 4089 825 4153 ad
855 4097 967 4173 gentes
996 4088 1168 4171 pertinere.

204 4171 387 4255 Intelligent.
425 4170 576 4237 Ostendit
598 4171 659 4237 hoc
681 4173 782 4238 verbo
804 4174 899 4239 fidem
923 4173 1116 4239 certitudine
1138 4185 1171 4240 et

203 4255 307 4320 solida
329 4256 545 4341 intelligentia
565 4269 724 4324 constare.
764 4258 828 4324 Ubi
850 4260 950 4344 igitur
972 4260 1060 4325 deest
1083 4261 1169 4326 eius·

203 4340 291 4405 modi
313 4342 435 4420 notitia,
464 4343 560 4408 fidem
585 4342 696 4408 abesse
727 4344 940 4409 certissimum
971 4357 1029 4409 est.
1073 4344 1169 4412 Unde

203 4436 338 4508 apparet
360 4447 456 4508 quam
478 4430 576 4493 inane
598 4429 640 4493 sit
662 4429 860 4511 papistarum
890 4439 1106 4496 commentum
1129 4432 1169 4495 de

203 4509 268 4575 fide
290 4512 453 4594 implicita,
484 4535 566 4596 quae
589 4514 670 4578 nihil
700 4511 786 4578 aliud
815 4535 910 4597 qnam
939 4535 1047 4582 crassa
1076 4517 1168 4600 igno-

204 4595 321 4674 rantia,
346 4607 402 4661 aut
423 4599 532 4681 potius
554 4621 643 4665 mera
665 4599 825 4665 chimaera
848 4612 906 4665 est.

1052 383 1202 450 CAPUT
1224 381 1319 449 LIll.

1536 675 1726 758 CAPUT
1759 677 1867 758 LlIl.
1947 800 1949 803 .

1307 844 1336 907 1.
1370 831 1448 924 Quis
1473 843 1571 908 aedat
1597 844 1722 910 auditui
1748 847 1877 912 nostra?
1906 849 2110 917 ctbracbium
2133 854 2183 918 Ie·

1221 928 1315 994 bovae
1335 932 1386 994 eui
1399 927 1423 1015 ¹)
1451 928 1616 994 revelatum
1637 930 1707 994 est?
1741 931 1771 994 2.
1800 932 1952 999 Asceredet
1979 940 2081 1002 tamm
2105 940 2186 1004 sicut

1219 1012 1603 1181 naturate
1619 1017 1752 1166 tat
1769 1019 2039 1170 tantum
2056 1023 2185 1174 ru

1221 1184 1395 1266 adspedus,
1425 1190 1459 1250 nt
1479 1184 1689 1251 desiderentur
1709 1207 1787 1252 eum.
1830 1189 1859 1254 3.
1893 1156 2064 1272 Despectus
2090 1198 2117 1258 et
2137 1216 2185 1260 re·

1222 1271 1316 1334 iactus
1345 1270 1425 1334 inter
1453 1269 1606 1351 homines,
1638 1273 1689 1336 air
1715 1273 1872 1354 datorum,
1898 1277 2023 1357 pedm
2053 1279 2184 1360 infirmi-

1222 1355 1313 1420 tatis:
1351 1357 1445 1436 quasi
1477 1356 1692 1422 abscondimus
1724 1359 1839 1440 taciem
1872 1360 1911 1426 ab
1945 1381 1994 1439 eo,
2032 1368 2060 1427 et
2093 1365 2186 1430 nihili

1221 1441 1433 1521 repedavimus
1463 1461 1540 1506 eum
1590 1442 1621 1506 4.
1657 1442 1741 1507 Sane
1773 1444 1936 1528 languores
1967 1453 2087 1513 nostras
2118 1452 2186 1532 ipsse

1221 1525 1309 1603 tulit,
1341 1529 1370 1589 et
1399 1525 1521 1590 dotores
1553 1532 1672 1592 menos
1702 1529 1770 1610 ipse
1797 1532 1952 1611 putonii,
1988 1537 2015 1596 et
2044 1552 2102 1599 nos
2132 1556 2183 1600 ec-

1222 1611 1446 1695 istimocimus,
1476 1631 1544 1675 eum
1568 1632 1766 1693 percussum,
1795 1616 1992 1680 uulneratum
2019 1638 2040 1681 a
2061 1618 2130 1685 Dea
2157 1627 2186 1685 et

1221 1694 1428 1795 humiliatum.
1483 1697 1512 1761 5.
1548 1700 1652 1795 Atqui·
1678 1699 1745 1780 ipse
1774 1699 1954 1765 vulturnus
1985 1708 2028 1767 est
2056 1709 2186 1787 propter

1222 1786 1404 1947 amitt
1413 1787 1766 1951 nnuman
1779 1791 2185 1954 attrectatum

1223 1948 1380 2034 sanati02)
1405 1952 1501 2017 nabis.
1545 1952 1575 2018 6.
1602 1953 1714 2019 Omnes
1733 1975 1789 2020 nas
1808 1962 1958 2038 tunquam
1979 1979 2047 2023 oues
2068 1962 2185 2026 erravi·

1223 2055 1309 2114 mus,
1338 2036 1468 2118 quisque
1495 2037 1530 2102 in
1558 2040 1643 2103 eiam
1669 2061 1761 2105 suam
1787 2042 1962 2109 declinavit.
2007 2044 2051 2108 Et
2072 2043 2187 2112 lebana

1224 2121 1418 2185 traductitia
1436 2142 1504 2185 eum
1521 2128 1644 2188 nonnos
1661 2127 1798 2190 omnium
1814 2128 2003 2208 inminutas.
2038 2130 2066 2193 1.
2087 2130 2187 2198 Mulc-

1224 2211 1306 2270 totus
1328 2211 1381 2289 est,
1409 2208 1642 2294 daftlictus2),
1671 2231 1724 2276 nec
1745 2213 1867 2292 aperuit
1886 2232 1921 2277 as
1941 2233 2041 2279 snum
2088 2216 2186 2297 Quasi

1220 2310 1317 2373 pacm
1333 2292 1375 2356 ad
1391 2295 1605 2359 mactationem
1626 2295 1764 2379 ducetm,
1786 2302 1815 2361 et
1830 2303 1979 2378 tanquam
1999 2302 2065 2366 aeis
2082 2321 2186 2367 coram

1224 2376 1398 2441 tonsoribus
1433 2379 1500 2442 suis
1538 2378 1730 2459 obmatescet,
1770 2401 1825 2447 nec
1862 2385 1979 2464 aperiet
2017 2405 2051 2451 os
2086 2406 2186 2451 suum

1225 2463 1254 2527 8.
1275 2461 1309 2525 E
1327 2481 1447 2528 carcere
1467 2468 1494 2528 et
1514 2465 1631 2529 iudicio
1651 2466 1794 2530 sublatus
1815 2472 1867 2532 est.
1900 2468 1942 2531 Et
1961 2473 2187 2550 emerationem

1224 2548 1293 2611 eius
1320 2549 1391 2627 quis
1418 2549 1602 2614 enarrabit?
1638 2551 1791 2631 Quoniam
1818 2555 1957 2617 suenrus
1984 2561 2028 2620 est
2056 2577 2072 2621 e
2100 2562 2186 2622 terra

1223 2633 1405 2697 vicentium:
1429 2639 1557 2717 propter
1578 2637 1851 2718 transgressionem
1870 2638 1984 2717 populi
2007 2642 2069 2704 mei
2085 2641 2185 2724 playa

1223 2715 1281 2781 dli.
1326 2717 1355 2780 9.
1386 2716 1428 2780 Et
1449 2720 1591 2798 esposuit
1614 2721 1724 2802 impiis
1745 2721 1922 2804 sepulcrmn
1943 2724 2019 2803 eius,
2047 2727 2186 2792 etdiaiti

1222 2805 1347 2865 mortem
1374 2803 1459 2866 eius:
1490 2806 1633 2883 quamuis
1664 2806 1858 2887 iniquitatem
1888 2828 1948 2871 nan
1978 2809 2100 2890 fecerit,
2131 2831 2186 2878 nec

1220 2887 1318 2968 suerit
1344 2887 1433 2952 dolus
1460 2889 1496 2951 in
1523 2909 1574 2952 ore
1603 2891 1679 2954 eius.
1730 2891 1779 2956 10.
1810 2892 1915 2957 Voluit
1942 2898 2043 2958 tamen
2073 2895 2186 2962 loteva

1223 2977 1374 3036 conterere
1390 2992 1467 3051 aem,
1491 2973 1669 3054 infirmitati
1687 2975 1843 3041 subiicere
1875 2978 1976 3058 Qum
1993 2983 2186 3061 poninitur

1224 3056 1412 3136 sacrificium
1433 3059 1572 3123 animum
1593 3080 1698 3137 summ
1727 3061 1841 3126 mdebit
1866 3083 1982 3146 seneen,
2007 3086 2087 3145 pror
2122 3065 2187 3131 abit

1223 3142 1299 3225 dies,
1325 3142 1512 3207 etnatnntas
1535 3143 1666 3209 Ieboaoe
1686 3148 1721 3210 in
1741 3167 1837 3211 manu
1858 3149 1926 3213 eins
1941 3169 2075 3230 prosper
2120 3154 2185 3216 tar.

1225 3228 1273 3291 11.
1304 3227 1338 3290 E
1356 3227 1458 3294 labore
1479 3230 1604 3294 annnoe
1625 3251 1701 3295 suae
1722 3231 1841 3311 uidebit,
1870 3238 1896 3296 et
1917 3236 2127 3301 saturabitur:
2159 3244 2187 3302 et

1222 3311 1364 3378 dedeina
1384 3312 1480 3398 caah
1501 3316 1680 3396 laetificabit
1700 3318 1802 3382 iustus
1823 3337 1932 3383 seruus
1952 3339 2040 3384 meus
2060 3323 2186 3386 mattos:

1222 3398 1298 3478 quia
1324 3398 1506 3478 iniquitates
1531 3420 1636 3464 eorum
1656 3403 1724 3483 ipse
1746 3403 1892 3485 portabit.
1938 3404 1988 3468 12.
2018 3404 2185 3485 Propterea

1221 3482 1407 3548 distribuam
1435 3483 1486 3550 ati
1510 3491 1635 3565 partem
1661 3506 1731 3552 cum
1751 3490 1884 3570 magnis,
1914 3494 1942 3551 et
1963 3510 2032 3554 cum
2052 3491 2186 3556 robustis

1222 3569 1324 3647 spolia
1345 3568 1469 3633 diuae.
1513 3570 1666 3650 Quoniam
1683 3572 1824 3652 profudit
1844 3574 1880 3636 in
1900 3579 2025 3638 martem
2047 3577 2186 3641 animam

1221 3672 1327 3730 mmm,
1357 3657 1383 3715 et
1409 3673 1478 3717 cum
1505 3656 1625 3736 iniquis
1651 3661 1813 3738 reputetur
1840 3663 1901 3722 est:
1934 3660 2000 3741 ipse
2026 3667 2185 3741 peccatum

1221 3737 1384 3801 multarum
1407 3739 1486 3819 tulit,
1507 3745 1610 3820 etpm
1630 3742 1750 3823 iniquis
1771 3745 1880 3807 arcad.

1531 3952 1581 4016 IN
1602 3953 1751 4020 CAPUT
1774 3955 1869 4021 LIII.

1307 4098 1336 4159 1.
1368 4095 1462 4180 (Quis
1482 4098 1582 4164 credet
1607 4098 1732 4164 auditui
1759 4100 1900 4186 metrat)
1948 4101 2040 4167 Haeo
2068 4106 2183 4187 capitis

1221 4179 1394 4259 distinctio,
1417 4194 1472 4246 aut
1493 4186 1600 4266 potius
1624 4184 1764 4251 divulsio
1788 4187 1966 4253 omittenda
1994 4199 2053 4254 est.
2097 4189 2182 4255 Nam

1220 4266 1350 4331 initium
1381 4267 1489 4349 potins
1518 4290 1537 4334 a
1565 4270 1725 4335 versu13
1758 4272 1934 4354 superioris
1965 4274 2079 4357 capitis
2111 4276 2181 4341 fieri

1220 4353 1399 4433 oportebat:
1433 4353 1514 4419 haec
1542 4364 1651 4419 autem
1680 4357 1843 4438 prioribus
1870 4359 2022 4442 coniungi
2053 4358 2181 4425 debent.

1219 4437 1385 4520 Propheta
1406 4439 1493 4502 enim
1515 4440 1568 4506 hio
1592 4441 1692 4505 veluti
1713 4441 1748 4505 in
1769 4442 1874 4506 medio
1903 4445 2057 4510 orationis
2086 4467 2182 4511 eursu

1220 4524 1352 4589 resistit.
1385 4521 1562 4606 Siquidem,
1585 4546 1684 4608 quum
1708 4537 1803 4592 autea
1825 4550 1942 4594 nomen
1966 4528 2090 4594 Ohristi
2112 4531 2181 4596 ubi·

1220 4628 1284 4690 que
1304 4608 1576 4694 promulgandum
1603 4626 1699 4693 atquo
1731 4613 1850 4696 ignotis
1880 4615 2031 4697 gentibus
2061 4616 2150 4697 petes
2167 4651 2181 4665 ·

1220 4693 1369 4758 ciendum
1402 4714 1471 4759 esse
1504 4695 1639 4775 diceret,
1680 4696 1807 4764 interea
1843 4720 1919 4765 vero
1959 4712 2024 4763 tam
2058 4700 2181 4765 humile

1220 4779 1374 4858 futurum,
1398 4791 1434 4843 ut
1456 4779 1535 4845 haec
1558 4780 1705 4847 fabulosa
1727 4784 1833 4848 videri
1855 4795 1994 4867 possent,
2017 4785 2181 4867 abrumpit

1219 4883 1400 4930 sermonem
1423 4886 1518 4929 suum
1541 4877 1636 4947 atquo
1657 4869 1827 4946 exclamat,
1850 4871 2010 4935 nemiuem
2029 4871 2091 4935 ista
2112 4891 2180 4935 cre·

1219 4949 1371 5016 diturum.
1406 4949 1514 5015 Simul
1537 4949 1680 5018 dolorem
1701 4975 1796 5020 suum
1818 4955 1981 5038 exprimit,
2004 4955 2090 5036 quod
2112 4964 2179 5021 tam

1219 5035 1378 5102 inereduli
1399 5035 1466 5101 sint
1488 5036 1638 5103 homines
1667 5049 1704 5103 nt
1731 5040 1868 5105 salutem
1899 5060 1992 5106 suam
2022 5041 2178 5107 reiioiant.

1288 5212 1296 5241 ¹
1326 5207 1357 5260 in
1374 5204 1513 5273 maraine:
1531 5206 1703 5262 adverbum
1722 5209 1911 5279 Superqnem.
1947 5209 1971 5276 ¹)
1987 5210 2048 5278 Vel,
2066 5212 2177 5268 medela.

1219 5272 1242 5340 ³)
1258 5272 1316 5340 Ve,
1335 5291 1487 5344 oppressus.
1522 5275 1543 5344 ⁴)
1560 5277 1609 5330 Vel
1627 5278 1779 5347 cognitione
1797 5279 1846 5330 sni.
