4784 5970
123 363 144 429 9
993 357 1144 426 OAPU'P
1165 357 1242 424 XL.
2077 364 2119 430 10

29 604 35 613 .
124 554 189 634 pet.
219 549 305 615 Nam
321 569 421 632 quum
439 547 578 633 porrigit
596 567 739 625 menum,
758 545 840 611 nihil
858 566 920 611 nos
936 543 1096 612 abdneere
1146 544 1419 629 promulgandum
1442 568 1521 629 esse,
1544 557 1583 615 ut
1603 550 1733 632 penitus
1755 551 1882 616 affieiat.
1916 549 1988 616 Iam
2006 550 2117 617 addita

124 644 183 702 aut
205 644 353 702 avertere
374 643 487 718 potest.
1146 632 1359 715 interrogatio
1391 634 1534 715 pondere
1567 656 1632 699 uon
1664 642 1763 701 emet.
1818 636 1992 721 Signifioat
2029 637 2118 702 euim

209 722 239 787 5.
263 719 321 807 (Et
340 720 550 805 revelabitur.)
593 717 766 803 Signifioat
794 716 1003 801 magnifieum
1027 714 1095 780 lore
1146 715 1306 800 propheta
1333 738 1397 783 nou
1423 728 1546 785 temere
1575 740 1610 785 se
1642 720 1790 804 prosilire
1818 729 1851 787 et
1880 723 2002 789 iaetare
2030 722 2117 805 qnod

124 807 187 874 hoo
208 806 442 890 redemptionis
469 826 567 890 opus,
596 805 643 869 ita
672 812 711 869 nt
739 801 845 887 palam
869 801 1030 867 Dominus
1060 822 1095 868 se
1146 802 1208 867 sibi
1233 802 1445 869 tumultuario
1467 803 1580 871 andire
1600 806 1691 872 visus
1712 807 1764 885 sit,
1787 806 1844 872 sed
1861 808 1947 890 qnod
1966 808 2117 874 distinete

123 902 273 959 autorem
296 894 366 957 eius
387 913 457 957 esse
475 889 636 970 ostendat,
657 889 925 970 maiestatemque
947 907 1039 953 suam
1058 909 1095 953 ae
1145 895 1296 970 eertoque
1329 889 1463 956 ednotus
1495 891 1551 969 sit,
1583 910 1683 974 quum
1713 894 1822 957 animo
1851 894 2026 975 eomposito
2060 915 2116 960 ex·

123 980 303 1062 potentiam
326 977 532 1061 oonspienam
554 975 676 1041 reddat.
720 975 804 1040 Eam
831 972 960 1056 quidem
990 974 1094 1037 omni·
1145 981 1331 1054 spectasset.
1378 976 1485 1041 Porro
1512 997 1555 1041 ex
1583 997 1620 1040 re
1647 977 1719 1061 ipsa
1747 977 1900 1062 eolligere
1927 977 2005 1044 lieet
2034 979 2116 1044 nihil

123 1065 185 1130 bus
206 1066 240 1129 in
262 1062 340 1129 loeis
361 1083 399 1129 ae
420 1063 517 1128 rebus
539 1061 742 1145 apertissime
763 1057 921 1125 ostendit:
955 1057 1011 1123 sed
1043 1078 1096 1140 po
1146 1057 1200 1122 bie
1222 1078 1293 1123 esse
1315 1081 1568 1143 supervaennm:
1591 1062 1668 1144 qnia
1690 1063 1752 1129 dno
1774 1063 1949 1147 praeeipua
1970 1063 2117 1131 eoelestis

124 1150 289 1215 tissimum
310 1150 347 1213 in
369 1147 563 1214 vindieanda
585 1168 624 1213 ao
644 1145 813 1211 liberanda
835 1143 969 1210 seelesia
997 1143 1031 1207 id
1061 1164 1095 1208 se
1146 1142 1311 1210 doetrinae
1333 1146 1439 1229 eapite
1461 1147 1602 1212 breviter
1624 1146 1782 1214 tradenda
1809 1159 1911 1214 erant.
1958 1150 2118 1231 Quamvis

122 1236 287 1320 promittit
308 1234 483 1300 fauturum.
527 1232 595 1298 Neo
616 1233 747 1311 frustra,
775 1231 852 1313 quia
873 1230 1021 1295 liberatio
1043 1249 1094 1294 ee·
1146 1230 1257 1296 lnmns
1278 1233 1321 1296 sit
1343 1252 1380 1298 ae
1401 1252 1454 1297 res
1472 1231 1567 1297 nihili
1587 1233 1693 1311 homo,
1715 1244 1846 1318 totaque
1863 1236 1932 1301 eius
1950 1247 2115 1318 praestan·

123 1320 241 1389 elesiae
262 1340 282 1385 a
304 1321 371 1386 snie
397 1316 539 1384 exordiis
569 1338 672 1401 usqne
698 1317 740 1381 ad
761 1317 887 1383 Ohristl
918 1315 1095 1381 adventum
1147 1314 1193 1380 tia
1214 1316 1315 1382 lallax
1337 1329 1370 1382 et
1391 1317 1563 1398 emareida,
1585 1320 1739 1401 optimam
1764 1330 1872 1385 tamen
1895 1343 1967 1386 esse
1986 1343 2117 1387 eausam

122 1405 323 1474 ineredibilis
355 1403 512 1486 quaedam
545 1403 606 1468 luit
638 1402 724 1467 orbis
756 1402 933 1467 renovatio.
985 1399 1095 1483 Atque
1146 1402 1307 1484 gloriandi
1329 1401 1488 1481 fidelibus,
1511 1404 1586 1486 quia
1610 1416 1703 1470 extra
1724 1426 1760 1470 se
1781 1404 1918 1472 salntem
1942 1418 2116 1488 quaerunt:

121 1493 203 1559 haee
227 1490 320 1556 valde
341 1500 523 1573 opportuna
545 1488 607 1554 init
635 1488 829 1564 admonitio,
859 1507 960 1568 quum
990 1486 1095 1551 virtus
1147 1497 1179 1551 et
1201 1489 1352 1570 quamvis
1373 1489 1408 1553 in
1431 1499 1518 1554 terra
1544 1491 1811 1574 peregrinentur,
1839 1493 1916 1575 quia
1944 1504 2052 1557 tamen
2082 1515 2117 1559 se

121 1579 187 1644 Dei
225 1597 323 1661 qnam
362 1576 440 1641 olim
480 1594 632 1639 exserere
679 1574 794 1638 solitos
837 1574 942 1637 inerat
996 1592 1095 1655 prope
1146 1573 1237 1637 Dens
1259 1572 1325 1638 illis
1346 1595 1404 1657 per
1425 1574 1560 1641 verbnm
1582 1597 1677 1640 snum
1696 1577 1876 1662 ooninngit,
1898 1577 2029 1643 eoelesti
2047 1579 2116 1643 teli·

122 1664 285 1730 exstineta
307 1663 400 1741 foret,
431 1670 468 1725 nt
489 1660 547 1724 vix
570 1661 723 1726 obseurae
745 1658 904 1723 suintillae
926 1659 1094 1733 minarent,
1146 1659 1243 1723 eitate
1266 1680 1336 1724 esse
1357 1661 1530 1742 praeditos.
1574 1660 1713 1727 Neeesse
1736 1664 1822 1728 enim
1850 1672 1918 1744 est,
1948 1670 1985 1727 ut
2014 1665 2117 1729 nostri

61 1806 71 1827 χ
121 1751 218 1816 sienti
240 1750 275 1813 in
297 1747 430 1812 Psalmo
452 1746 521 1831 (74,Ι
540 1745 574 1831 9)
597 1746 732 1811 dieitur:
767 1744 870 1828 Signa
894 1753 1008 1810 nostra
1030 1765 1093 1809 uon
1146 1745 1327 1809 exinanitio
1349 1747 1390 1810 ad
1412 1747 1628 1830 expetendam
1648 1747 1712 1812 Dei
1729 1748 1869 1831 gratiam
1890 1769 1950 1813 nos
1968 1747 2117 1815 adduaat.

121 1834 269 1902 videmus
292 1845 352 1898 ete.
376 1833 520 1915 promitti
542 1853 662 1896 novum
692 1842 725 1896 et
754 1830 962 1896 memorabile
992 1831 1094 1914 speoi·
1148 1829 1279 1896 Seiebat
1300 1839 1387 1896 uerte
1409 1833 1570 1915 propheta
1592 1831 1671 1915 qnid
1694 1831 1809 1898 dooere
1833 1855 1950 1918 operae
1973 1836 2116 1917 pretium

121 1941 206 1996 men,
237 1940 280 1983 ex
301 1939 364 2001 quo
387 1920 532 1984 sentiant
553 1915 674 1999 Deum,
696 1916 753 1982 ubi
773 1916 815 1982 ad
845 1927 972 2001 tempus
1001 1915 1093 1981 dissi·
1147 1925 1246 1981 esset:
1269 1915 1327 1980 sed
1349 1916 1410 1982 hae
1432 1919 1687 2002 interrogatione
1709 1921 1835 1984 animos
1858 1919 1962 2003 magis
1975 1921 2119 1986 exaitare

86 2035 93 2047 =
122 2004 244 2083 mulat,
275 2005 307 2068 in
331 2015 484 2087 promptu
507 2008 619 2067 tamen
641 2002 761 2067 habere
784 2004 891 2068 varies
913 2001 1095 2067 auxiliandi
1146 2001 1259 2080 voluit,
1282 2012 1322 2065 nt
1343 2002 1505 2083 ostendat,
1535 2005 1718 2069 necessario
1741 2006 1812 2088 engi
1834 2027 1869 2070 se
1891 2015 1924 2070 et
1945 2005 2026 2071 alios
2048 2026 2118 2071 om·

121 2089 244 2156 modos.
290 2088 487 2154 Miraonlnm
518 2087 634 2153 deinde
662 2088 838 2172 amplificat
867 2087 930 2151 alia
959 2087 1095 2154 eireum·
1146 2108 1205 2152 nes
1233 2086 1298 2152 Dei
1323 2107 1435 2153 servos
1465 2087 1505 2152 ad
1533 2089 1758 2171 proferendam
1788 2092 1873 2156 hane
1904 2091 2117 2157 sententiam:

121 2176 253 2259 stantia,
274 2176 350 2257 quia
371 2194 437 2239 non
460 2175 493 2238 in
515 2172 638 2238 Iudaea
660 2175 764 2250 modo,
787 2173 844 2238 sed
866 2173 901 2236 in
923 2174 1045 2239 exteris
1064 2185 1094 2237 et
1147 2194 1205 2239 neo
1227 2172 1358 2238 aliunde
1379 2174 1510 2237 initium
1533 2172 1668 2240 doeendi
1685 2176 1756 2239 fieri
1774 2195 1878 2258 posse,
1902 2178 2026 2242 etiamsi
2044 2197 2118 2241 een-

122 2262 308 2345 longinquis
330 2260 519 2344 regionibus
540 2259 665 2324 eelebre
687 2259 758 2323 erit.
803 2259 887 2323 Nam
908 2258 961 2323 his
986 2257 1094 2324 verbis
1146 2261 1207 2324 ties
1231 2272 1356 2342 rogent,
1379 2269 1475 2341 utque
1497 2260 1676 2341 inquirant:
1702 2270 1738 2324 ut
1759 2269 1846 2326 uerte
1868 2260 1950 2326 nihil
1973 2282 2117 2345 unquam

121 2346 461 2424 autemsaepe,
484 2345 646 2428 signifieat
668 2343 775 2410 nullas
797 2344 864 2409 iore
887 2356 1001 2427 gentes
1023 2346 1093 2427 qui·
1145 2347 1322 2428 proficient,
1346 2346 1374 2410 si
1392 2344 1490 2409 aliam
1512 2345 1671 2410 rationem
1693 2347 1776 2410 inire
1800 2346 1910 2413 velint.
1946 2346 2118 2413 clamandi

122 2433 183 2498 bus
207 2454 273 2497 non
295 2432 422 2513 liqueat
443 2430 555 2513 populi
577 2430 716 2495 reditum
739 2430 877 2496 eoeleste
903 2452 974 2495 esse
1003 2451 1094 2513 opus,
1145 2432 1245 2498 verbo
1269 2451 1334 2494 non
1358 2429 1507 2513 displicet
1528 2440 1593 2494 tam
1617 2430 1800 2496 libertatem
1823 2453 1919 2514 qnam
1942 2434 2117 2516 perspicui·

121 2539 183 2583 neo
205 2519 311 2583 Deum
341 2519 462 2582 frustra
495 2536 553 2598 per
584 2516 775 2598 prophetam
809 2516 980 2598 loquntnm
1013 2539 1093 2581 esse.
1146 2526 1247 2581 tatem
1270 2516 1426 2600 intelligi,
1453 2517 1529 2598 qnia
1551 2516 1727 2599 prophetae
1749 2537 1814 2581 non
1838 2518 1957 2583 debent
1983 2517 2116 2585 obseura

121 2604 231 2686 Atque
261 2604 296 2667 in
325 2624 363 2669 eo
396 2601 590 2686 perstringit
621 2601 791 2665 hominum
819 2601 1093 2684 ineredulitatem,
1146 2621 1334 2680 susurrare,
1362 2601 1419 2666 sed
1442 2600 1562 2666 diserta
1583 2621 1662 2666 vooe
1689 2604 1900 2685 pronuntiare
1931 2603 2014 2684 quod
2036 2605 2117 2687 ipsis

122 2691 177 2772 qui
198 2710 368 2772 nunqnam
387 2688 597 2770 aequiescunt
614 2686 882 2769 promissionibus
900 2686 972 2761 Dei,
996 2697 1094 2769 atque
1146 2687 1339 2751 mandatur:
1363 2687 1479 2751 deinde
1501 2686 1602 2750 libere
1624 2697 1657 2750 et
1676 2688 1772 2769 pleno
1790 2709 1845 2752 ore
1863 2689 2007 2769 proferre
2025 2688 2116 2771 quid·

121 2796 181 2859 pro
214 2775 331 2840 fabulis
365 2773 487 2838 habent
520 2771 675 2853 quidquid
716 2771 834 2837 dieitur
868 2793 886 2835 a
917 2772 1093 2854 prophetis,
1146 2772 1222 2854 quid
1256 2773 1337 2836 iussi
1370 2780 1457 2835 snut.
1503 2770 1660 2854 Quisquis
1692 2773 1793 2856 igitur
1825 2773 1866 2836 ad
1900 2771 1961 2837 hoe
1994 2794 2116 2840 munus

123 2861 223 2925 donee
247 2881 313 2924 rem
343 2861 447 2941 ipsam
477 2858 588 2920 intuiti
624 2867 781 2941 eogantnr
811 2855 932 2922 eadere.
986 2855 1093 2922 Simul
1146 2865 1297 2933 voeatur,
1332 2856 1412 2921 bueo
1445 2867 1601 2938 perpetuo
1634 2860 1668 2920 in
1700 2857 1891 2922 memoriam
1920 2868 2053 2924 revoeet
2079 2880 2117 2924 ao

122 2946 175 3011 hie
198 2947 351 3010 doeemur
373 2964 454 3028 quae
476 2944 520 3008 sit
539 2963 615 3007 vera
633 2944 716 3007 ratio
734 2943 945 3026 corrigendae
962 2952 1093 3008 nostrae
1146 2951 1271 3021 teneat,
1301 2942 1424 3006 invieta
1445 2941 1568 3006 suilieet
1595 2941 1743 3007 libertate
1770 2942 1931 3007 utendum
1959 2944 2115 3011 adversus

121 3030 378 3097 ineredulitatis:
411 3048 541 3111 nempe,
574 3028 601 3091 si
635 3047 694 3093 nos
727 3047 935 3093 exerceamus
964 3030 998 3092 in
1027 3027 1093 3092 Dei
1146 3028 1251 3092 omnis
1280 3027 1410 3110 generis
1443 3025 1666 3106 dilfioultates,
1699 3028 1786 3109 quali
1816 3037 1848 3093 et
1878 3028 2054 3111 prophetae
2083 3041 2116 3094 et

120 3116 386 3200 promissionibus
418 3113 632 3196 meditandis,
670 3122 704 3178 et
736 3134 946 3196 quaeeunque
980 3133 1091 3178 earum
1145 3113 1282 3195 apostoli
1303 3133 1433 3194 semper
1455 3112 1507 3177 nsi
1529 3122 1614 3177 sunt.
1658 3112 1730 3177 Vae
1752 3111 1841 3190 mihi,
1864 3114 1971 3196 inquit
1992 3116 2117 3182 Paulus

122 3203 315 3271 doeumenta
338 3200 478 3278 exhibet,
506 3200 602 3264 fidem
625 3209 770 3265 nostram
793 3199 994 3263 oonfirment.
1037 3198 1093 3264 Sie
1145 3199 1188 3283 (1.
1211 3198 1286 3263 Gor.
1310 3199 1340 3273 9,
1364 3197 1435 3283 16),
1471 3200 1497 3262 si
1528 3219 1592 3262 uon
1622 3198 1907 3281 evangelizavero:
1941 3202 2116 3268 neeessitas

122 3289 208 3352 enim
232 3288 411 3352 doctrinam
433 3287 537 3369 ipsam
561 3305 634 3349 enm
664 3285 865 3367 experientia
895 3286 1092 3368 ooninngere
1145 3287 1231 3350 enim
1254 3284 1335 3348 mihi
1358 3284 1524 3349 incumbit.

122 3374 223 3439 deret.
271 3373 357 3437 Nam
386 3372 460 3454 quia
493 3371 628 3453 frigeret
661 3370 746 3453 apud
780 3390 838 3435 nos
871 3371 1092 3451 speetaoulnm
1230 3369 1357 3453 (Omnis
1377 3388 1450 3434 coro
1472 3367 1589 3454 herba.)
1634 3369 1746 3433 Primo
1768 3369 1947 3435 notandum
1971 3382 2028 3449 est,
2051 3392 2115 3436 non

121 3478 256 3541 opernm
279 3457 358 3537 Dei,
389 3456 555 3539 praelneet
578 3456 668 3520 verbi
690 3457 742 3520 soi
765 3456 851 3520 saue:
885 3454 1001 3519 deinde
1022 3456 1093 3538 ipso
1145 3465 1273 3519 tautum
1292 3455 1332 3520 de
1350 3454 1513 3519 humanae
1531 3455 1617 3519 vitae
1637 3455 1815 3538 fragilitate
1833 3457 1897 3539 agi,
1916 3455 1970 3520 sed
1984 3457 2115 3538 longius

120 3546 237 3610 affeetu
260 3545 433 3608 veritatem
456 3542 616 3624 obsignat.
1145 3541 1275 3606 extendi
1309 3560 1509 3615 sermonem,
1549 3549 1587 3604 nt
1619 3540 1776 3622 quidquid
1810 3541 2021 3605 excellentiae
2055 3540 2115 3606 sibi

206 3631 236 3695 6.
259 3628 346 3714 (Vae
362 3629 458 3694 eisit-
476 3627 601 3713 clamo.)
623 3628 688 3692 Hie
704 3625 801 3691 aliam
817 3646 927 3690 vooem
944 3624 1095 3708 designat
1144 3627 1251 3691 inesse
1272 3635 1390 3708 putant
1410 3623 1561 3690 homines
1584 3625 1617 3688 in
1640 3625 1781 3689 nibilum
1803 3625 1978 3709 redigatur.
2017 3625 2115 3691 (lom-

119 3715 161 3780 ab
183 3736 222 3780 ea
244 3714 285 3779 de
312 3736 375 3797 qua
402 3714 493 3798 prius
521 3713 676 3796 loquutus
705 3720 762 3776 est.
806 3709 976 3776 Haotenus
1005 3711 1092 3775 enim
1143 3724 1237 3795 parat
1259 3709 1389 3793 quidem
1412 3709 1521 3774 David
1544 3710 1643 3794 (Psal.
1667 3710 1740 3784 103,
1765 3709 1818 3796 15)
1841 3711 1935 3777 foeno
1959 3712 2044 3777 bane
2066 3713 2115 3777 vi·

121 3799 161 3867 de
182 3801 416 3884 prophetarum
437 3818 516 3865 voee
535 3800 659 3882 agebat,
682 3818 770 3863 nune
786 3817 895 3862 voeem
913 3796 974 3862 Dei
991 3795 1093 3878 ipsius
1144 3804 1229 3877 tam,
1261 3795 1346 3879 qnod
1369 3796 1532 3860 emareida
1552 3796 1595 3860 sit
1623 3805 1655 3859 et
1688 3796 1823 3862 eaduea:
1858 3797 1915 3862 sed
1946 3807 2116 3864 oontextus

106 3885 276 3969 ‘intelligit
296 3886 471 3969 prophetas
494 3884 635 3950 elamore
657 3883 809 3949 iubentis.
848 3881 993 3947 Tametsi
1017 3903 1092 3947 vero
1144 3881 1265 3948 evincit
1286 3881 1479 3965 prophetam
1501 3901 1566 3944 nou
1589 3881 1683 3946 modo
1709 3881 1797 3965 loqui
1826 3879 1866 3946 de
1894 3891 2029 3947 externo
2057 3882 2117 3947 ho·

121 3973 358 4056 prophetarum
380 3991 444 4036 vox
467 3972 511 4036 sit
533 3972 631 4035 etiam
649 3967 724 4047 Dei,
746 3968 839 4032 euius
861 3988 985 4052 organa
1006 3981 1092 4046 sunt,
1144 3970 1248 4045 mine,
1287 3969 1344 4034 sed
1385 3965 1658 4048 eomprehendere
1698 3968 1800 4032 animi
1840 3967 1948 4045 dotes,
1998 3968 2115 4052 quibus

121 4059 193 4143 (neo
233 4057 321 4122 enim
360 4077 401 4120 ex
440 4075 475 4120 se
514 4055 594 4139 ipsis
632 4052 822 4137 loquuntur)
862 4063 969 4117 tamen
1013 4052 1093 4118 haee
1143 4054 1285 4118 maxime
1326 4052 1474 4117 homines
1514 4051 1724 4135 superbiunt,
1765 4066 1802 4118 nt
1842 4062 1892 4119 est
1930 4054 2115 4137 prudentia,

121 4145 285 4208 distinetio
319 4141 500 4207 neeessaria
532 4151 597 4219 est,
634 4151 671 4204 ut
708 4138 928 4223 intelligamus
962 4137 1092 4220 quando
1143 4139 1405 4222 magnanimitas,
1426 4138 1566 4212 solertia,
1585 4137 1750 4218 iuditium,
1769 4138 1949 4204 dexteritas
1967 4140 2001 4202 iu
2020 4141 2116 4207 rebus

121 4230 233 4295 iubeat
248 4229 418 4308 Dominus,
441 4225 571 4308 qnando
593 4225 769 4309 prophetae
791 4237 824 4290 et
846 4224 988 4288 ministri
1005 4224 1092 4289 iussa
1144 4223 1287 4308 agendis,
1307 4224 1424 4306 quibus
1442 4222 1503 4288 sibi
1523 4222 1678 4288 videntur
1695 4231 1861 4307 praestare
1876 4245 1975 4307 supra
1993 4225 2116 4307 reliqua

121 4316 224 4398 ipsius
257 4320 486 4395 exsequantur.
540 4311 586 4375 Et
615 4313 772 4376 eoneinna
809 4317 859 4375 est
891 4311 978 4373 inter
1011 4308 1091 4373 duas
1144 4310 1329 4386 animantia,
1350 4309 1445 4391 idque
1460 4309 1578 4374 melius
1596 4310 1790 4392 exprimitur
1809 4330 1885 4376 vooe
1904 4323 1994 4389 t'tot't,
2017 4331 2115 4393 qnam

49 4412 53 4427 ·
122 4420 219 4465 voees
234 4398 442 4480 comparatio,
466 4408 501 4462 nt
517 4395 681 4462 diseamus
695 4418 761 4461 non
778 4396 888 4460 minus
904 4403 1092 4459 reverenter
1143 4397 1253 4460 statim
1286 4395 1463 4478 subiungit.
1519 4394 1664 4459 Vertunt
1719 4394 1827 4460 uidam
1862 4396 2017 4479 gloriam,
2060 4397 2115 4461 alii

123 4487 273 4566 excipere
296 4483 380 4566 quod
403 4483 546 4547 afferunt
566 4481 762 4566 prophetae,
793 4501 891 4564 qnam
914 4481 942 4545 si
964 4488 1092 4545 tonaret
1142 4480 1407 4546 beneficentiam:
1439 4480 1521 4544 mihi
1550 4500 1603 4544 ma
1627 4480 1655 4544 is
1684 4416 1805 4563 placuit
1833 4501 1953 4546 nomen
1980 4482 2114 4566 gratiae,

122 4572 213 4636 Dens
235 4571 303 4652 ipse
326 4591 343 4634 e
366 4569 469 4633 eoelo:
493 4569 569 4651 quia
591 4587 656 4633 nou
678 4567 859 4648 loquuntur
881 4566 1001 4632 nisiex
1023 4567 1092 4629 eins
1143 4587 1206 4649 quo
1238 4565 1386 4650 intelligo
1419 4564 1574 4648 quidquid
1604 4501 1703 4631 deone
1728 4576 1760 4630 et
1789 4567 1935 4632 favorem
1965 4568 2115 4634 eonciliat

122 4677 195 4735 ore,
228 4662 262 4719 et
290 4654 382 4736 quasi
414 4654 599 4719 intermedii
631 4653 769 4718 renitent
801 4652 887 4734 quod
920 4652 1091 4734 suggessit.
1143 4651 1337 4718 hominibus.
1382 4651 1513 4715 Interea
1536 4661 1644 4715 tamen
1673 4654 1804 4732 passiva
1831 4673 1959 4736 quoque
1989 4655 2016 4718 si
2041 4654 2113 4717 nifi-

122 4742 225 4806 Porro
248 4740 329 4806 haee
346 4739 504 4822 praefatio
522 4739 562 4805 de
580 4760 615 4803 re
633 4739 775 4803 mamma
797 4738 881 4803 seria
898 4737 1091 4820 prophetam
1143 4739 1227 4803 ostio
1250 4738 1354 4802 louum
1378 4735 1526 4802 habebit:
1560 4737 1651 4817 quasi
1675 4737 1794 4802 dieeret
1816 4739 1985 4822 propheta,
2013 4676 2114 4817 buid-

123 4837 272 4893 aoturum
294 4845 364 4890 esso
386 4826 553 4890 admonet:
576 4826 651 4907 quia
673 4823 736 4888 etsi
758 4823 875 4906 ubique
898 4833 1035 4887 testatur
1057 4843 1092 4886 se
1144 4824 1222 4905 quid
1244 4823 1446 4906 praeclarum
1471 4832 1521 4886 est
1543 4831 1575 4885 et
1597 4822 1693 4887 lande
1716 4822 1852 4907 dignum
1870 4825 1903 4888 in
1919 4823 2114 4900 homiuibus,

122 4911 263 4978 fideliter
285 4911 325 4975 de
352 4911 510 4974 manain
538 4930 672 4974 manum
703 4908 830 4974 tradere
860 4909 943 4990 quod
974 4927 993 4971 a
1022 4908 1092 4972 Deo
1143 4929 1267 4974 meram
1291 4930 1361 4973 esse
1383 4907 1447 4971 Dei
1467 4906 1705 4974 liberalitatem.
1739 4909 1796 4974 Sia
1818 4908 1926 4973 David
1949 4907 2048 4991 (Psal.
2062 4907 2113 4988 69,

123 4999 262 5082 vooepit:
298 4996 352 5061 hie
375 5007 484 5060 tamen
506 5017 569 5079 quo
591 4995 665 5078 plus
687 4995 747 5060 sibi
779 4995 969 5059 attentionis
992 4994 1093 5058 eenei-
1147 4996 1195 5059 ll.
1221 4993 1274 5080 18)
1306 4992 1413 5058 Deum
1450 4993 1679 5059 benefieentiae
1712 5014 1789 5060 suae
1822 4993 1981 5077 appellat,
2016 5014 2112 5076 quem

124 5085 191 5167 liet,
209 5093 322 5148 narrat
339 5080 400 5147 sibi
418 5101 573 5163 expressa
594 5082 657 5147 Dei
676 5102 754 5147 voee
772 5081 1004 5163 praeseriptam
1024 5100 1093 5144 esse
1145 5084 1291 5164 agnoseit
1308 5080 1468 5145 bonorum
1487 5080 1634 5144 omnium
1653 5089 1809 5154 autorem,
1828 5089 1861 5144 et
1880 5080 1972 5144 euius
1989 5079 2113 5163 gratiae

124 5167 276 5253 loquendi
298 5167 480 5232 formulam.
513 5167 589 5234 Hue
611 5166 755 5250 pertinet
772 5166 930 5231 clamandi
948 5165 1092 5240 verbum,
1144 5165 1208 5230 fert
1238 5178 1405 5248 aueeptum
1435 5165 1521 5248 quod
1553 5175 1620 5229 tam
1654 5164 1781 5230 abunde
1813 5163 2030 5248 loeupletatus
2062 5165 2113 5229 sit.

124 5275 162 5320 ae
183 5257 210 5321 si
234 5255 355 5320 dieeret
383 5253 575 5319 mandatnm
604 5252 665 5318 hoo
695 5253 781 5317 elara
808 5260 841 5314 et
870 5271 987 5316 sonora
1016 5270 1094 5315 veae
1146 5251 1283 5317 certum
1306 5252 1438 5334 quidem
1461 5260 1510 5317 est
1531 5262 1599 5318 'tort
1623 5254 1729 5318 voeari
1752 5250 1908 5334 quidquid
1929 5259 1979 5316 est
2000 5252 2033 5315 in
2056 5248 2113 5315 ho·
