4784 5970
190 335 253 401 10‘1
1070 331 1118 396 IN
1141 330 1307 397 ISAIAM
2129 324 2189 389 108

187 523 326 603 Deinde,
355 522 430 605 quia
452 521 620 587 sterilitati
650 545 691 586 ex
720 522 867 587 siccitate
896 529 1052 604 aestuque
1081 539 1159 584 con·
1212 524 1348 602 usurpat
1381 519 1441 582 has
1475 517 1627 598 loquendi
1661 516 1795 582 formas:
1835 515 1966 582 Scribat
1993 515 2053 581 ille
2086 536 2188 581 manu

189 607 311 674 tractae
331 608 378 673 sio
400 606 558 687 medetur,
587 618 626 672 ut
648 629 735 672 nova
756 608 854 672 facies
877 618 1041 690 appareat.
1086 605 1160 670 Hoc
1212 623 1288 669 sua:
1315 605 1387 688 Ego
1409 624 1480 669 sum
1504 602 1577 686 Dei,
1606 611 1639 668 et
1661 622 1841 686 cognomen
1861 600 1995 667 Israelis
2025 612 2187 669 assumet:

188 695 284 759 etiam
325 695 430 778 magis
467 694 610 776 explicat
650 693 881 758 benedictionis
919 713 1037 755 nomen
1075 690 1159 774 quod
1213 689 1266 755 ille
1288 689 1495 772 profitebitur
1524 709 1559 752 se
1588 710 1658 755 esse
1681 688 1756 771 Dei,
1787 693 1822 752 et
1852 688 2022 753 vocabitur
2053 689 2188 753 nomine

187 779 364 845 subiunxit.
1212 777 1319 842 Iacob.
1363 775 1495 840 Novum
1518 776 1605 838 enim
1628 785 1661 838 et
1683 774 1848 838 insolitum
1872 772 1994 856 aliquid
2017 772 2187 857 designat:

272 865 302 929 4.
326 863 384 951 (Et
402 864 642 951 qmrtiaobuat.)
676 864 766 928 Nihil
790 863 877 928 aliud
901 863 953 928 hic
976 865 1161 928 continetur
1213 863 1289 945 quia
1310 861 1502 944 gloriabitur
1523 880 1557 923 se
1580 882 1599 924 a
1623 861 1692 924 Deo
1716 858 1915 942 adoptatum,
1945 861 2003 941 qui
2024 860 2119 942 prins
2141 861 2188 925 ni·

188 971 285 1033 quam
326 951 411 1032 quod
452 971 493 1013 ex
528 950 647 1014 Psalm.
679 950 743 1015 104
774 950 889 1014 citavi:
929 949 1057 1031 Spiritu
1096 948 1160 1012 Dei
1213 948 1257 1011 bil
1282 947 1422 1011 habebat
1451 947 1622 1027 cumipse
1652 966 1831 1010 commune.
1875 943 1995 1010 Vocari
2026 946 2090 1011 hoc
2119 945 2187 1011 loco

188 1037 307 1100 emisso
343 1038 530 1099 universam
571 1045 676 1100 terrae
716 1037 829 1101 faciem
865 1035 1031 1112 renovari,
1064 1043 1160 1115 atque
1212 1030 1475 1116 significatquod
1492 1031 1590 1115 vulgo
1608 1031 1754 1108 dicimus,
1779 1031 1819 1095 Se
1839 1030 1995 1097 rmum.
2030 1030 2079 1097 Ut
2095 1033 2188 1115 prius

189 1120 351 1185 virescere
380 1128 412 1184 st
442 1122 558 1184 florere
586 1141 669 1204 quae
698 1122 787 1203 priua
820 1130 912 1185 aestu
946 1128 1160 1184 exaruerant:
1212 1119 1335 1201 cap.4,
1365 1119 1542 1182 Invocetur
1564 1137 1682 1181 nomen
1711 1127 1803 1181 tuum
1834 1137 1931 1198 super
1959 1135 2021 1182 nos
2052 1115 2099 1200 (id
2128 1128 2186 1196 est,

189 1205 461 1287 quemadmodum
486 1219 556 1287 post
586 1207 811 1290 irrigationem
834 1205 1017 1288 pluviarum
1041 1205 1160 1269 herbae
1213 1205 1344 1270 nomine
1377 1214 1433 1267 tuo
1465 1201 1667 1287 censeamur)
1708 1223 1808 1284 quum
1839 1202 1879 1267 de
1910 1202 2044 1267 feminis
2078 1222 2187 1268 sermo

189 1302 403 1357 succrescunt.
450 1291 512 1355 His
535 1293 622 1354 enim
649 1292 915 1357 similitudinibus
943 1312 1013 1355 rem
1043 1290 1158 1372 ampli·
1213 1302 1313 1369 esset,
1347 1289 1463 1372 quibus
1498 1289 1602 1353 instar
1635 1286 1769 1353 umbrae
1799 1298 1849 1353 est
1880 1289 2025 1353 virorum
2056 1309 2186 1354 nomen.

189 1379 274 1460 ticet,
303 1388 399 1458 atque
422 1379 565 1457 apertius
595 1378 736 1443 declarat
760 1379 828 1441 Deo
858 1398 922 1440 non
952 1375 1061 1441 minus
1090 1398 1160 1441 esse
1213 1376 1286 1440 Etsi
1309 1385 1416 1440 autem
1440 1373 1570 1437 videtur
1592 1373 1696 1438 Isaiae
1725 1374 1779 1438 hic
1801 1373 2000 1457 distinguere
2022 1375 2112 1438 inter
2134 1395 2187 1440 ecs

188 1463 280 1526 facile
304 1483 390 1526 nova
413 1461 519 1525 sobole
543 1484 663 1546 augere
688 1462 835 1527 orbatam
858 1462 1035 1538 ecclesiam,
1060 1464 1160 1526 tristi·
1214 1463 1269 1543 qui
1294 1460 1422 1525 disertis
1444 1459 1554 1524 verbis
1577 1459 1816 1541 profitebuntur
1843 1481 1878 1524 se
1904 1481 1975 1525 esse
1997 1481 2040 1523 ex
2070 1461 2187 1542 populo

189 1568 252 1630 que
286 1546 462 1612 solitudine
496 1548 691 1624 deformem,
732 1570 828 1630 quam
862 1557 968 1611 terrae
1001 1547 1161 1611 instillare
1212 1546 1286 1624 Dei,
1310 1556 1343 1610 et
1365 1546 1488 1610 censeri
1508 1545 1621 1609 volent
1643 1565 1683 1609 ex
1707 1545 1839 1609 nomine
1859 1544 1967 1623 Iacob,
1989 1544 2032 1609 ad
2056 1546 2187 1611 eosdem

189 1637 256 1696 vim
291 1634 505 1717 germinandi.
558 1633 740 1711 Caeterum,
773 1635 922 1716 quamvis
954 1633 993 1697 de
1026 1654 1160 1715 regene-
1213 1644 1323 1696 tamen
1346 1633 1487 1696 refertur
1507 1641 1680 1712 utrumque
1702 1632 1895 1709 membrum,
1917 1631 1994 1712 quia
2015 1630 2187 1698 individuo

189 1721 317 1782 ratione
350 1740 414 1782 non
450 1719 618 1801 loquatur,
660 1729 769 1783 tamen
804 1719 844 1783 ad
879 1740 950 1783 eam
985 1720 1161 1783 transferre
1213 1739 1302 1781 nexu
1324 1719 1497 1782 coniuncta
1527 1727 1604 1781 sunt
1634 1717 1713 1781 haec
1743 1715 1816 1795 duo,
1839 1737 1910 1781 esse
1937 1716 2044 1781 filium
2068 1715 2134 1782 Dei
2156 1727 2188 1781 et

191 1805 277 1868 hanc
316 1805 511 1868 sententiam
551 1826 736 1887 possumus:
777 1806 929 1888 quoniam
964 1804 1003 1868 de
1035 1804 1161 1869 instau—
1213 1825 1283 1868 esse
1305 1802 1502 1867 israelitam:
1526 1804 1601 1883 quia
1622 1801 1715 1866 Deus
1741 1803 1808 1867 suis
1836 1802 1986 1866 omnibus
2013 1802 2094 1869 filiis
2124 1823 2188 1867 ma·

189 1891 292 1953 randa
321 1889 456 1954 ecclesia
488 1890 643 1973 loquitur,
675 1892 766 1955 cuius
800 1892 973 1972 praecipua
1006 1910 1080 1972 para
1113 1899 1162 1954 cst
1214 1903 1297 1953 trem
1324 1887 1492 1953 ecclesiam
1524 1888 1674 1952 destinat.
1726 1886 1791 1953 Sed
1822 1887 2002 1952 notandum
2031 1896 2092 1966 est,
2124 1908 2188 1952 uon

189 1975 384 2052 reformatio,
418 1977 540 2057 quain
570 1976 681 2040 electis
714 1977 887 2059 imaginem
921 1996 1012 2040 suam
1047 1975 1160 2040 Domi·
1213 1975 1292 2039 alios
1315 1994 1384 2038 esse
1407 1973 1566 2054 legitimos
1588 1974 1742 2037 ecclesiae
1770 1975 1858 2038 cives
1887 1974 1950 2038 nisi
1979 1974 2035 2056 qui
2066 1994 2102 2039 ee
2124 1972 2188 2038 Dei

190 2082 252 2124 nus
285 2061 437 2125 restituit.
492 2060 584 2126 Haec
616 2062 747 2144 quidem
788 2062 936 2127 doctrina
977 2060 1090 2125 deduci
1125 2083 1162 2126 ae
1214 2061 1350 2142 imperio
1373 2060 1557 2124 subiiciunt.
1604 2057 1639 2123 Si
1663 2060 1837 2140 praeterito
1859 2057 1922 2122 Dei
1952 2059 2085 2124 nomine
2114 2080 2188 2141 pro-

190 2147 295 2210 fusius
329 2147 462 2210 tractari
496 2157 618 2228 potest:
654 2148 710 2211 sed
744 2148 835 2228 prius
868 2146 1081 2228 exprimenda
1114 2156 1162 2211 est
1215 2147 1313 2228 pheta
1331 2146 1428 2210 Iacob
1444 2155 1476 2208 et
1491 2144 1645 2208 Israelem
1664 2145 1809 2222 dixisset,
1833 2145 2055 2228 incipiendum
2079 2154 2188 2210 tamen

189 2253 281 2296 mens
304 2232 490 2314 prophetae,
517 2242 615 2314 atque
645 2233 785 2315 simplex
808 2241 840 2295 et
862 2232 1025 2314 genuinus
1048 2253 1162 2297 sensus
1214 2244 1299 2296 esset
1328 2232 1485 2311 acapite,
1515 2232 1601 2293 unde
1629 2234 1733 2294 omnis
1759 2231 1908 2313 cognatio
1937 2239 2003 2295 tam
2033 2231 2071 2294 in
2100 2230 2188 2295 coelo

190 2316 435 2399 patefaciendus
457 2326 515 2380 est.
1214 2338 1312 2399 quam
1343 2320 1378 2380 in
1416 2326 1504 2381 terra
1537 2325 1658 2380 manat.
1715 2314 1782 2380 Sed
1815 2337 1857 2379 ne
1891 2336 1955 2397 qua
1988 2315 2188 2400 ambiguitas

275 2402 305 2464 5.
331 2401 408 2486 (ch
428 2402 530 2487 dicet.)
574 2403 744 2468 Hactenus
767 2404 986 2485 metaphorice
1008 2402 1162 2485 loquutus
1215 2415 1370 2476 maneret,
1393 2402 1541 2466 ordinem
1567 2402 1654 2465 hunc
1682 2402 1730 2466 bis
1753 2402 1921 2481 expressit,
1952 2422 2017 2465 non
2040 2402 2188 2484 reputari

192 2497 241 2550 ost
263 2487 437 2569 propheta:
469 2509 555 2552 nunc
585 2489 656 2553 sinc
680 2490 792 2571 liguris
820 2510 888 2552 rem
919 2490 1024 2571 ipsam
1051 2501 1162 2570 aperte
1214 2489 1248 2551 in
1277 2488 1400 2551 semine
1422 2487 1530 2564 Iacob,
1558 2487 1619 2550 nisi
1649 2489 1704 2570 qui
1734 2509 1768 2551 ee
1790 2486 1862 2550 Deo
1893 2486 2091 2552 addixerint.
2136 2488 2189 2551 Ex

191 2572 343 2637 declarat.
388 2572 509 2653 Qualia
531 2576 617 2638 enim
641 2577 707 2638 sint
736 2596 775 2638 ea
805 2575 953 2658 germina
981 2585 1013 2638 et
1043 2574 1162 2638 herbae
1215 2573 1266 2637 his
1289 2574 1381 2638 facile
1404 2585 1538 2654 apparet
1559 2594 1640 2655 quae
1663 2576 1705 2636 sit
1727 2593 1821 2636 mens
1843 2572 2027 2654 prophetae.
2070 2571 2190 2638 Osten-

190 2659 370 2741 dequibus
396 2659 550 2741 loquutus
581 2670 631 2725 est
659 2659 816 2724 ostendit:
846 2663 921 2741 quia
950 2660 1071 2724 scilicet
1094 2660 1161 2724 Do·
1214 2659 1262 2723 dit
1284 2661 1370 2722 enim
1393 2660 1571 2736 ecclesiam,
1593 2659 1749 2740 quamdiu
1770 2658 1992 2723 benedictione
2008 2656 2075 2723 Dei
2093 2658 2190 2723 desti-

190 2745 296 2808 minus
314 2767 356 2808 ex
375 2744 524 2810 omnibus
545 2745 673 2828 populis
691 2745 821 2829 colliget
838 2767 923 2822 suos,
946 2747 1051 2828 etqui
1070 2746 1161 2827 prius
1215 2756 1284 2808 tuta
1302 2756 1359 2823 est,
1383 2764 1537 2818 arescere,
1561 2766 1597 2809 ac
1616 2744 1773 2826 paulatim
1792 2743 1832 2807 ad
1851 2745 2018 2809 interitum
2038 2743 2188 2809 tendere:

190 2830 288 2893 alieni
315 2839 418 2907 erant,
448 2832 482 2893 in
515 2832 681 2896 ecclesiam
711 2853 804 2896 suam
835 2831 987 2896 deducet:
1017 2852 1161 2914 eamque,
1214 2832 1268 2896 ubi
1293 2851 1371 2895 vero
1400 2831 1535 2913 spiritus
1561 2829 1624 2894 Dei
1652 2830 1775 2894 effusus
1807 2838 1867 2912 est,
1901 2830 2059 2913 vegetari,
2092 2842 2190 2912 atque

191 2935 290 2996 quum
314 2914 403 2977 nulla
426 2918 516 2996 prius
543 2938 614 2981 esse
637 2916 813 2992 videretur,
842 2918 1035 2981 instaurabit
1064 2928 1162 2998 atque
1214 2918 1298 2980 vires
1323 2916 1453 2980 tandem
1477 2916 1628 2999 colligere
1651 2937 1717 2979 non
1739 2915 1897 2979 modoad
1927 2915 2190 2998 recuperandum

191 2999 332 3083 augebit.
385 3001 466 3062 Nam
498 3002 705 3082 undiquaque
738 3022 850 3065 omnes
883 3002 922 3064 ad
957 3003 1059 3083 ipsam
1091 3022 1163 3065 con·
1214 3003 1390 3083 pristinum
1413 3011 1544 3083 statum,
1570 3001 1627 3064 sed
1650 3012 1688 3064 ut
1710 3001 1801 3065 miris
1823 3001 2036 3066 incrementis
2060 3011 2191 3084 praeter

193 3086 335 3158 venient,
355 3097 451 3165 atque
470 3087 596 3167 piorum
619 3107 751 3149 numero
770 3089 894 3150 censeri
914 3085 1031 3160 volent,
1055 3107 1163 3168 quem·
1215 3108 1305 3169 spem
1336 3098 1497 3169 augescat.
1548 3085 1741 3164 Caeterum,
1778 3088 2019 3151 meminerimus
2052 3107 2120 3152 non
2150 3085 2191 3151 de

191 3168 363 3234 admodum
394 3169 492 3233 etiam
520 3171 641 3234 Psalm.
664 3169 704 3235 87
728 3169 772 3255 (v.
795 3170 839 3256 4),
867 3173 952 3235 Ecce
976 3172 1163 3251 Philistaea,
1216 3171 1480 3235 naturaeordinc
1500 3171 1586 3252 loqui
1606 3172 1808 3254 prophetam,
1827 3173 2016 3253 quasinovi
2031 3173 2191 3238 ecclesiae

192 3255 310 3340 Tyrus,
333 3254 520 3337 Aethiopia,
543 3257 598 3319 ille
621 3267 717 3319 natus
739 3266 788 3321 est
810 3258 865 3320 ibi.
903 3255 969 3336 Qui
992 3256 1080 3320 locus
1103 3258 1163 3322 etsi
1188 3256 1191 3331 l
1214 3256 1274 3320 filii
1297 3257 1378 3321 tales
1401 3256 1441 3319 ab
1464 3265 1556 3320 utero
1579 3271 1764 3336 nascantur,
1794 3259 1872 3339 quia
1893 3268 2020 3322 tantam
2045 3259 2191 3342 dignita·

191 3342 409 3422 interpretum
449 3362 560 3404 errore
599 3343 755 3406 obscurus
797 3341 935 3406 antehac
976 3344 1064 3406 visus
1104 3353 1164 3423 est,
1215 3352 1281 3406 tem
1306 3342 1366 3406 sibi
1390 3363 1485 3406 nemo
1514 3345 1645 3424 propria
1672 3344 1835 3407 industria
1863 3343 2014 3425 acquirit:
2045 3343 2103 3408 scd
2137 3343 2191 3408 ubi

191 3425 402 3493 illustrandae
425 3437 534 3490 tamen
558 3426 635 3491 huic
653 3426 840 3509 prophetiae
858 3429 978 3509 optime
995 3429 1163 3492 convenit:
1215 3428 1279 3491 fide
1313 3428 1451 3511 regeniti
1480 3429 1602 3492 fuerint
1635 3430 1692 3510 qui
1724 3429 1816 3511 prius
1848 3427 2051 3511 alienigenae
2084 3442 2191 3508 erant,

192 3515 358 3595 quianon
382 3511 446 3576 nisi
469 3513 621 3596 exiguum
646 3533 819 3577 numerum
841 3511 881 3576 ab
910 3514 1023 3577 exsilio
1054 3536 1163 3579 rever·
1216 3514 1294 3577 dicit
1317 3534 1434 3578 nomen
1456 3515 1604 3578 certatim
1628 3515 1770 3588 daturos,
1803 3522 1841 3577 ut
1862 3535 1897 3578 se
1918 3514 2004 3579 filios
2026 3514 2092 3579 Dei
2118 3535 2191 3580 esse

191 3620 263 3663 sum
287 3619 357 3662 esse
379 3599 508 3678 scimus,
538 3620 597 3662 sua
620 3599 783 3678 paucitate
806 3599 921 3662 terreri
944 3609 977 3661 et
1006 3599 1163 3681 pudefieri
1217 3608 1385 3664 testentur.
1426 3599 1543 3681 Itaque
1562 3600 1755 3664 describitur
1778 3600 1913 3664 mutatio
1930 3621 2013 3682 quae
2034 3610 2192 3664 naturam

194 3689 347 3767 poterant
386 3682 508 3760 fideles,
549 3683 721 3764 quominus
759 3703 816 3766 spe
854 3685 1165 3766 comprehenderent
1188 3692 1192 3771 l
1216 3696 1249 3748 et
1269 3705 1381 3749 omnes
1403 3685 1565 3749 humanos
1587 3706 1702 3749 sensus
1724 3696 1905 3768 exsuperat,
1929 3687 2007 3750 dum
2026 3707 2070 3751 ex
2088 3686 2190 3750 male-

194 3767 393 3852 praeclaram
417 3776 450 3830 ct
477 3770 681 3851 magnificam
711 3768 800 3834 illam
827 3769 1060 3851 redemptionis
1089 3792 1163 3854 gra·
1216 3771 1301 3834 dicto
1323 3791 1442 3854 genere
1464 3770 1556 3835 Adae
1578 3772 1757 3853 spiritualis
1780 3771 1882 3834 Israel
1912 3772 2062 3836 eflicitur.
2107 3771 2192 3850 Qui-

194 3855 275 3917 tiam
307 3873 390 3935 quae
420 3853 581 3918 celebrata
611 3854 717 3919 fuerat
745 3875 765 3918 a
791 3856 967 3938 prophetis.
1012 3854 1165 3920 Occurrit
1216 3856 1291 3920 dam
1328 3856 1520 3920 existimant
1558 3856 1612 3920 hic
1650 3857 1844 3938 paucitatem
1884 3857 2031 3922 fidelium
2071 3856 2192 3936 notari,

193 3941 295 4023 igitur
325 3938 483 4020 propheta
511 3939 656 4022 quisquis
685 3941 783 4004 fuerit
812 3941 929 4023 psalmi
958 3950 1063 4025 autor,
1093 3962 1165 4024 pro·
1215 3963 1315 4024 quum
1339 3943 1396 4020 ait,
1422 3942 1476 4006 ille
1498 3943 1676 4018 vocabitur,
1707 3942 1788 4005 alius
1818 3943 1947 4007 scribet.
1991 3941 2060 4009 Sed
2091 3961 2192 4026 argu·

194 4025 390 4105 nuntiatque
408 4023 608 4107 Babylonios
626 4037 657 4088 et
669 4024 849 4109 Aegyptios
867 4027 934 4090 fore
953 4049 994 4090 ex
1011 4027 1165 4092 ecclesiae
1217 4035 1363 4092 mentum
1387 4026 1469 4090 illud
1491 4028 1627 4091 minime
1648 4029 1780 4091 firmum
1804 4039 1862 4104 ast,
1893 4041 1927 4092 et
1954 4048 2069 4092 eorum
2099 4048 2193 4092 error

195 4109 395 4174 domesticis:
429 4123 583 4174 venturos
606 4110 784 4192 Aethiopas
810 4124 844 4174 et
874 4113 1001 4195 Tyrios,
1032 4126 1065 4177 et
1094 4114 1163 4194 qui·
1189 4172 1191 4199 ἱ
1217 4112 1309 4177 facile
1343 4112 1502 4177 refellitur
1536 4114 1606 4193 ipso
1647 4124 1813 4177 contextu.
1869 4117 1918 4179 Ae
1950 4134 2023 4177 meo
2057 4114 2193 4195 quidem

194 4216 321 4277 cunque
345 4205 422 4258 tunc
441 4194 538 4259 alieni
557 4208 659 4274 erant,
681 4208 717 4259 ut
739 4199 926 4260 inserantur
947 4199 980 4260 in
1005 4199 1163 4281 populum
1189 4208 1192 4251 l
1216 4198 1335 4262 iudicio
1356 4201 1464 4280 potius
1488 4197 1735 4281 intelligendum
1758 4209 1818 4277 est,
1840 4201 2008 4263 turmatim
2027 4219 2070 4263 ex
2089 4199 2193 4264 variis

194 4282 268 4345 Dei.
320 4279 432 4361 Nunc,
469 4280 591 4362 inquit,
628 4281 755 4345 deserta
784 4292 833 4345 est
860 4282 1075 4366 lerosolyma:
1107 4285 1163 4349 sed
1189 4276 1192 4363 l
1218 4283 1402 4348 nationibus
1424 4303 1461 4346 ac
1484 4282 1638 4365 dispersis
1656 4285 1824 4355 ecclesiam
1842 4285 2011 4349 collectum
2034 4284 2092 4348 iri:
2114 4285 2194 4366 quia

195 4366 287 4430 Deus
310 4385 375 4428 non
400 4373 527 4428 tantum
557 4366 719 4449 dispersos
741 4366 915 4449 aliquando
938 4368 1078 4450 colliget,
1108 4370 1164 4433 sed
1189 4370 1192 4409 ¹
1217 4368 1308 4432 Deus
1331 4369 1454 4432 alienos
1475 4371 1536 4433 sub
1559 4370 1733 4451 imperium
1760 4392 1855 4433 suum
1878 4381 1982 4453 coget,
2011 4380 2110 4452 atque
2133 4391 2192 4434 ex·

195 4451 338 4534 undique
362 4451 457 4513 etiam
481 4465 630 4534 accersat,
654 4473 691 4516 ac
714 4453 746 4515 in
770 4472 869 4515 unum
893 4452 1085 4518 coadunabit
1108 4457 1164 4537 qui
1217 4453 1340 4533 citabit,
1363 4466 1400 4517 ut
1422 4475 1457 4518 re
1479 4475 1558 4518 vera
1587 4476 1653 4519 non
1683 4455 1835 4519 inanibus
1857 4457 1966 4520 verbis
1995 4476 2031 4519 se
2054 4476 2098 4520 ex
2119 4456 2193 4520 aius

195 4558 284 4603 nunc
306 4535 449 4600 maxime
472 4535 639 4613 dissident,
667 4549 704 4600 ut
726 4536 908 4619 glorientur
930 4560 964 4600 se
986 4559 1057 4602 esse
1079 4542 1165 4605 cives
1217 4539 1336 4622 populo
1367 4560 1437 4603 esse
1465 4539 1594 4605 iactent.
1639 4542 1701 4606 Est
1730 4542 1827 4604 etiam
1859 4539 2046 4617 notandum,
2077 4561 2193 4606 veram

195 4622 425 4705 lerosolymae‚
452 4641 511 4686 nec
533 4622 642 4686 minus
664 4624 849 4703 pertineant
871 4622 911 4685 ad
932 4642 1047 4705 corpus
1070 4626 1164 4691 electi
1216 4625 1314 4689 fidem
1336 4636 1423 4689 stare
1442 4645 1505 4689 non
1525 4645 1619 4707 posse
1636 4628 1714 4708 quin
1732 4629 1882 4708 protinus
1899 4627 1934 4690 in
1952 4627 2194 4692 confessionem

194 4709 316 4793 populi,
341 4707 487 4789 quamsi
518 4707 690 4790 indigenae
720 4714 840 4772 essent.
886 4707 978 4771 Idem
1007 4710 1066 4773 hoc
1095 4711 1165 4777 loco
1217 4721 1376 4792 erumpat.
1421 4709 1503 4774 Nam
1528 4713 1592 4776 huc
1614 4711 1780 4793 pertinent
1810 4712 1890 4777 haec
1917 4720 2058 4793 quatuor
2081 4714 2194 4790 verba,

195 4794 288 4859 docet
310 4791 469 4875 propheta
492 4803 609 4868 noster,
634 4814 673 4856 ex
693 4813 754 4874 quo
775 4793 865 4856 haud
884 4791 979 4857 dubie
996 4806 1165 4861 mutuatus
1217 4796 1360 4860 invocari
1384 4798 1513 4859 nomine
1530 4797 1643 4878 Israel,
1662 4799 1810 4875 scribere,
1831 4797 2065 4881 cognominari,
2084 4798 2194 4863 dicere

195 4892 244 4945 est
266 4879 384 4962 psalmi
407 4885 502 4941 autor
523 4877 719 4942 sententiam
742 4878 841 4942 illam.
877 4877 1014 4943 Summa
1036 4890 1094 4956 est,
1117 4882 1166 4945 in·
1217 4882 1288 4963 Ego
1313 4881 1446 4944 Domini
1469 4904 1550 4947 sum.
1595 4884 1664 4947 Nec
1692 4885 1777 4946 enim
1808 4882 2030 4948 obmutescere
2061 4896 2195 4966 oportet

196 4976 328 5048 gentem
357 4964 426 5029 fore
455 4983 648 5028 concursum
679 4962 863 5041 hominum,
892 4965 947 5044 qui
973 4964 1037 5029 fide
1068 4967 1163 5030 simul
1217 4969 1270 5047 qui
1303 4989 1377 5031 vere
1406 4965 1513 5030 Deum
1543 4969 1670 5033 colunt:
1700 4968 1756 5033 sed
1784 4968 1868 5049 quod
1899 4970 1987 5033 intus
2017 4970 2052 5032 in
2082 4971 2194 5035 animo

195 5049 378 5115 coalescent
401 5051 434 5113 in
454 5048 671 5112 obedientiam
690 5049 788 5112 unius
806 5051 874 5113 veri
894 5048 966 5114 Dei.
1002 5050 1166 5129 Quoniam
1241 5061 1336 5115 erunt
1358 5053 1450 5118 factis
1473 5055 1571 5116 etiam
1595 5065 1627 5117 et
1649 5053 1741 5117 dictis
1764 5055 1886 5118 testari.
1928 5055 2135 5120 Profitentur
2159 5077 2195 5121 se

196 5143 305 5200 autem
327 5137 362 5199 in
384 5156 483 5200 censu
506 5135 631 5218 agendo
653 5154 770 5198 nomen
790 5155 882 5198 sutum
903 5136 1038 5218 quisque
1057 5138 1164 5214 dictat,
1190 5144 1192 5203 l
1252 5138 1281 5200 ei
1310 5158 1422 5202 servos
1451 5159 1529 5216 esse,
1558 5149 1591 5203 et
1624 5140 1694 5203 eius
1724 5141 1854 5204 nomine
1889 5150 1958 5204 toto
1988 5141 2079 5206 vitae
2114 5160 2195 5208 suae

195 5222 249 5286 vel
275 5221 431 5297 inscribit,
464 5220 503 5285 ad
534 5221 622 5285 huno
651 5239 775 5283 morem
803 5220 978 5301 respiciens
1009 5224 1166 5304 propheta
1190 5208 1193 5285 l
1217 5244 1317 5288 cursu
1340 5224 1532 5307 gloriantur.
