4784 5970
189 386 252 452 ree
720 360 737 369 ”
1048 385 1286 453 1u1sa1au
2134 378 2198 444 rer

187 573 314 641 iunxit:
338 594 455 658 nempe
477 573 682 640 eversionem
705 573 795 639 illius
816 574 1036 658 monarchiae,
1057 585 1092 640 et
1113 596 1167 658 po
1217 573 1273 657 qui
1290 574 1382 657 prius
1399 575 1563 658 exquisita
1584 574 1749 658 elegantia
1770 571 1928 638 nitebant.
1956 568 2120 656 Virgines
2138 569 2193 637 vix

189 661 275 747 puli,
306 681 389 744 quae
412 659 530 726 deinde
552 671 692 742 sequuta
713 669 773 736 est,
802 660 1035 727 liberationem.
1080 660 1165 726 Nam
1216 660 1324 725 solent
1345 660 1512 727 ambulare
1533 662 1569 727 in
1589 660 1729 744 publico,
1751 658 1867 724 saltem
1889 658 1951 723 viis
1972 657 2059 723 bene
2080 656 2196 723 stratis

190 746 282 813 urbis
315 746 405 812 illius
439 744 580 813 altitudo
613 744 813 828 protundum
844 747 947 813 veluti
979 747 1165 830 sepulerum
1216 747 1281 811 iter
1301 746 1425 813 heere:
1459 756 1494 811 at
1515 746 1691 813 Chaldaeis
1718 744 1855 809 flumina
1887 741 2095 810 transeunda
2123 761 2193 807 esse

180 832 262 911 ¹fuit,
284 831 340 898 ubi
363 832 483 899 defossi
505 839 601 897 erant
623 831 755 895 Iudaei:
784 852 848 914 quo
871 844 982 917 aperto
1004 833 1167 898 Dominus
1217 832 1306 912 dicit,
1327 840 1361 897 et
1382 831 1513 914 quidem
1536 833 1632 899 nudis
1653 830 1812 898 eruribus.

189 916 349 1018 populum
371 918 522 986 suumin
544 916 714 1000 pristinam
738 917 839 981 vitam
861 918 1039 984 revocabit.
1070 918 1166 1000 Quod
1301 918 1331 983 3.
1353 917 1534 1004 (Retepetur
1554 916 1715 1001 turpitudo
1737 915 1817 1067 tuo?
1848 913 2030 983 Concludit
2046 912 2192 997 superio

190 1004 376 1087 rmperandi
399 1004 498 1069 verbo
520 1004 633 1080 utitur,
657 1003 731 1085 plus
753 1003 916 1070 efficaciae
939 1004 1046 1084 habet,
1067 1025 1166 1087 quam
1216 1024 1286 1069 rem
1318 1006 1525 1070 sententiam.
1581 1003 1749 1086 Quamdiu
1809 1003 1914 1068 eremi
1949 1020 2065 1067 rerum
2104 1010 2189 1064 statu

190 1090 219 1156 si
242 1089 340 1155 nudis
362 1089 471 1155 verbis
493 1101 527 1154 et
550 1088 687 1173 simplici
716 1091 903 1155 narratione
932 1090 1019 1156 idem
1041 1091 1166 1175 signifi·
1217 1090 1319 1172 potita
1341 1105 1390 1156 est
1411 1090 1579 1175 Babylon,
1612 1090 1750 1156 retinuit
1777 1088 2055 1173 existimationem
2087 1105 2189 1163 suain,

190 1185 314 1242 basset:
350 1195 424 1240 nam
455 1175 629 1260 magnifice
654 1185 687 1240 et
710 1175 811 1239 veluti
834 1197 852 1240 e
875 1175 1031 1241 tribunali
1061 1178 1165 1260 ipsam
1216 1196 1406 1260 summoque
1435 1176 1559 1243 honore
1585 1178 1701 1243 affecta
1722 1182 1782 1241 est.
1824 1173 1910 1239 Nam
1932 1174 1994 1240 sub
2017 1170 2139 1256 opibus
2158 1181 2190 1236 et

190 1260 381 1346 compellat:
417 1262 493 1344 quia
515 1260 669 1326 mandata
691 1260 754 1326 Dei
777 1262 917 1344 profert:
950 1261 1085 1345 ideoque
1107 1283 1165 1326 au·
1216 1265 1372 1344 potentia,
1405 1271 1559 1345 tanquam
1587 1262 1648 1328 sub
1676 1261 1770 1344 velis,
1802 1260 1914 1326 ulcera
1945 1280 2047 1343 saepe
2076 1280 2189 1343 quam·

190 1346 303 1414 dacter
332 1367 391 1431 pro
421 1347 557 1429 imperio
592 1347 777 1431 promulgat
810 1346 894 1431 quod
923 1350 1069 1413 futurum
1099 1358 1166 1413 est:
1217 1348 1357 1431 plurima
1381 1348 1501 1414 latent:
1534 1370 1617 1431 quae
1646 1348 1783 1414 sublatis
1806 1346 1888 1411 velis
1916 1346 2097 1428 conspicua
2119 1344 2189 1410 red·

190 1431 466 1518 quemadmodum
490 1433 610 1497 seimus
636 1432 721 1498 bano
738 1452 758 1496 a
774 1432 844 1498 Deo
862 1435 1071 1499 autoritatem
1094 1454 1165 1518 pro-
1217 1434 1349 1511 duntur,
1372 1454 1431 1499 nee
1453 1436 1523 1499 sine
1547 1435 1691 1499 maxima
1712 1432 1892 1516 ignominia
1913 1442 2086 1516 apparent
2131 1434 2188 1497 At·

214 1519 301 1585 hetia
323 1517 434 1583 datam
458 1538 537 1584 esse.
584 1517 701 1583 leram.
727 1520 743 1582 l
768 1517 812 1603 (v.
837 1519 909 1606 10):
942 1521 1027 1586 Ecce
1050 1540 1110 1604 ego
1133 1530 1166 1584 te
1217 1540 1290 1601 que,
1308 1530 1345 1584 ut
1361 1521 1408 1585 ait
1419 1519 1669 1604 Demosthenes,
1688 1519 1728 1584 de
1743 1530 1831 1584 statu
1842 1516 1987 1600 Philippi
2005 1516 2147 1599 loquens
2156 1515 2187 1601 ¹),

189 1540 287 1671 lodie
310 1605 465 1669 constitui
488 1625 586 1687 super
608 1615 721 1688 gentes
744 1617 776 1668 et
798 1626 909 1691 regna,
933 1616 969 1670 ut
991 1605 1113 1671 evellas
1133 1613 1166 1670 et
1216 1606 1324 1690 ὥσπερ
1344 1608 1406 1690 γὰρ
1426 1614 1491 1682 τοῖς
1509 1604 1651 1691 σώμασιν
1673 1605 1775 1691 ἡμῶν,
1798 1603 1858 1679 ἕως
1877 1605 1934 1688 μὲν
1952 1604 1992 1669 ἂν
2010 1602 2097 1689 ἐρῤω
2139 1623 2189 1678 νος

190 1689 365 1774 exstirpes,
395 1690 513 1774 perdas
536 1699 568 1753 et
590 1689 773 1770 subvertas,
802 1691 952 1758 aedifices
974 1702 1006 1757 et
1028 1691 1164 1775 plantes.
1215 1690 1314 1842 μτις,
1338 1692 1431 1756 οὐδὲν
1453 1692 1683 1756 ἐπαισθάνεται
1705 1699 1769 1755 τῶν
1791 1686 1873 1753 καθ’
1894 1690 2020 1754 ἕκαστα
2045 1709 2091 1753 σα
2161 1708 2187 1751 ν·

189 1775 292 1843 Nulla
322 1776 409 1841 enim
433 1788 482 1841 est
505 1785 648 1858 potestas
678 1796 762 1857 quae
791 1777 958 1842 autoritati
982 1778 1072 1842 verbi
1099 1797 1165 1841 non
1233 1775 1267 1840 π’
1294 1779 1333 1842 ἂν
1363 1778 1398 1841 δὲ
1428 1777 1622 1863 ἀρρώστημα
1656 1776 1795 1925 sopp&
1809 1774 1915 1840 πάντα
1945 1783 2098 1854 κινεῖται,
2130 1774 2188 1858 κᾷν

190 1861 394 1930 subiiciatur.
439 1861 591 1945 Denique
622 1861 761 1928 Iudaeos
794 1863 828 1927 in
859 1884 927 1927 rem
960 1874 1165 1946 praesentem
1217 1863 1340 1949 ῥῆγμα,
1369 1865 1432 1949 κᾷν
1460 1863 1620 1949 στρέμμα,
1648 1865 1711 1950 κᾷν
1796 1881 1864 1925 οτι
1886 1870 1950 1926 τῶν
1977 1860 2188 1946 ὑπαρχόντων

189 1948 352 2015 moneare
386 1946 509 2013 voluit:
550 1948 627 2029 quia
660 1949 719 2013 vix
758 1950 898 2014 mutatio
938 1949 1000 2014 ista
1040 1950 1165 2031 concipi
1217 1949 1351 2034 σαθρῶν
1373 1948 1410 2034 ᾖ,
1435 1952 1519 2014 οὕτω
1541 1952 1681 2015 καὶτῶν
1704 1947 1830 2013 πόλεων
1852 1949 1992 2013 καὶτῶν
2014 1946 2188 2032 τυράννων.

189 2041 330 2120 poterat,
353 2034 414 2099 nisi
439 2031 530 2099 Deus
553 2054 571 2098 e
593 2033 682 2099 coelo
705 2044 844 2099 tonaret.
1216 2035 1425 2119 Reteguntur
1447 2037 1535 2101 enim
1557 2037 1676 2119 probra
1698 2055 1780 2119 quae
1802 2033 1961 2114 latebant,
1989 2054 2096 2117 quum
2119 2053 2187 2116 per·

276 2117 381 2205 (Filia
411 2117 536 2204 Bobel.)
591 2119 683 2185 Haec
714 2119 822 2203 ligura
854 2121 934 2186 satis
966 2122 1085 2186 usitata
1117 2125 1167 2186 est
1217 2121 1369 2186 turbatur
1390 2141 1503 2186 eorum
1526 2129 1642 2199 status,
1665 2121 1845 2204 opibusque
1867 2129 1900 2184 et
1921 2119 2027 2202 copiis
2047 2118 2188 2203 spolian-

189 2205 366 2287 Hebraeis,
395 2226 437 2290 po
461 2204 555 2270 ulum
577 2204 728 2271 videlicet
757 2205 899 2288 aliquem
926 2204 1012 2272 filiae
1036 2207 1165 2272 nomine
1217 2217 1279 2271 tur.
1324 2206 1411 2288 Quia
1433 2217 1466 2272 et
1489 2207 1642 2288 saevitia,
1675 2220 1709 2272 et
1737 2202 1884 2284 fraudes,
1918 2210 1951 2270 et
1979 2205 2129 2288 rapinas,
2160 2213 2190 2266 et

190 2292 367 2377 appellare.
446 2292 580 2376 irpiaem
608 2301 714 2369 vocat,
749 2312 814 2356 non
844 2292 928 2374 quod
961 2292 1079 2376 pudica
1107 2303 1166 2357 aut
1216 2293 1368 2374 periuria,
1391 2305 1424 2358 st
1440 2294 1583 2358 iniustae
1600 2293 1802 2372 vexationes,
1819 2299 1852 2353 et
1869 2291 1934 2357 alia
1950 2289 2087 2369 seelera,
2111 2309 2190 2372 quae

190 2387 280 2445 easta
314 2384 415 2454 esset,
449 2377 506 2443 sed
536 2375 621 2458 qnod
655 2375 798 2441 molliter
827 2387 860 2443 et
890 2377 1028 2444 delicate
1062 2380 1166 2443 instar
1216 2380 1250 2441 in
1274 2399 1429 2462 prospero
1459 2399 1610 2445 successu
1641 2380 1757 2444 honori
1787 2375 1959 2455 dabantur,
1992 2377 2028 2441 in
2052 2374 2190 2441 dedecus

190 2463 357 2547 virginum
380 2462 525 2545 educata,
550 2462 672 2527 nullam
698 2462 763 2527 vim
786 2483 881 2546 passa
903 2473 987 2529 esset
1010 2466 1049 2529 ab
1068 2465 1164 2530 hosti·
1217 2463 1331 2529 eadere
1353 2465 1524 2546 incipiunt.

191 2550 268 2615 bus:
302 2548 577 2633 quemadmodum
606 2549 698 2632 prius
728 2547 767 2613 de
797 2547 919 2614 Sidone
952 2549 1075 2615 dictum
1106 2559 1165 2616 est.
1303 2548 1474 2632 (b'ltioaem
1496 2572 1628 2626 menam,
1653 2556 1681 2615 et
1696 2572 1760 2616 aaa
1780 2567 1938 2617 menarum
1959 2546 2077 2633 borno)
2109 2544 2191 2611 Non·

189 2636 300 2719 Atque
330 2634 429 2700 hodie
458 2634 545 2699 idem
569 2633 609 2698 de
631 2633 781 2699 Venetiis
814 2645 846 2702 et
873 2634 946 2702 aliis
974 2636 1164 2719 quibusdam
1219 2635 1299 2699 nulli
1323 2636 1375 2702 hic
1397 2650 1416 2703 2
1439 2637 1582 2721 suppleri
1604 2637 1728 2713 volunt,
1755 2642 1790 2702 ut
1812 2638 1918 2712 homo,
1941 2653 1979 2698 ac
2001 2632 2032 2698 si
2054 2633 2189 2698 diceret:

190 2720 255 2788 dici
276 2731 396 2804 posset,
419 2739 502 2804 quae
523 2720 638 2802 opibus
660 2718 827 2785 abundant
850 2726 883 2786 et
905 2722 1025 2787 delitiis
1044 2734 1077 2787 et
1095 2721 1166 2788 bea·
1218 2719 1269 2785 Ne
1297 2733 1391 2805 putes
1422 2723 1480 2787 tibi
1511 2742 1584 2787 cum
1617 2723 1748 2786 homine
1780 2743 1850 2788 esse
1878 2719 2068 2803 negotium,
2103 2719 2191 2783 ouius

191 2807 345 2883 tissimus,
368 2807 537 2871 hominum
560 2805 688 2886 iudicio,
711 2804 949 2873 existimantur.
980 2809 1066 2874 Nam
1086 2809 1166 2873 haee
1218 2807 1377 2889 impetum
1400 2808 1559 2874 sustinere
1582 2810 1695 2891 possis.
1727 2808 1772 2873 Et
1789 2816 1877 2874 certe
1898 2805 1971 2870 aliis
1992 2804 2075 2870 locis
2094 2823 2191 2887 quum

191 2913 302 2959 rerum
325 2893 493 2957 conversio
523 2913 589 2956 non
611 2893 719 2956 minus
745 2891 825 2975 ipsis
854 2914 951 2976 quam
974 2894 1166 2979 Babyloniis
1218 2892 1367 2974 loquitur
1389 2893 1429 2958 de
1451 2914 1551 2958 manu
1580 2893 1731 2973 hominis,
1761 2892 2019 2958 moderationem
2051 2890 2190 2973 aliquam

190 2977 433 3044 extimescenda
455 2987 521 3041 est:
545 2976 642 3040 etiam
661 2997 762 3058 quum
780 2978 968 3063 longissime
986 3000 1006 3043 a
1024 2980 1166 3061 periculo
1220 2977 1379 3063 designat.
1423 2980 1488 3044 Hic
1519 2987 1628 3045 autem
1658 2980 1821 3064 significat
1849 2976 1976 3043 nullum
2012 2976 2191 3042 remedium

192 3061 306 3129 abesse
330 3061 492 3127 videntur.
532 3062 614 3142 Quia
636 3082 699 3126 aon
719 3063 770 3142 fiet
791 3066 946 3145 carpitus:
968 3065 1079 3142 idest,
1100 3086 1165 3129 non
1219 3063 1378 3146 relinqui,
1412 3064 1497 3146 quod
1520 3064 1612 3129 Deus
1645 3066 1731 3148 ipsos
1764 3067 1797 3129 in
1826 3063 1967 3129 nihilum
2001 3060 2193 3127 redacturus

192 3148 336 3231 amplius
370 3147 567 3230 applaudent
601 3146 660 3211 tibi
692 3147 856 3227 hominos,
890 3150 945 3231 qui
976 3161 1007 3215 te
1037 3152 1166 3216 beatam
1190 3136 1194 3177 ¹
1220 3151 1272 3212 sit.
1316 3149 1384 3213 Alii
1408 3170 1485 3215 vero
1508 3152 1727 3216 transferunt:
1758 3151 1831 3216 Noa
1859 3167 2029 3213 occurram
2052 3147 2191 3213 homini:

191 3255 263 3301 esse
286 3233 528 3299 existimabant.
1221 3233 1339 3311 idest,
1374 3255 1542 3301 occursum
1576 3236 1718 3302 hominis
1747 3258 1813 3302 non
1842 3234 2014 3318 recipiam:
2048 3234 2193 3316 quisquis

279 3320 310 3384 2.
350 3317 451 3404 (Tolle
469 3326 471 3332 '
489 3318 612 3405 molae.)
674 3318 756 3385 Tota
795 3309 876 3385 haec
916 3320 1089 3404 descriptio
1130 3340 1168 3384 eo
1220 3328 1380 3403 occurrat,
1403 3331 1461 3384 aut
1477 3321 1665 3401 intercedat,
1685 3326 1731 3388 eis
1747 3344 1811 3387 non
1829 3340 1972 3405 paream,
1995 3339 2056 3385 uec
2075 3340 2193 3402 poenas

191 3413 327 3489 spectat,
360 3414 398 3469 ut
425 3424 587 3471 summam
621 3404 707 3487 apud
738 3404 920 3471 Chaldaeos
952 3407 1167 3472 mutationem
1221 3405 1397 3483 remittam,
1428 3426 1487 3471 nee
1509 3407 1673 3490 mitigabo.
1719 3412 1828 3490 Atque
1850 3406 1905 3470 hio
1926 3424 2046 3471 sensus
2072 3406 2195 3489 optime

191 3492 261 3557 fore
291 3491 508 3557 demonstret:
544 3498 579 3555 ut
601 3511 683 3573 qnae
711 3492 744 3555 in
768 3511 897 3557 summo
926 3493 1017 3575 prius
1046 3491 1168 3557 honore
1192 3492 1195 3585 l
1219 3492 1388 3574 congruit:
1412 3492 1468 3556 sed
1491 3492 1615 3574 aliquid
1637 3495 1739 3559 coacti
1763 3492 1861 3558 habet
1882 3492 1916 3555 iu
1939 3492 2194 3557 construetione.

192 3586 273 3655 erat,
296 3589 445 3642 extrema
468 3577 647 3661 ignominia
667 3585 700 3641 et
717 3598 813 3642 omne
835 3598 939 3661 genus
962 3578 1168 3644 contumeliis
1191 3598 1194 3663 μ
1221 3574 1276 3642 Sic
1298 3578 1385 3641 enim
1407 3591 1489 3653 utba
1511 3579 1735 3659 accipiendum
1757 3585 1843 3644 esset
1865 3578 2005 3661 passive,
2028 3577 2118 3660 quod
2141 3576 2195 3640 vix

192 3664 310 3728 affecta
329 3663 458 3746 insigne
478 3665 545 3727 irae
562 3662 625 3727 Dei
644 3664 865 3746 spectaculum
884 3664 1047 3746 praebeat.
1075 3664 1168 3728 Haec
1191 3670 1194 3691 ¹
1219 3663 1350 3727 tolerari
1379 3675 1494 3745 posset.
1540 3664 1715 3729 Praeterea
1742 3685 1810 3728 non
1832 3662 2026 3746 simpliciter
2051 3662 2102 3727 ait
2124 3684 2194 3748 pro·

193 3749 282 3813 enim
305 3759 382 3813 sunt
404 3747 524 3812 indicia
553 3757 719 3814 extremae
748 3750 932 3814 servitutis:
968 3749 1064 3816 sicuti
1090 3749 1165 3814 olim
1219 3748 1328 3829 pheta,
1361 3750 1445 3830 quod
1477 3770 1541 3813 nou
1569 3748 1747 3832 rogabitur,
1782 3749 1838 3814 sed
1862 3746 1947 3831 quod
1974 3745 2104 3831 placari
2134 3770 2195 3814 non

195 3833 345 3898 vilissimi
375 3835 463 3898 servi
493 3834 527 3897 in
556 3834 732 3915 pistrinum
764 3833 975 3900 abdebantur.
1021 3835 1166 3900 Durissi·
1219 3836 1345 3916 poterit.
1390 3835 1488 3899 Prior
1508 3835 1618 3917 itaque
1651 3835 1811 3917 expositio
1843 3833 1960 3900 melius
1989 3833 2079 3912 fluit,
2113 3832 2195 3917 quod

192 3940 281 3984 mam
303 3939 381 4003 ergo
403 3920 617 4001 captivorum,
645 3920 700 4000 qui
723 3940 760 3984 eo
783 3919 1022 4005 redigebantur,
1046 3931 1166 3986 sortem
1219 3918 1260 3983 ad
1290 3919 1465 3984 verborum
1498 3931 1687 3985 contextum
1721 3922 1848 3986 attinet.
1893 3919 2053 3984 Liberum
2088 3931 2195 3986 tamar

193 4024 264 4071 esse
287 4004 465 4088 oportebat.
502 4005 588 4069 Nam
612 4005 731 4088 alioqui
755 4006 922 4072 honestius
944 4017 977 4072 et
999 4004 1167 4071 liberalius
1219 4005 1395 4086 unicuique
1416 4006 1458 4070 sit
1477 4027 1549 4070 eam
1568 4005 1687 4088 eligere
1708 4026 1804 4087 quam
1824 4007 1923 4071 volet.
1954 4003 2197 4088 Quamcunque

192 4090 359 4156 interdum
382 4091 512 4157 tractari
536 4091 681 4156 solebant
703 4092 823 4174 captivi
847 4114 866 4157 a
886 4091 1070 4158 victoribus.
1103 4092 1169 4156 Hic
1219 4090 1307 4153 enim
1332 4091 1566 4172 expositionem
1589 4091 1746 4175 sequaris,
1772 4111 1901 4156 summa
1923 4099 1984 4168 est,
2014 4089 2197 4157 Dominum

194 4196 273 4242 vero
306 4176 490 4241 miserrima
523 4179 717 4260 proponitur
750 4176 908 4256 conditio,
942 4199 983 4243 ne
1016 4178 1168 4243 dubitent
1220 4173 1402 4240 Chaldaeos
1435 4176 1634 4256 deleturum,
1669 4198 1729 4242 nec
1762 4176 1868 4242 ullum
1900 4175 2035 4241 omnino
2070 4177 2197 4244 miseri·

193 4262 306 4327 fideles
329 4260 391 4327 sibi
413 4262 549 4328 liberum
574 4264 641 4327 tore
665 4262 803 4340 exitum,
835 4263 890 4328 ubi
912 4264 1087 4347 ergastulis
1117 4265 1167 4327 in·
1220 4260 1348 4325 cordiae
1381 4262 1488 4326 locum
1521 4263 1599 4327 fors.
1654 4264 1796 4326 'lantum
1831 4261 1903 4327 dico
1936 4260 2084 4343 priorem
2118 4261 2196 4328 mihi

193 4347 274 4412 elusi
298 4348 419 4412 luerint
436 4348 603 4427 Chaldaei,
627 4347 781 4430 aquibus
800 4359 877 4416 tuno
895 4350 1061 4415 constricti
1080 4360 1168 4414 tene-
1219 4346 1325 4429 magis
1348 4348 1487 4429 probari,
1510 4348 1596 4429 quod
1619 4348 1725 4412 textui
1748 4348 1864 4412 melius
1886 4346 2073 4414 conveniat

192 4432 325 4498 bantur.
357 4434 426 4498 Etsi
445 4442 551 4499 autem
570 4455 637 4499 non
655 4434 795 4517 legimus
816 4435 909 4519 regni
932 4455 1081 4516 proceres
1101 4444 1167 4498 tam
1305 4433 1335 4496 4.
1370 4431 1569 4518 (Redemptor
1597 4433 1723 4518 mater.)
1779 4431 1934 4498 Ostendit
1967 4434 2135 4516 propheta
2165 4434 2196 4498 in

191 4519 409 4604 ignominiose
443 4520 542 4584 luisse
576 4519 732 4597 deiectos,
771 4519 832 4584 hoc
865 4520 906 4584 ad
939 4519 1168 4603 complendum
1220 4537 1316 4598 quem
1351 4519 1449 4583 tinem
1483 4518 1646 4583 Dominus
1686 4539 1807 4601 poenas
1846 4531 2041 4600 sumpturus
2081 4523 2127 4588 sit
2160 4519 2197 4584 de

193 4605 388 4670 vaticinium
412 4607 492 4670 satis
515 4605 625 4683 valuit,
659 4604 745 4687 quod
769 4606 945 4671 servilibus
974 4606 1081 4688 operis
1112 4605 1167 4669 ad·
1221 4602 1411 4668 Chaldaeis:
1435 4623 1551 4686 nempe
1567 4605 1603 4668 in
1620 4604 1757 4669 salutem
1779 4603 1891 4688 populi
1909 4605 1969 4680 sui,
1988 4604 2090 4672 sicuti
2109 4606 2198 4691 prius

193 4691 298 4758 dictos
320 4691 431 4774 Oyrus
454 4691 666 4769 effeminavit,
689 4701 722 4755 et
744 4691 895 4775 ingenuis
917 4689 1041 4755 artibus
1064 4691 1170 4774 coegit
1221 4699 1400 4753 monuerat.
1439 4688 1564 4753 Verum
1580 4689 1668 4752 ¹haec
1690 4691 1852 4753 sententia
1874 4688 1979 4753 multo
2003 4690 2084 4773 plus
2107 4710 2198 4757 ener-

193 4778 395 4843 renuntiare.
440 4777 510 4842 Iam
542 4778 617 4857 quia
650 4779 718 4843 suis
750 4777 885 4841 lautitiis
918 4775 1039 4858 absque
1073 4776 1169 4841 modo
1221 4775 1293 4856 giae
1313 4773 1419 4849 habet,
1442 4775 1528 4856 quod
1546 4774 1647 4838 veluti
1666 4795 1708 4838 ex
1727 4774 1864 4856 abrupto
1883 4783 1916 4838 et
1933 4777 2028 4857 quasi
2047 4798 2066 4842 e
2085 4796 2199 4844 somno

192 4860 350 4928 luxuriati
384 4862 529 4938 fuerant,
564 4863 682 4927 iterum
713 4882 770 4943 per
792 4864 959 4928 cincinnos
989 4861 1106 4926 alludit
1128 4861 1169 4927 ad
1194 4916 1197 4933 ,
1222 4859 1359 4942 quodam
1384 4861 1631 4942 expergefactus
1654 4859 1814 4939 loquatur,
1840 4881 1940 4942 quum
1964 4860 2113 4929 dirutam
2135 4862 2198 4928 Ba·

195 4948 362 5032 virginum
382 4948 543 5014 habitum.
576 4948 707 5014 Scimus
725 4957 833 5012 autom
857 4948 982 5031 puellas
1000 4950 1073 5031 plus
1091 4948 1170 5013 satis
1194 4950 1198 5059 ’μ
1221 4945 1373 5028 bylonem
1397 4946 1498 5019 videt,
1531 4964 1612 5027 quae
1636 4944 1725 5027 prius
1754 4945 1834 5010 alias
1862 4947 2013 5012 nationes
2036 4950 2199 5035 subigere,

194 5034 337 5100 curiosas
367 5056 439 5100 esso
473 5035 506 5097 in
538 5033 664 5117 capillis
697 5034 947 5113 concinnandis,
981 5044 1013 5098 et
1045 5033 1171 5115 reliquo
1194 5064 1197 5073 ·
1221 5050 1258 5095 ac
1285 5029 1420 5113 pedibus
1455 5031 1579 5095 calcare
1613 5028 1710 5094 solita
1740 5041 1820 5094 erat.
1872 5031 1983 5114 Atque
2013 5034 2079 5102 hoc
2112 5034 2200 5101 nulla

194 5127 321 5184 ornatu.
354 5120 418 5184 Hie
436 5142 478 5187 ex
496 5120 632 5185 adverso
651 5123 775 5185 statum
793 5130 889 5202 atque
907 5117 1054 5183 habitum
1073 5117 1171 5184 valde
1222 5116 1286 5180 alia
1309 5116 1348 5180 de
1370 5137 1467 5182 causa
1490 5114 1633 5180 accidere
1656 5113 1867 5199 demonstrat,
1896 5136 1996 5199 quam
2020 5120 2115 5205 quod
2137 5120 2201 5185 Do·

195 5204 386 5270 dissimilem
421 5206 589 5273 describit:
625 5225 741 5289 nempe
774 5227 792 5269 a
824 5206 943 5270 vertice
975 5204 1015 5268 ad
1049 5203 1170 5269 calcem
1222 5250 1425 5256 --—--

194 5311 299 5375 usque
321 5291 512 5375 ignominia,
536 5291 686 5377 squalore
705 5301 738 5356 et
755 5289 904 5357 sordibus
927 5301 1110 5357 contectum
1130 5289 1171 5354 iri
1311 5304 1334 5372 ¹)
1351 5304 1392 5359 01.
1412 5305 1427 5357 1
1445 5302 1580 5371 (al.11)§
1598 5300 1629 5356 21
1650 5302 1754 5366 arama
1772 5319 1797 5372 p.
1816 5301 1851 5356 24
1868 5302 1962 5360 Reisk.
