4784 5970
194 363 259 429 413
939 366 988 431 IN
1009 366 1259 434 IEREMIAM.
1299 366 1399 434 OAP.
1422 367 1449 433 1.
2134 370 2198 437 474

195 552 232 616 in
264 551 426 617 Areatbotn
461 553 497 616 in
529 557 615 618 terra
648 551 833 619 Beniamin.
892 553 1023 620 Scimus
1060 563 1170 619 autem
1223 555 1381 620 Ieremias
1410 576 1511 638 quum
1542 555 1619 620 dicit
1651 573 1820 621 samonam
1845 555 1980 622 Isbaaaa
2008 559 2072 624 sibi
2098 559 2199 641 fnisse

196 636 297 702 fnisse
315 636 491 721 ignobilem
511 637 664 717 viculum,
683 660 748 703 nun
767 640 881 721 procul
899 639 939 704 ab
954 638 1169 723 lerosolyma:
1223 642 1340 707 datum.
1378 641 1475 707 Prius
1498 639 1627 706 dixerat
1648 643 1759 720 verba,
1780 642 1834 707 vel
1857 663 2023 709 sermones
2046 644 2200 711 Ieremiou

196 731 230 788 et
248 722 404 806 exprimit
425 723 524 788 etiam
540 722 697 789 Ieremias
717 723 819 804 falses
839 726 874 788 iu
895 725 981 789 triba
999 724 1172 790 Beniamin
1221 725 1456 806 1141141144
1487 735 1617 809 poterat
1645 727 1809 809 quispiam
1835 727 1995 809 excipere,
2027 730 2198 796 1111441144

127 824 128 828 ’
196 810 300 875 mam.
334 808 568 891 Propinquitas
587 808 804 891 lerosolymae
823 810 989 892 colligitur
1008 831 1050 874 ex
1066 810 1172 875 Isaiae
1223 810 1364 892 quilibet
1382 832 1400 876 4
1418 812 1547 895 populo,
1571 810 1739 892 Quorsum
1762 821 1793 876 te
1811 810 1919 895 ipsum
1939 810 2085 896 ingeris?
2107 817 2198 896 quasi

197 895 307 959 verbis
329 892 394 977 (10,
417 894 488 976 30),
518 914 618 975 quum
642 893 721 960 dicit
742 895 975 977 pauperculam
998 895 1172 960 Anathoth
1225 915 1302 961 vero
1325 895 1504 961 audiendus
1527 898 1570 961 sit
1588 897 1749 979 quispiam
1772 897 1980 961 mortalium:
2003 899 2095 982 atqui
2108 901 2198 966 Deus

197 981 297 1044 luisse
320 983 480 1044 territam.
521 980 671 1044 Minatur
693 979 914 1064 lerosolymae
937 981 1089 1063 quoniam
1113 981 1172 1046 sai·
1224 979 1285 1047 hoc
1308 981 1370 1046 sibi
1393 982 1450 1047 uni
1469 981 1630 1048 vendicat.
1664 982 1753 1065 Ergo
1774 982 1828 1049 hic
1847 980 2005 1047 Ieremias
2028 986 2121 1066 quasi
2139 1006 2198 1067 par

197 1066 272 1131 licet
301 1065 471 1129 immineat
500 1065 623 1130 hostis:
657 1073 689 1128 et
715 1064 809 1131 dicit:
844 1065 961 1146 Qualis
990 1076 1039 1130 441
1062 1075 1172 1132 restra
1223 1066 1357 1131 modum
1395 1068 1605 1132 correctionis
1638 1067 1769 1132 subiicit
1804 1088 1880 1133 suus
1913 1087 1984 1133 4444
2021 1089 2197 1148 sermones,

197 1149 377 1216 securitas?
409 1170 486 1215 nam
508 1150 644 1232 potestis
675 1150 789 1216 audire
817 1150 961 1216 hostium
984 1153 1170 1226 clamorem,
1224 1171 1290 1216 non
1314 1172 1452 1233 quornm
1475 1154 1544 1235 ipse
1567 1155 1612 1218 sit
1634 1161 1738 1229 autor,
1768 1151 1824 1217 sed
1847 1152 1998 1218 minister
2027 1153 2198 1220 duntaxat.

197 1245 229 1300 et
263 1237 404 1318 gemitus
441 1236 579 1299 fratrum
612 1244 797 1300 vestrorum
830 1258 872 1301 ex
903 1237 1007 1319 portis
1041 1237 1169 1302 vestris.
1223 1236 1316 1301 Dicit
1344 1237 1447 1320 igitur
1476 1258 1510 1303 44
1540 1247 1667 1303 tantum
1703 1237 1836 1320 exsequi
1872 1237 1956 1320 quod
1984 1238 2076 1304 Deus
2104 1261 2197 1304 man-

196 1319 373 1385 Anathoth
404 1322 492 1385 enim
521 1341 585 1385 non
607 1321 722 1403 procul
745 1343 764 1386 a
786 1323 879 1388 vobis
908 1320 1022 1398 distat,
1053 1343 1172 1405 nempe
1224 1320 1327 1401 davit,
1357 1324 1433 1404 quia
1457 1323 1557 1387 fuerit
1584 1321 1763 1404 discipulus
1791 1323 1895 1405 ipsius
1917 1321 1991 1401 Dei,
2023 1334 2197 1407 antequam

198 1407 304 1471 tribus
334 1405 529 1471 milliaribus
559 1404 730 1471 duntaxat.
777 1405 889 1487 Quum
916 1428 994 1490 ergo
1014 1408 1171 1473 Ieremias
1224 1405 1366 1471 doctoris
1396 1417 1504 1489 partes
1532 1407 1594 1472 sibi
1616 1418 1769 1473 sumeret.
1815 1406 1985 1487 Quantum
2016 1409 2134 1473 attinet
2156 1410 2196 1474 ad

197 1491 389 1573 simpliciter
426 1490 512 1556 dicat
548 1512 582 1556 44
620 1491 796 1556 oriundum
836 1493 937 1557 fuisse
975 1513 1016 1557 ex
1052 1491 1171 1576 oppido
1223 1492 1363 1571 initium,
1392 1502 1424 1556 et
1447 1494 1546 1557 finem
1570 1493 1742 1574 temporis,
1772 1511 1870 1556 causa
1899 1490 2045 1556 breviter
2066 1504 2197 1560 ostensa

197 1577 380 1654 Anathoth,
403 1597 463 1642 cur
485 1578 647 1659 fingemus
669 1577 777 1659 ipsum
800 1578 901 1642 fuisse
924 1578 1027 1642 filium
1051 1580 1171 1644 summi
1223 1578 1301 1660 fuit,
1330 1597 1389 1641 cur
1415 1578 1501 1642 dicat
1528 1598 1563 1642 se
1592 1579 1692 1642 fuisse
1721 1576 1861 1642 electum
1893 1576 2085 1658 prophetam
2115 1600 2197 1646 anno

197 1661 402 1728 sacerdotis?
447 1662 493 1725 Et
530 1664 739 1746 nugatorium
777 1673 827 1727 441
863 1664 948 1745 quod
983 1663 1171 1730 Chaldaeus
1223 1668 1275 1726 13.
1300 1662 1420 1741 Iasiae,
1450 1667 1531 1728 etse
1552 1663 1754 1744 perfunctam
1780 1662 1881 1741 fnisse
1902 1661 1956 1726 1144
1977 1661 2078 1743 often
2099 1684 2197 1746 usqne

197 1748 429 1829 paraphrastes
453 1747 553 1811 etiam
577 1746 677 1826 addit,
707 1769 825 1830 nempe
847 1750 1068 1830 possessiones
1089 1748 1171 1813 Hel·
1224 1749 1265 1812 ad
1293 1748 1490 1812 undecimam
1517 1767 1636 1811 annam
1658 1746 1836 1812 Zedeabiae.
1882 1745 1978 1826 Quod
2006 1757 2114 1811 autem
2137 1770 2196 1814 vo·

197 1832 272 1897 kiae
294 1833 394 1897 fuisse
416 1834 451 1896 111
474 1831 593 1915 oppido
615 1832 798 1898 Anathoth.
839 1833 943 1914 Quasi
965 1855 1043 1900 vero
1064 1854 1171 1899 sacer·
1224 1843 1316 1896 catur
1340 1833 1446 1897 Iasiae
1476 1833 1566 1912 filias
1591 1832 1708 1913 Aenean,
1745 1832 1878 1896 dubium
1910 1843 1958 1896 est
1986 1852 2029 1895 411
2058 1854 2136 1898 vere
2164 1844 2197 1899 et

198 1916 327 1983 dotibus
350 1917 546 1999 permissum
569 1919 668 1981 fuerit
698 1938 794 2001 egrae
823 1919 1005 2001 possidere:
1040 1928 1170 1984 tantum
1224 1917 1356 1999 proprie
1378 1919 1475 1981 luerit
1497 1918 1585 1982 filius
1603 1921 1712 1982 Amon
1736 1916 1849 1982 144144.
1880 1918 1979 1981 Anno
2001 1919 2088 1982 enim
2112 1919 2197 1985 vice-

198 2002 283 2085 quod
319 2003 484 2067 sufficeret
520 2001 645 2067 alendis
682 2002 830 2084 ipsorum
867 2004 1044 2086 pecudibus
1078 2004 1172 2069 Deus
1224 2002 1307 2066 simo
1330 2001 1473 2067 secundo
1496 2023 1634 2084 regnare
1656 2001 1900 2086 coopitAmonz
1923 2001 2050 2067 duobus
2068 2013 2197 2069 tantum

198 2088 366 2154 concessit.
411 2087 484 2153 Hoc
511 2089 612 2170 igitur
641 2109 810 2153 sumamus
839 2089 927 2172 quod
957 2098 1081 2155 certum
1111 2099 1172 2168 441,
1224 2087 1321 2152 4111114
1343 2087 1504 2169 regnavit,
1528 2088 1631 2154 144144
1654 2089 1809 2153 4114444411
1831 2088 2079 2153 ineiuslocum
2098 2099 2197 2155 natus

198 2187 232 2236 41
254 2181 344 2237 44141
365 2174 454 2237 4111111
478 2174 708 2251 controversia,
731 2171 848 2238 deinde
871 2175 957 2256 quod
980 2175 1110 2241 elicitur
1131 2195 1173 2238 ex
1225 2193 1328 2237 annos
1350 2181 1431 2237 octo.
1479 2172 1515 2238 Si
1538 2193 1748 2238 numeremus
1771 2174 1917 2256 praecise
1939 2192 2057 2250 annos,
2085 2183 2118 2239 et
2140 2196 2197 2259 ge·

198 2258 380 2339 prophetae
402 2255 530 2336 verbis,
561 2278 678 2340 nempe
708 2258 808 2323 luisse
837 2256 1010 2323 oriundum
1037 2280 1078 2323 ex
1100 2260 1173 2325 vico
1224 2257 1317 2322 nitus
1339 2258 1437 2322 luerit
1459 2257 1562 2324 Iosias
1585 2278 1671 2323 anno
1695 2260 1745 2335 16,
1776 2259 1837 2323 1144
1860 2258 2026 2323 videbitur
2049 2281 2119 2324 esse
2143 2262 2198 2325 ab·

198 2342 381 2407 Anathoth.
438 2343 569 2406 Interea
608 2343 750 2407 affirmat
790 2363 825 2407 se
857 2343 959 2409 fuisse
994 2364 1033 2409 en
1063 2363 1174 2428 penem
1225 2343 1377 2420 surdum,
1408 2343 1492 2424 quod
1523 2344 1647 2409 scilicet
1669 2343 1777 2408 Amon
1803 2343 1902 2408 fuerit
1923 2355 2017 2426 pater
2039 2356 2117 2410 ante
2140 2367 2197 2410 an-

198 2427 394 2493 sacerdotati.
449 2428 541 2510 Ergo
576 2429 682 2510 potuit
718 2448 836 2494 munus
873 2428 1100 2512 propheticum
1138 2430 1173 2494 111
1226 2449 1304 2492 114111
1329 2425 1490 2492 decimum
1513 2436 1656 2494 sextum.
1688 2430 1774 2494 Nam
1793 2430 1935 2511 oportuit
1957 2430 2107 2512 genitum
2129 2451 2200 2496 esse

198 2513 305 2595 ipsum
329 2521 511 2595 competere
535 2515 662 2589 rectius,
687 2533 784 2593 quam
803 2515 837 2577 iu
856 2513 977 2579 multos
998 2514 1078 2579 alios
1101 2535 1174 2597 pro·
1226 2533 1311 2576 anno
1334 2513 1458 2577 decimo
1481 2514 1606 2595 quinto.
1637 2515 1752 2598 Neque
1775 2516 1862 2578 enim
1886 2517 1975 2579 nasci
2000 2517 2114 2597 patuit,
2136 2519 2199 2581 nisi

198 2599 326 2681 phetas,
348 2598 445 2663 sicuti
463 2599 498 2660 in
515 2601 627 2676 Amos,
649 2599 705 2663 vel
723 2600 758 2662 in
777 2598 909 2663 Isaiam.
943 2600 1065 2664 Isaiam
1080 2599 1172 2665 Deus
1225 2607 1298 2678 post
1319 2617 1449 2663 meuses
1478 2620 1606 2663 novem.
1651 2601 1741 2683 Ergo
1771 2598 1896 2664 decimo
1925 2600 2039 2680 quinto
2070 2603 2199 2683 genitus

199 2685 345 2748 extraxit
367 2682 407 2745 ab
430 2683 514 2746 auls.
558 2684 633 2747 Erit
656 2684 743 2747 enim
768 2704 810 2747 ex
832 2685 995 2767 sanguine
1018 2687 1118 2768 regio,
1141 2693 1174 2750 et
1226 2684 1342 2746 fuisset
1370 2682 1482 2748 144144.
1527 2683 1617 2748 Η1114
1646 2684 1813 2767 colligitur
1842 2684 2062 2767 probabiliter,
2094 2687 2199 2750 filium

199 2769 295 2833 illum
326 2768 498 2832 constituit
526 2767 730 2851 prophetam.
775 2768 867 2833 Idem
891 2769 1021 2836 diversa
1048 2773 1174 2836 ratione
1226 2767 1327 2832 fuisse
1345 2767 1426 2850 lege,
1445 2789 1512 2833 non
1528 2779 1638 2833 autem
1655 2778 1783 2847 natura,
1802 2768 2073 2851 quemadmodum
2088 2783 2200 2854 postea

199 2856 323 2919 factum
348 2853 455 2917 estin
478 2853 591 2917 Α11144.
629 2853 682 2918 Ex
705 2853 806 2919 caulis
829 2855 917 2918 euim
940 2856 1002 2921 fuit
1025 2855 1172 2930 eductus,
1226 2862 1361 2917 vocatur
1383 2853 1561 2918 Zedeehias
1584 2854 1671 2918 filius
1694 2855 1813 2930 Iasius,
1845 2855 1921 2935 quia
1946 2856 2008 2918 fuit
2036 2856 2106 2922 eius
2128 2879 2199 2922 suc·

200 2959 301 3023 quum
335 2944 422 3002 esset
455 2937 552 3002 homo
585 2939 769 3019 pecuarius.
823 2939 934 3019 Quum
966 2940 1058 3006 Deus
1091 2942 1174 3007 14144
1227 2958 1345 3015 444441,
1368 2959 1467 3021 quum
1492 2959 1593 3023 nepos
1616 2950 1700 3005 esset
1723 2962 1762 3004 ex
1782 2940 1893 3018 lratre,
1916 2948 1954 3004 ut
1972 2940 2066 3006 multi
2089 2943 2200 3008 existi·

198 3024 379 3107 prophetas
402 3023 556 3088 ecclesiae
587 3043 665 3087 suae
687 3024 856 3105 praefecit,
886 3024 976 3090 hand
999 3026 1095 3091 dubie
1117 3048 1174 3092 ex·
1227 3032 1330 3088 mant.
1376 3022 1441 3088 Sed
1462 3023 1523 3089 1144
1545 3025 1666 3108 passim
1690 3026 1770 3091 satis
1793 3026 1906 3089 tritum
1931 3034 1990 3102 est,
2013 3029 2124 3092 vocari
2148 3048 2199 3092 re·

200 3109 356 3193 probrare
381 3107 483 3173 voluit
510 3106 732 3174 sacerdotibus
761 3129 855 3175 suam
877 3111 1057 3192 ignaviam.
1100 3113 1174 3177 Etsi
1227 3128 1305 3191 gum
1339 3108 1442 3185 fillos,
1475 3111 1529 3191 qui
1552 3118 1784 3176 successerunt
1813 3110 1849 3175 111
1872 3132 1983 3176 eorum
2013 3110 2136 3191 locum,
2167 3125 2200 3177 41
2254 3118 2257 3126 “

201 3195 287 3259 4111111
308 3215 373 3259 non
392 3214 506 3258 omnes
528 3193 714 3260 secerdotes
737 3203 832 3260 erant
853 3195 1042 3278 prophetae,
1067 3205 1174 3262 tamen
1226 3195 1281 3274 qui
1304 3201 1399 3258 erant
1420 3193 1479 3258 filii
1503 3197 1572 3277 ipsa
1595 3196 1675 3280 lege,
1699 3217 1765 3261 11411
1784 3205 1903 3274 autem,
1927 3196 2198 3280 quemadmodum

201 3279 363 3345 debebant
386 3278 463 3344 hinc
485 3279 586 3344 sumi:
610 3288 643 3344 et
663 3279 743 3344 ordo
765 3280 974 3346 sacerdotalis
997 3281 1061 3345 fuit
1082 3284 1173 3364 quasi
1226 3275 1304 3357 dixi,
1327 3282 1456 3343 natura.
1502 3280 1597 3345 Nunc
1620 3283 1780 3363 sequitur,

201 3365 414 3430 seminarium
432 3362 677 3446 prophetarum.
705 3364 816 3444 Quum
836 3375 942 3431 autem
962 3386 1071 3431 crassa
1089 3376 1175 3432 esset

201 3449 322 3515 inillis
345 3448 474 3513 inscitia
500 3463 533 3515 41
555 3450 696 3527 ruditas,
724 3451 817 3516 Deus
846 3450 978 3515 aliunde
1007 3451 1068 3518 sibi
1099 3471 1172 3533 pro·
1311 3447 1341 3511 4.
1365 3446 1409 3511 Ε1
1429 3449 1493 3529 fnit
1513 3469 1612 3514 carnea
1636 3449 1768 3515 Ielr-oaae
1789 3450 1832 3515 ad
1853 3470 1901 3514 me
1921 3451 2057 3516 dicendo.

200 3534 317 3618 phetas
349 3534 463 3616 elegit,
498 3540 531 3599 et
559 3536 607 3599 ita
636 3535 762 3601 detexit
795 3555 831 3601 ac
861 3537 1009 3600 traduxit
1042 3537 1172 3600 illorum
1217 3544 1222 3554 ’
1312 3533 1342 3596 5.
1371 3531 1549 3615 Antequam
1576 3534 1747 3614 formarem
1775 3540 1803 3599 te
1829 3535 1864 3598 in
1893 3540 1978 3599 ntem
2007 3536 2079 3599 nani
2106 3540 2141 3611 te,
2171 3542 2200 3599 et

200 3618 425 3702 ignominiam.
466 3620 639 3685 Debebunt
661 3622 748 3684 enim
771 3641 842 3685 4444
864 3618 971 3702 angeli
994 3619 1058 3683 Dei
1080 3642 1173 3685 exer·
1226 3622 1392 3697 antequam
1414 3638 1556 3700 apresens
1577 3639 1658 3683 essee
1680 3638 1696 3683 e
1717 3618 1811 3683 anian
1833 3620 2025 3699 sanctificavi
2047 3623 2089 3698 te,
2118 3619 2199 3686 Pra-

201 3707 343 3782 cituum,
375 3705 523 3769 custodia
551 3705 633 3788 legis
661 3707 696 3769 in
719 3705 813 3769 labiis
844 3724 973 3780 eorum,
1008 3713 1043 3767 ut
1069 3707 1173 3787 ipsam
1221 3700 1348 3782 phetam
1370 3702 1565 3784 ingentibus
1586 3704 1730 3768 constitae¹
1751 3708 1787 3768 14.

202 3791 392 3870 exquireret
414 3789 554 3871 populus
577 3814 619 3855 ex
641 3810 752 3855 eorum
776 3809 841 3867 ure,
873 3789 969 3854 sicuti
993 3789 1173 3872 44114114-
1279 3828 1283 3837 ·

201 3873 343 3939 laabiam
378 3872 422 3956 (2,
445 3872 479 3957 t)
512 3874 640 3940 dicitur.
695 3874 806 3954 Quum
840 3895 917 3957 ergo
950 3888 1060 3939 essent
1091 3877 1174 3939 muti
1310 3870 1375 3935 Hic
1409 3871 1513 3937 fusius
1547 3872 1753 3955 prosequitur
1784 3871 1941 3937 Ieremias
1975 3871 2059 3954 quod
2093 3895 2197 3957 nuper

202 3978 309 4035 441144,
339 3957 430 4023 Deus
453 3961 622 4023 transtulit
644 3960 800 4024 honorem
823 3958 1005 4042 prophetici
1029 3961 1174 4025 muneris
1225 3957 1396 4039 attigerat,
1427 3976 1545 4039 nempe
1567 3978 1603 4021 44
1626 3968 1775 4023 vocatum
1802 3958 1901 4021 luisse
1924 3954 2091 4038 divinitus,
2120 3961 2197 4040 quia

200 4044 241 4108 ad
266 4043 357 4108 alios.
402 4042 470 4108 Sed
499 4043 774 4126 quamadmodum
803 4047 868 4110 iam
899 4045 984 4122 dixi,
1017 4045 1174 4110 Ieremias
1197 4038 1201 4100 ἶ
1225 4043 1320 4106 411141
1344 4051 1465 4107 14111414
1487 4062 1522 4106 44
1542 4043 1742 4126 ingessisset.
1776 4041 1891 4123 Neque
1913 4043 2000 4105 enim
2023 4044 2195 4127 quisquam

201 4130 256 4212 qui
287 4138 358 4193 erat
387 4128 537 4194 sacerdus
567 4130 664 4196 simul
693 4133 791 4196 etiam
814 4131 878 4195 fuit
900 4131 1068 4214 propheta.
1113 4130 1173 4195 Se·
1225 4135 1363 4208 usurpat
1384 4126 1447 4192 sibi
1468 4127 1636 4203 honorem,
1660 4135 1696 4192 ut
1718 4126 1796 4191 dicit
1819 4127 2014 4209 Apostolus:
2048 4128 2104 4193 sed
2127 4131 2197 4196 4414

200 4214 307 4280 cundo
326 4234 423 4279 versu
443 4214 558 4298 incipit
576 4215 616 4280 de
634 4236 694 4281 sua
711 4217 882 4282 vocatione
902 4218 1070 4282 disserere.
1100 4215 1174 4282 Hoc
1225 4212 1288 4275 Dei
1311 4213 1436 4277 vocatio
1458 4210 1634 4294 propbetas
1654 4221 1688 4276 41
1705 4212 1851 4277 doctores
1872 4211 1907 4274 in
1925 4212 2064 4278 sublime
2088 4214 2195 4297 erigit.

201 4301 289 4364 enim
318 4301 432 4365 luisset
462 4300 561 4365 nimis
594 4302 756 4376 ieiunum,
790 4302 817 4366 si
847 4309 976 4367 tautum
1009 4301 1174 4383 praelatus
1226 4295 1272 4362 Ut
1295 4316 1372 4379 ergo
1401 4295 1464 4362 sibi
1494 4298 1712 4362 attentionem
1741 4296 1892 4362 conciliet
1919 4297 2090 4379 Ieremias,
2119 4318 2195 4380 pro-

202 4395 288 4450 esset
310 4405 344 4449 se
367 4386 498 4467 prodire
520 4386 555 4449 111
577 4385 731 4464 medium,
754 4396 787 4450 et
809 4388 927 4453 afferre
949 4386 1090 4470 aliquid:
1116 4384 1174 4450 sed
1225 4382 1356 4445 nuntiat
1385 4402 1419 4445 se
1440 4391 1593 4448 vocatum
1626 4384 1725 4448 fuisse
1754 4382 1794 4446 ad
1817 4402 1938 4447 munus
1959 4383 2196 4465 propheticum,

202 4470 322 4533 melius
343 4470 487 4553 explicat
508 4470 650 4536 secundo
669 4492 776 4549 versu,
800 4491 835 4536 se
856 4471 939 4537 nihil
962 4474 1088 4551 afferre,
1111 4470 1175 4535 nisi
1224 4465 1322 4549 idque
1344 4466 1433 4532 41414
1454 4488 1534 4533 voce
1556 4466 1631 4533 Dei.
1675 4468 1747 4533 Hoc
1769 4467 1904 4534 consilio
1927 4468 2005 4533 dicit
2025 4487 2196 4532 ceronnam

202 4553 288 4637 quod
319 4554 477 4620 traditum
500 4556 598 4621 fuerit
620 4576 639 4620 a
661 4556 750 4621 Deo:
782 4557 873 4640 quasi
896 4556 1017 4622 dicarat
1039 4579 1073 4623 se
1095 4556 1173 4622 fide·
1223 4552 1325 4634 samaa
1351 4552 1478 4617 datam:
1509 4553 1687 4634 Antequam
1715 4553 1886 4634 [cromnam
1907 4560 1936 4618 ta
1956 4554 1992 4617 in
2012 4557 2098 4616 atera
2122 4556 2196 4618 noni

201 4639 277 4704 liter
299 4660 358 4722 per
376 4660 493 4706 munus
515 4639 642 4706 delerre
665 4640 750 4722 quod
769 4641 861 4707 Deus
883 4643 1056 4725 praecepit.
1088 4642 1172 4707 Nam
1224 4643 1260 4704 14.
1305 4636 1437 4701 Indueit
1458 4638 1567 4704 Deum
1597 4640 1793 4721 loquentem,
1823 4650 1860 4704 nt
1883 4658 1990 4704 sermo
2019 4640 2062 4702 411
2091 4640 2196 4722 magis

133 4798 136 4802 ,
202 4725 332 4803 scimus,
361 4725 397 4787 111
420 4725 558 4791 solidum
581 4734 686 4792 totam
709 4726 916 4792 autoritatem
939 4748 1011 4792 4444
1033 4747 1071 4792 ac
1092 4728 1173 4792 resi·
1225 4720 1442 4810 emphaticas,
1477 4723 1539 4789 hoc
1570 4733 1634 4802 ast,
1669 4724 1805 4805 utplus
1835 4723 1953 4789 habeat
1981 4721 2134 4806 ponderis
2158 4743 2196 4789 ac

202 4809 280 4874 dere
310 4829 410 4891 penes
439 4831 541 4875 unum
563 4809 690 4895 Deum,
720 4812 776 4877 ubi
803 4811 843 4876 de
865 4811 1013 4877 doctrina
1040 4811 1173 4895 pictatis
1224 4806 1462 4874 vehementiae.
1506 4807 1591 4872 Nam
1621 4808 1647 4872 si
1677 4807 1867 4891 simpliciter
1895 4819 2044 4873 narraret
2071 4809 2106 4872 in
2135 4829 2196 4873 444

202 4896 329 4978 agitur:
363 4915 469 4975 neque
502 4895 591 4959 enim
622 4897 729 4962 estin
752 4895 886 4961 arbitrio
917 4896 1084 4962 hominnm
1112 4896 1174 4962 hoc
1226 4908 1365 4977 persona
1387 4913 1421 4956 se
1443 4892 1543 4958 fuisse
1558 4891 1624 4957 Dei
1646 4914 1723 4958 voce
1744 4904 1889 4959 creatum
1911 4893 2112 4976 prophetam,
2134 4893 2196 4959 hoc

201 4981 256 5045 vel
293 4979 374 5045 illud
412 4981 632 5061 comminisci,
671 4988 708 5046 ut
740 4980 853 5047 fideles
889 4982 950 5047 sibi
989 4983 1172 5048 subiiciunt.
1226 4997 1291 5043 uon
1311 4979 1357 5040 114
1375 4978 1520 5041 afficeret
1538 4977 1663 5042 animos
1681 4978 1875 5056 auditorum,
1897 4981 1953 5043 sed
1973 4979 2027 5042 ubi
2046 4977 2196 5060 producit

201 5065 315 5146 Quum
338 5085 416 5148 erga
438 5064 529 5131 Deus
557 5069 600 5130 sit
623 5068 738 5132 unione
765 5068 919 5133 ecclesiae
948 5088 1026 5133 suae
1053 5068 1174 5146 doctor,
1226 5065 1412 5145 loquentem
1428 5060 1548 5138 Deum,
1570 5082 1701 5129 necasse
1720 5065 1821 5129 441111
1840 5064 1901 5128 bac
1918 5063 2070 5146 loquendi
2088 5064 2195 5130 forma

203 5152 350 5235 quisquis
379 5151 485 5215 audiri
515 5151 679 5234 postulat,
709 5172 842 5218 necesse
871 5162 922 5217 est
945 5162 981 5216 ut
1002 5151 1117 5235 probet
1140 5173 1175 5218 44
1226 5150 1301 5234 plus
1323 5166 1393 5210 esse
1416 5147 1587 5229 gravitatis
1608 5154 1642 5213 et
1663 5149 1897 5214 vehementiae.
1939 5148 2005 5214 Η14
2026 5154 2194 5232 Praetereo

202 5257 272 5302 esse
300 5237 486 5301 ministrum
510 5235 582 5302 Dei.
627 5237 700 5303 Hoc
730 5258 808 5322 ergo
837 5256 926 5303 nunc
952 5235 1066 5303 sedulo
1095 5237 1176 5304 iacit
1227 5230 1314 5320 quod
1349 5241 1459 5315 posset
1491 5233 1619 5314 copiose
1654 5233 1802 5311 tractari,
1843 5255 1959 5317 nempe
1992 5235 2194 5301 vocationem
