<?xml version="1.0" encoding="UTF-8"?>
<!DOCTYPE html PUBLIC "-//W3C//DTD XHTML 1.0 Transitional//EN"
    "http://www.w3.org/TR/xhtml1/DTD/xhtml1-transitional.dtd">
<html xmlns="http://www.w3.org/1999/xhtml" xml:lang="en" lang="en">
 <head>
  <title>
</title>
<meta http-equiv="Content-Type" content="text/html;charset=utf-8" />
  <meta name='ocr-system' content='tesseract 3.04.00' />
  <meta name='ocr-capabilities' content='ocr_page ocr_carea ocr_par ocr_line ocrx_word'/>
</head>
<body>
  <div class='ocr_page' id='page_1' title='image "./corpusreformato04melagoog_0331.png"; bbox 0 0 4784 5970; ppageno 0'>
   <div class='ocr_carea' id='block_1_1' title="bbox 206 379 2231 455">
    <p class='ocr_par' dir='ltr' id='par_1_1' title="bbox 206 379 2231 455">
     <span class='ocr_line' id='line_1_1' title="bbox 206 379 2231 455; baseline 0.004 -6"><span class='ocrx_word' id='word_1_1' title='bbox 206 385 267 450; x_wconf 85' lang='lat'><strong>631</strong></span> <span class='ocrx_word' id='word_1_2' title='bbox 1011 385 1398 455; x_wconf 75' lang='lat' dir='ltr'><strong>PRAELEO&#39;PIONES</strong></span> <span class='ocrx_word' id='word_1_3' title='bbox 2166 379 2231 445; x_wconf 74' lang='lat'><strong>632</strong></span> 
     </span>
    </p>
   </div>
   <div class='ocr_carea' id='block_1_2' title="bbox 78 571 2232 5377">
    <p class='ocr_par' dir='ltr' id='par_1_2' title="bbox 202 571 2232 1688">
     <span class='ocr_line' id='line_1_2' title="bbox 206 571 2232 659; baseline -0.002 -20"><span class='ocrx_word' id='word_1_4' title='bbox 206 573 338 639; x_wconf 80' lang='lat' dir='ltr'>Similes</span> <span class='ocrx_word' id='word_1_5' title='bbox 361 572 426 638; x_wconf 91' lang='lat' dir='ltr'><strong>illis</strong></span> <span class='ocrx_word' id='word_1_6' title='bbox 449 574 531 638; x_wconf 88' lang='lat' dir='ltr'><strong>fiant</strong></span> <span class='ocrx_word' id='word_1_7' title='bbox 552 575 607 656; x_wconf 90' lang='lat' dir='ltr'><strong>qui</strong></span> <span class='ocrx_word' id='word_1_8' title='bbox 630 574 826 659; x_wconf 83' lang='lat' dir='ltr'><strong>faciuntea,</strong></span> <span class='ocrx_word' id='word_1_9' title='bbox 848 583 1011 642; x_wconf 88' lang='grc'>11111111</span> <span class='ocrx_word' id='word_1_10' title='bbox 1033 575 1179 659; x_wconf 91' lang='lat' dir='ltr'><strong>quicon·</strong></span> <span class='ocrx_word' id='word_1_11' title='bbox 1232 584 1320 639; x_wconf 87' lang='lat' dir='ltr'><strong>mota</strong></span> <span class='ocrx_word' id='word_1_12' title='bbox 1343 586 1401 655; x_wconf 89' lang='lat' dir='ltr'><strong>est,</strong></span> <span class='ocrx_word' id='word_1_13' title='bbox 1432 574 1705 658; x_wconf 72' lang='lat' dir='ltr'><strong>quemadmodum</strong></span> <span class='ocrx_word' id='word_1_14' title='bbox 1728 575 1793 640; x_wconf 90' lang='lat' dir='ltr'><strong>iam</strong></span> <span class='ocrx_word' id='word_1_15' title='bbox 1815 571 1893 652; x_wconf 83' lang='lat' dir='ltr'>dixi,</span> <span class='ocrx_word' id='word_1_16' title='bbox 1922 592 1963 638; x_wconf 88' lang='lat' dir='ltr'><strong>ac</strong></span> <span class='ocrx_word' id='word_1_17' title='bbox 1987 572 2137 637; x_wconf 87' lang='lat' dir='ltr'><strong>ridetur</strong></span> <span class='ocrx_word' id='word_1_18' title='bbox 2160 589 2232 636; x_wconf 89' lang='lat' dir='ltr'><strong>coe-</strong></span> 
     </span>
     <span class='ocr_line' id='line_1_3' title="bbox 205 656 2231 743; baseline -0.002 -19"><span class='ocrx_word' id='word_1_19' title='bbox 205 660 311 724; x_wconf 88' lang='lat' dir='ltr'><strong>fidunt</strong></span> <span class='ocrx_word' id='word_1_20' title='bbox 333 659 366 722; x_wconf 93' lang='grc'><strong>11</strong></span> <span class='ocrx_word' id='word_1_21' title='bbox 390 658 473 723; x_wconf 89' lang='lat' dir='ltr'><strong>illis:</strong></span> <span class='ocrx_word' id='word_1_22' title='bbox 507 680 608 741; x_wconf 91' lang='lat' dir='ltr'><strong>quum</strong></span> <span class='ocrx_word' id='word_1_23' title='bbox 637 661 729 743; x_wconf 90' lang='lat' dir='ltr'><strong>prius</strong></span> <span class='ocrx_word' id='word_1_24' title='bbox 759 660 882 726; x_wconf 89' lang='lat' dir='ltr'><strong>dictum</strong></span> <span class='ocrx_word' id='word_1_25' title='bbox 911 662 1038 737; x_wconf 79' lang='lat' dir='ltr'><strong>luisset,</strong></span> <span class='ocrx_word' id='word_1_26' title='bbox 1072 665 1179 727; x_wconf 82' lang='lat' dir='ltr'><strong>Aures</strong></span> <span class='ocrx_word' id='word_1_27' title='bbox 1231 660 1302 725; x_wconf 89' lang='lat' dir='ltr'><strong>lum</strong></span> <span class='ocrx_word' id='word_1_28' title='bbox 1325 668 1431 725; x_wconf 86' lang='lat' dir='ltr'><strong>terrae</strong></span> <span class='ocrx_word' id='word_1_29' title='bbox 1453 661 1599 727; x_wconf 76' lang='lat' dir='ltr'><strong>misceri:</strong></span> <span class='ocrx_word' id='word_1_30' title='bbox 1634 680 1730 725; x_wconf 91' lang='lat' dir='ltr'><strong>nemo</strong></span> <span class='ocrx_word' id='word_1_31' title='bbox 1752 665 1819 738; x_wconf 87' lang='lat' dir='ltr'><strong>eat,</strong></span> <span class='ocrx_word' id='word_1_32' title='bbox 1849 660 1904 742; x_wconf 90' lang='lat' dir='ltr'><strong>qai</strong></span> <span class='ocrx_word' id='word_1_33' title='bbox 1926 680 1999 723; x_wconf 93' lang='lat' dir='ltr'><strong>non</strong></span> <span class='ocrx_word' id='word_1_34' title='bbox 2026 656 2231 731; x_wconf 86' lang='lat' dir='ltr'><strong>exhorreat,</strong></span> 
     </span>
     <span class='ocr_line' id='line_1_4' title="bbox 203 743 2229 829; baseline -0.001 -20"><span class='ocrx_word' id='word_1_35' title='bbox 203 745 269 809; x_wconf 91' lang='lat' dir='ltr'><strong>illis</strong></span> <span class='ocrx_word' id='word_1_36' title='bbox 292 753 413 809; x_wconf 90' lang='grc'>11111</span> <span class='ocrx_word' id='word_1_37' title='bbox 436 747 591 810; x_wconf 89' lang='lat' dir='ltr'><strong>audiunt:</strong></span> <span class='ocrx_word' id='word_1_38' title='bbox 615 746 987 825; x_wconf 83' lang='lat' dir='ltr'><strong>oculi,etnonvident.</strong></span> <span class='ocrx_word' id='word_1_39' title='bbox 1021 746 1180 813; x_wconf 73' lang='lat' dir='ltr'><strong>Ieremias</strong></span> <span class='ocrx_word' id='word_1_40' title='bbox 1231 749 1434 829; x_wconf 86' lang='lat' dir='ltr'><strong>propinquus</strong></span> <span class='ocrx_word' id='word_1_41' title='bbox 1456 745 1512 811; x_wconf 91' lang='lat' dir='ltr'><strong>tali</strong></span> <span class='ocrx_word' id='word_1_42' title='bbox 1535 746 1729 829; x_wconf 89' lang='lat' dir='ltr'><strong>spectaculo.</strong></span> <span class='ocrx_word' id='word_1_43' title='bbox 1768 744 1842 811; x_wconf 94' lang='lat' dir='ltr'><strong>Illio</strong></span> <span class='ocrx_word' id='word_1_44' title='bbox 1863 765 1940 828; x_wconf 84' lang='lat' dir='ltr'><strong>ergo</strong></span> <span class='ocrx_word' id='word_1_45' title='bbox 1964 743 2102 811; x_wconf 87' lang='lat' dir='ltr'><strong>clarius</strong></span> <span class='ocrx_word' id='word_1_46' title='bbox 2126 761 2229 826; x_wconf 79' lang='lat' dir='ltr'><strong>appa·</strong></span> 
     </span>
     <span class='ocr_line' id='line_1_5' title="bbox 204 829 2230 917; baseline -0.001 -23"><span class='ocrx_word' id='word_1_47' title='bbox 204 851 282 914; x_wconf 90' lang='lat' dir='ltr'><strong>ergo</strong></span> <span class='ocrx_word' id='word_1_48' title='bbox 304 829 358 895; x_wconf 93' lang='lat' dir='ltr'><strong>hic</strong></span> <span class='ocrx_word' id='word_1_49' title='bbox 380 831 509 913; x_wconf 88' lang='lat' dir='ltr'><strong>oblique</strong></span> <span class='ocrx_word' id='word_1_50' title='bbox 532 835 725 917; x_wconf 82' lang='lat' dir='ltr'><strong>perstringit</strong></span> <span class='ocrx_word' id='word_1_51' title='bbox 746 832 896 909; x_wconf 90' lang='lat' dir='ltr'><strong>Iudaeos,</strong></span> <span class='ocrx_word' id='word_1_52' title='bbox 920 832 1004 916; x_wconf 92' lang='lat' dir='ltr'><strong>quod</strong></span> <span class='ocrx_word' id='word_1_53' title='bbox 1027 834 1179 916; x_wconf 88' lang='lat' dir='ltr'><strong>obstupe·</strong></span> <span class='ocrx_word' id='word_1_54' title='bbox 1231 841 1281 896; x_wconf 89' lang='lat' dir='ltr'><strong>ret</strong></span> <span class='ocrx_word' id='word_1_55' title='bbox 1302 833 1411 897; x_wconf 82' lang='lat' dir='ltr'><strong>virtus</strong></span> <span class='ocrx_word' id='word_1_56' title='bbox 1433 831 1514 912; x_wconf 93' lang='lat' dir='ltr'><strong>Dei,</strong></span> <span class='ocrx_word' id='word_1_57' title='bbox 1547 844 1580 896; x_wconf 89' lang='lat' dir='ltr'><strong>et</strong></span> <span class='ocrx_word' id='word_1_58' title='bbox 1609 831 1822 897; x_wconf 84' lang='lat' dir='ltr'><strong>formidabilia</strong></span> <span class='ocrx_word' id='word_1_59' title='bbox 1851 831 2020 913; x_wconf 88' lang='lat' dir='ltr'><strong>potentia,</strong></span> <span class='ocrx_word' id='word_1_60' title='bbox 2061 850 2154 912; x_wconf 86' lang='lat' dir='ltr'><strong>quae</strong></span> <span class='ocrx_word' id='word_1_61' title='bbox 2184 830 2230 893; x_wconf 88' lang='lat' dir='ltr'><strong>ita</strong></span> 
     </span>
     <span class='ocr_line' id='line_1_6' title="bbox 204 916 2230 1002; baseline -0 -22"><span class='ocrx_word' id='word_1_62' title='bbox 204 917 278 980; x_wconf 83' lang='lat' dir='ltr'><strong>iacti</strong></span> <span class='ocrx_word' id='word_1_63' title='bbox 314 916 453 981; x_wconf 82' lang='lat' dir='ltr'><strong>luissent</strong></span> <span class='ocrx_word' id='word_1_64' title='bbox 486 919 519 981; x_wconf 93' lang='lat' dir='ltr'><strong>in</strong></span> <span class='ocrx_word' id='word_1_65' title='bbox 554 919 621 982; x_wconf 91' lang='lat' dir='ltr'><strong>suis</strong></span> <span class='ocrx_word' id='word_1_66' title='bbox 658 919 961 1001; x_wconf 73' lang='lat' dir='ltr'><strong>superstitionibus,</strong></span> <span class='ocrx_word' id='word_1_67' title='bbox 999 930 1098 1002; x_wconf 89' lang='lat' dir='ltr'><strong>atque</strong></span> <span class='ocrx_word' id='word_1_68' title='bbox 1134 919 1180 982; x_wconf 92' lang='lat' dir='ltr'><strong>ita</strong></span> <span class='ocrx_word' id='word_1_69' title='bbox 1230 918 1408 1001; x_wconf 89' lang='lat' dir='ltr'><strong>compescit</strong></span> <span class='ocrx_word' id='word_1_70' title='bbox 1430 938 1520 984; x_wconf 89' lang='lat' dir='ltr'><strong>mare</strong></span> <span class='ocrx_word' id='word_1_71' title='bbox 1542 917 1776 984; x_wconf 90' lang='lat' dir='ltr'><strong>turbulentum.</strong></span> <span class='ocrx_word' id='word_1_72' title='bbox 1813 916 1909 983; x_wconf 88' lang='lat' dir='ltr'><strong>Nunc</strong></span> <span class='ocrx_word' id='word_1_73' title='bbox 1930 916 2103 982; x_wconf 83' lang='lat' dir='ltr'><strong>videmus</strong></span> <span class='ocrx_word' id='word_1_74' title='bbox 2126 934 2230 997; x_wconf 91' lang='lat' dir='ltr'><strong>qnor-</strong></span> 
     </span>
     <span class='ocr_line' id='line_1_7' title="bbox 203 1000 2229 1087; baseline -0 -20"><span class='ocrx_word' id='word_1_75' title='bbox 203 1002 327 1067; x_wconf 89' lang='lat' dir='ltr'><strong>similes</strong></span> <span class='ocrx_word' id='word_1_76' title='bbox 355 1004 496 1067; x_wconf 87' lang='lat' dir='ltr'><strong>fuissent</strong></span> <span class='ocrx_word' id='word_1_77' title='bbox 526 1006 663 1068; x_wconf 86' lang='lat' dir='ltr'><strong>mortuis</strong></span> <span class='ocrx_word' id='word_1_78' title='bbox 690 1004 795 1070; x_wconf 88' lang='lat' dir='ltr'><strong>idolis.</strong></span> <span class='ocrx_word' id='word_1_79' title='bbox 838 1005 923 1071; x_wconf 92' lang='lat' dir='ltr'><strong>Nam</strong></span> <span class='ocrx_word' id='word_1_80' title='bbox 947 1014 998 1070; x_wconf 91' lang='lat' dir='ltr'><strong>est</strong></span> <span class='ocrx_word' id='word_1_81' title='bbox 1019 1004 1177 1087; x_wconf 88' lang='lat' dir='ltr'><strong>quaedam</strong></span> <span class='ocrx_word' id='word_1_82' title='bbox 1230 1024 1303 1069; x_wconf 89' lang='lat' dir='ltr'><strong>sum</strong></span> <span class='ocrx_word' id='word_1_83' title='bbox 1336 1012 1484 1087; x_wconf 88' lang='lat' dir='ltr'><strong>spectent</strong></span> <span class='ocrx_word' id='word_1_84' title='bbox 1518 1005 1695 1087; x_wconf 91' lang='lat' dir='ltr'><strong>prophetae</strong></span> <span class='ocrx_word' id='word_1_85' title='bbox 1727 1003 1843 1069; x_wconf 90' lang='lat' dir='ltr'><strong>verba:</strong></span> <span class='ocrx_word' id='word_1_86' title='bbox 1876 1000 2041 1067; x_wconf 81' lang='lat' dir='ltr'><strong>Ostendit</strong></span> <span class='ocrx_word' id='word_1_87' title='bbox 2079 1000 2229 1066; x_wconf 83' lang='lat' dir='ltr'><strong>Iudaeos</strong></span> 
     </span>
     <span class='ocr_line' id='line_1_8' title="bbox 203 1085 2228 1174; baseline -0 -22"><span class='ocrx_word' id='word_1_88' title='bbox 203 1088 384 1153; x_wconf 80' lang='lat' dir='ltr'><strong>similitudo</strong></span> <span class='ocrx_word' id='word_1_89' title='bbox 407 1088 549 1154; x_wconf 91' lang='lat' dir='ltr'><strong>hominis</strong></span> <span class='ocrx_word' id='word_1_90' title='bbox 571 1090 605 1153; x_wconf 93' lang='lat' dir='ltr'><strong>in</strong></span> <span class='ocrx_word' id='word_1_91' title='bbox 629 1090 724 1166; x_wconf 84' lang='lat' dir='ltr'><strong>idolo,</strong></span> <span class='ocrx_word' id='word_1_92' title='bbox 748 1102 781 1155; x_wconf 89' lang='grc'><strong>11</strong></span> <span class='ocrx_word' id='word_1_93' title='bbox 804 1091 958 1157; x_wconf 88' lang='lat' dir='ltr'><strong>distincta</strong></span> <span class='ocrx_word' id='word_1_94' title='bbox 980 1101 1055 1157; x_wconf 90' lang='lat' dir='ltr'><strong>sunt</strong></span> <span class='ocrx_word' id='word_1_95' title='bbox 1077 1112 1178 1156; x_wconf 89' lang='lat' dir='ltr'><strong>mem·</strong></span> <span class='ocrx_word' id='word_1_96' title='bbox 1230 1110 1301 1154; x_wconf 90' lang='lat' dir='ltr'><strong>esee</strong></span> <span class='ocrx_word' id='word_1_97' title='bbox 1323 1101 1479 1164; x_wconf 88' lang='lat' dir='ltr'><strong>monstra,</strong></span> <span class='ocrx_word' id='word_1_98' title='bbox 1503 1100 1537 1153; x_wconf 93' lang='grc'><strong>11</strong></span> <span class='ocrx_word' id='word_1_99' title='bbox 1558 1089 1709 1174; x_wconf 85' lang='lat' dir='ltr'><strong>indignos</strong></span> <span class='ocrx_word' id='word_1_100' title='bbox 1731 1089 1788 1172; x_wconf 89' lang='lat' dir='ltr'><strong>qui</strong></span> <span class='ocrx_word' id='word_1_101' title='bbox 1811 1096 2011 1154; x_wconf 87' lang='lat' dir='ltr'><strong>censeantur</strong></span> <span class='ocrx_word' id='word_1_102' title='bbox 2032 1107 2110 1152; x_wconf 89' lang='grc'><strong>111</strong></span> <span class='ocrx_word' id='word_1_103' title='bbox 2127 1085 2228 1152; x_wconf 90' lang='lat' dir='ltr'><strong>modo</strong></span> 
     </span>
     <span class='ocr_line' id='line_1_9' title="bbox 203 1172 2229 1253; baseline -0 -14"><span class='ocrx_word' id='word_1_104' title='bbox 203 1174 277 1239; x_wconf 89' lang='lat' dir='ltr'><strong>bra:</strong></span> <span class='ocrx_word' id='word_1_105' title='bbox 306 1175 431 1238; x_wconf 89' lang='lat' dir='ltr'><strong>interea</strong></span> <span class='ocrx_word' id='word_1_106' title='bbox 454 1175 564 1240; x_wconf 89' lang='lat' dir='ltr'><strong>nullus</strong></span> <span class='ocrx_word' id='word_1_107' title='bbox 587 1196 711 1241; x_wconf 88' lang='lat' dir='ltr'><strong>sensus.</strong></span> <span class='ocrx_word' id='word_1_108' title='bbox 756 1175 813 1242; x_wconf 85' lang='lat' dir='ltr'><strong>Sic</strong></span> <span class='ocrx_word' id='word_1_109' title='bbox 835 1177 933 1242; x_wconf 90' lang='lat' dir='ltr'><strong>etiam</strong></span> <span class='ocrx_word' id='word_1_110' title='bbox 957 1175 1036 1242; x_wconf 89' lang='lat' dir='ltr'><strong>dicit</strong></span> <span class='ocrx_word' id='word_1_111' title='bbox 1056 1177 1178 1241; x_wconf 87' lang='lat' dir='ltr'><strong>referre</strong></span> <span class='ocrx_word' id='word_1_112' title='bbox 1230 1175 1316 1240; x_wconf 92' lang='lat' dir='ltr'><strong>inter</strong></span> <span class='ocrx_word' id='word_1_113' title='bbox 1338 1175 1498 1253; x_wconf 89' lang='lat' dir='ltr'><strong>homines,</strong></span> <span class='ocrx_word' id='word_1_114' title='bbox 1521 1174 1578 1240; x_wconf 89' lang='lat' dir='ltr'><strong>sed</strong></span> <span class='ocrx_word' id='word_1_115' title='bbox 1595 1177 1693 1240; x_wconf 87' lang='lat' dir='ltr'><strong>etiam</strong></span> <span class='ocrx_word' id='word_1_116' title='bbox 1708 1176 1797 1240; x_wconf 88' lang='lat' dir='ltr'><strong>inter</strong></span> <span class='ocrx_word' id='word_1_117' title='bbox 1812 1174 1907 1239; x_wconf 82' lang='grc'>11111</span> <span class='ocrx_word' id='word_1_118' title='bbox 1921 1173 2107 1238; x_wconf 87' lang='lat' dir='ltr'><strong>animalia.</strong></span> <span class='ocrx_word' id='word_1_119' title='bbox 2144 1172 2229 1238; x_wconf 82' lang='lat' dir='ltr'><strong>Plus</strong></span> 
     </span>
     <span class='ocr_line' id='line_1_10' title="bbox 202 1259 2228 1345; baseline 0 -22"><span class='ocrx_word' id='word_1_120' title='bbox 202 1259 341 1324; x_wconf 89' lang='lat' dir='ltr'><strong>Iudaeos</strong></span> <span class='ocrx_word' id='word_1_121' title='bbox 364 1260 541 1325; x_wconf 88' lang='lat' dir='ltr'><strong>humanam</strong></span> <span class='ocrx_word' id='word_1_122' title='bbox 566 1263 705 1343; x_wconf 88' lang='lat' dir='ltr'><strong>speciem</strong></span> <span class='ocrx_word' id='word_1_123' title='bbox 728 1263 830 1328; x_wconf 89' lang='lat' dir='ltr'><strong>oculis</strong></span> <span class='ocrx_word' id='word_1_124' title='bbox 853 1274 885 1328; x_wconf 91' lang='lat' dir='ltr'><strong>et</strong></span> <span class='ocrx_word' id='word_1_125' title='bbox 907 1261 1049 1340; x_wconf 90' lang='lat' dir='ltr'><strong>auribus,</strong></span> <span class='ocrx_word' id='word_1_126' title='bbox 1072 1272 1105 1327; x_wconf 90' lang='lat' dir='ltr'><strong>et</strong></span> <span class='ocrx_word' id='word_1_127' title='bbox 1124 1283 1179 1326; x_wconf 91' lang='lat' dir='ltr'><strong>ex·</strong></span> <span class='ocrx_word' id='word_1_128' title='bbox 1229 1261 1317 1326; x_wconf 91' lang='lat' dir='ltr'><strong>enim</strong></span> <span class='ocrx_word' id='word_1_129' title='bbox 1347 1270 1398 1326; x_wconf 90' lang='lat' dir='ltr'><strong>est</strong></span> <span class='ocrx_word' id='word_1_130' title='bbox 1426 1282 1541 1328; x_wconf 89' lang='lat' dir='ltr'><strong>sensus</strong></span> <span class='ocrx_word' id='word_1_131' title='bbox 1570 1272 1604 1325; x_wconf 88' lang='grc'><strong>11</strong></span> <span class='ocrx_word' id='word_1_132' title='bbox 1625 1260 1862 1345; x_wconf 87' lang='lat' dir='ltr'><strong>intelligentiae</strong></span> <span class='ocrx_word' id='word_1_133' title='bbox 1886 1261 1920 1324; x_wconf 94' lang='lat' dir='ltr'><strong>in</strong></span> <span class='ocrx_word' id='word_1_134' title='bbox 1945 1261 2039 1324; x_wconf 92' lang='lat' dir='ltr'><strong>mari</strong></span> <span class='ocrx_word' id='word_1_135' title='bbox 2073 1269 2228 1341; x_wconf 85' lang='lat' dir='ltr'><strong>tempes-</strong></span> 
     </span>
     <span class='ocr_line' id='line_1_11' title="bbox 203 1344 2228 1431; baseline 0 -23"><span class='ocrx_word' id='word_1_136' title='bbox 203 1357 297 1409; x_wconf 88' lang='lat' dir='ltr'><strong>terna</strong></span> <span class='ocrx_word' id='word_1_137' title='bbox 319 1347 427 1431; x_wconf 85' lang='lat' dir='ltr'><strong>effigie</strong></span> <span class='ocrx_word' id='word_1_138' title='bbox 450 1369 521 1411; x_wconf 90' lang='lat' dir='ltr'><strong>esse</strong></span> <span class='ocrx_word' id='word_1_139' title='bbox 544 1347 674 1429; x_wconf 88' lang='lat' dir='ltr'><strong>quidem</strong></span> <span class='ocrx_word' id='word_1_140' title='bbox 698 1348 862 1413; x_wconf 88' lang='lat' dir='ltr'><strong>homines:</strong></span> <span class='ocrx_word' id='word_1_141' title='bbox 886 1349 942 1414; x_wconf 90' lang='lat' dir='ltr'><strong>sad</strong></span> <span class='ocrx_word' id='word_1_142' title='bbox 961 1348 1087 1413; x_wconf 90' lang='lat' dir='ltr'><strong>interea</strong></span> <span class='ocrx_word' id='word_1_143' title='bbox 1110 1368 1177 1412; x_wconf 93' lang='lat' dir='ltr'><strong>non</strong></span> <span class='ocrx_word' id='word_1_144' title='bbox 1230 1354 1324 1411; x_wconf 91' lang='lat' dir='ltr'><strong>tuoeo</strong></span> <span class='ocrx_word' id='word_1_145' title='bbox 1353 1357 1387 1412; x_wconf 87' lang='lat' dir='ltr'><strong>et</strong></span> <span class='ocrx_word' id='word_1_146' title='bbox 1408 1347 1539 1427; x_wconf 81' lang='lat' dir='ltr'><strong>furioso,</strong></span> <span class='ocrx_word' id='word_1_147' title='bbox 1569 1367 1666 1430; x_wconf 89' lang='lat' dir='ltr'><strong>quam</strong></span> <span class='ocrx_word' id='word_1_148' title='bbox 1688 1348 1722 1411; x_wconf 94' lang='lat' dir='ltr'><strong>in</strong></span> <span class='ocrx_word' id='word_1_149' title='bbox 1746 1346 1938 1425; x_wconf 92' lang='lat' dir='ltr'><strong>hominibus,</strong></span> <span class='ocrx_word' id='word_1_150' title='bbox 1968 1345 2032 1427; x_wconf 91' lang='lat' dir='ltr'><strong>qui</strong></span> <span class='ocrx_word' id='word_1_151' title='bbox 2060 1344 2228 1410; x_wconf 83' lang='lat' dir='ltr'><strong>videntur</strong></span> 
     </span>
     <span class='ocr_line' id='line_1_12' title="bbox 202 1430 2226 1516; baseline 0.001 -23"><span class='ocrx_word' id='word_1_152' title='bbox 202 1432 313 1496; x_wconf 92' lang='lat' dir='ltr'><strong>minus</strong></span> <span class='ocrx_word' id='word_1_153' title='bbox 346 1453 416 1497; x_wconf 90' lang='lat' dir='ltr'><strong>esee</strong></span> <span class='ocrx_word' id='word_1_154' title='bbox 449 1434 596 1514; x_wconf 91' lang='lat' dir='ltr'><strong>stupidos</strong></span> <span class='ocrx_word' id='word_1_155' title='bbox 629 1455 726 1516; x_wconf 89' lang='lat' dir='ltr'><strong>quam</strong></span> <span class='ocrx_word' id='word_1_156' title='bbox 761 1435 789 1498; x_wconf 90' lang='lat' dir='ltr'><strong>ei</strong></span> <span class='ocrx_word' id='word_1_157' title='bbox 821 1442 931 1499; x_wconf 90' lang='lat' dir='ltr'><strong>essent</strong></span> <span class='ocrx_word' id='word_1_158' title='bbox 968 1434 1091 1516; x_wconf 87' lang='lat' dir='ltr'><strong>lapides</strong></span> <span class='ocrx_word' id='word_1_159' title='bbox 1123 1434 1177 1498; x_wconf 86' lang='lat' dir='ltr'><strong>vel</strong></span> <span class='ocrx_word' id='word_1_160' title='bbox 1228 1432 1323 1497; x_wconf 89' lang='lat' dir='ltr'><strong>corde</strong></span> <span class='ocrx_word' id='word_1_161' title='bbox 1346 1445 1378 1497; x_wconf 94' lang='lat' dir='ltr'><strong>et</strong></span> <span class='ocrx_word' id='word_1_162' title='bbox 1398 1433 1615 1516; x_wconf 90' lang='lat' dir='ltr'><strong>intelligentia</strong></span> <span class='ocrx_word' id='word_1_163' title='bbox 1643 1433 1792 1515; x_wconf 86' lang='lat' dir='ltr'><strong>praediti.</strong></span> <span class='ocrx_word' id='word_1_164' title='bbox 1835 1430 1899 1497; x_wconf 89' lang='lat' dir='ltr'><strong>Hic</strong></span> <span class='ocrx_word' id='word_1_165' title='bbox 1927 1442 1982 1496; x_wconf 90' lang='lat' dir='ltr'><strong>est</strong></span> <span class='ocrx_word' id='word_1_166' title='bbox 2013 1432 2104 1496; x_wconf 87' lang='lat' dir='ltr'><strong>finis</strong></span> <span class='ocrx_word' id='word_1_167' title='bbox 2135 1453 2226 1496; x_wconf 88' lang='lat' dir='ltr'><strong>oom-</strong></span> 
     </span>
     <span class='ocr_line' id='line_1_13' title="bbox 202 1517 2227 1603; baseline 0.001 -25"><span class='ocrx_word' id='word_1_168' title='bbox 202 1519 310 1581; x_wconf 90' lang='lat' dir='ltr'><strong>trnnoi</strong></span> <span class='ocrx_word' id='word_1_169' title='bbox 332 1517 506 1602; x_wconf 87' lang='lat' dir='ltr'><strong>lignorum.</strong></span> <span class='ocrx_word' id='word_1_170' title='bbox 540 1519 636 1585; x_wconf 92' lang='lat' dir='ltr'><strong>Nunc</strong></span> <span class='ocrx_word' id='word_1_171' title='bbox 657 1520 806 1602; x_wconf 86' lang='lat' dir='ltr'><strong>sequitur</strong></span> <span class='ocrx_word' id='word_1_172' title='bbox 828 1521 935 1603; x_wconf 89' lang='lat' dir='ltr'><strong>ipsum</strong></span> <span class='ocrx_word' id='word_1_173' title='bbox 958 1521 1175 1603; x_wconf 89' lang='lat' dir='ltr'><strong>praeconium.</strong></span> <span class='ocrx_word' id='word_1_174' title='bbox 1226 1518 1415 1600; x_wconf 85' lang='lat' dir='ltr'><strong>parationis.</strong></span> <span class='ocrx_word' id='word_1_175' title='bbox 1447 1517 1512 1584; x_wconf 81' lang='lat' dir='ltr'><strong>Sed</strong></span> <span class='ocrx_word' id='word_1_176' title='bbox 1535 1521 1686 1601; x_wconf 90' lang='lat' dir='ltr'><strong>quoniam</strong></span> <span class='ocrx_word' id='word_1_177' title='bbox 1709 1517 1820 1602; x_wconf 80' lang='lat' dir='ltr'><strong>gravis</strong></span> <span class='ocrx_word' id='word_1_178' title='bbox 1842 1527 1912 1582; x_wconf 89' lang='lat' dir='ltr'><strong>erat</strong></span> <span class='ocrx_word' id='word_1_179' title='bbox 1933 1517 2021 1582; x_wconf 87' lang='lat' dir='ltr'><strong>haec</strong></span> <span class='ocrx_word' id='word_1_180' title='bbox 2047 1517 2227 1599; x_wconf 87' lang='lat' dir='ltr'><strong>querimo-</strong></span> 
     </span>
     <span class='ocr_line' id='line_1_14' title="bbox 1228 1600 2227 1688; baseline 0 -20"><span class='ocrx_word' id='word_1_181' title='bbox 1228 1605 1293 1683; x_wconf 91' lang='lat' dir='ltr'><strong>nia,</strong></span> <span class='ocrx_word' id='word_1_182' title='bbox 1315 1604 1475 1686; x_wconf 88' lang='lat' dir='ltr'><strong>propheta</strong></span> <span class='ocrx_word' id='word_1_183' title='bbox 1496 1605 1752 1688; x_wconf 77' lang='lat' dir='ltr'><strong>interrogatione</strong></span> <span class='ocrx_word' id='word_1_184' title='bbox 1775 1623 1852 1668; x_wconf 82' lang='lat' dir='ltr'><strong>usus</strong></span> <span class='ocrx_word' id='word_1_185' title='bbox 1873 1611 1938 1680; x_wconf 88' lang='lat' dir='ltr'><strong>est,</strong></span> <span class='ocrx_word' id='word_1_186' title='bbox 1977 1600 2042 1667; x_wconf 83' lang='lat' dir='ltr'><strong>An</strong></span> <span class='ocrx_word' id='word_1_187' title='bbox 2075 1623 2131 1668; x_wconf 83' lang='lat' dir='ltr'><strong>me</strong></span> <span class='ocrx_word' id='word_1_188' title='bbox 2161 1623 2227 1668; x_wconf 82' lang='lat' dir='ltr'><strong>non</strong></span> 
     </span>
    </p>

    <p class='ocr_par' dir='ltr' id='par_1_3' title="bbox 195 1687 2227 2544">
     <span class='ocr_line' id='line_1_15' title="bbox 289 1687 2226 1773; baseline 0 -22"><span class='ocrx_word' id='word_1_189' title='bbox 289 1688 341 1752; x_wconf 81' lang='lat'><strong>22.</strong></span> <span class='ocrx_word' id='word_1_190' title='bbox 370 1689 424 1752; x_wconf 86' lang='lat' dir='ltr'><strong>An</strong></span> <span class='ocrx_word' id='word_1_191' title='bbox 446 1710 494 1753; x_wconf 84' lang='lat' dir='ltr'><strong>nae</strong></span> <span class='ocrx_word' id='word_1_192' title='bbox 515 1711 577 1754; x_wconf 90' lang='lat' dir='ltr'><strong>non</strong></span> <span class='ocrx_word' id='word_1_193' title='bbox 599 1690 762 1770; x_wconf 81' lang='lat' dir='ltr'><strong>timebitis,</strong></span> <span class='ocrx_word' id='word_1_194' title='bbox 793 1691 869 1757; x_wconf 83' lang='lat' dir='ltr'><strong>dicii</strong></span> <span class='ocrx_word' id='word_1_195' title='bbox 895 1689 1057 1757; x_wconf 75' lang='lat' dir='ltr'><strong>laborate?</strong></span> <span class='ocrx_word' id='word_1_196' title='bbox 1090 1712 1134 1756; x_wconf 92' lang='lat' dir='ltr'><strong>an</strong></span> <span class='ocrx_word' id='word_1_197' title='bbox 1156 1712 1177 1755; x_wconf 91' lang='lat' dir='ltr'><strong>a</strong></span> <span class='ocrx_word' id='word_1_198' title='bbox 1227 1690 1398 1756; x_wconf 61' lang='lat' dir='ltr'><strong>tenebitis?</strong></span> <span class='ocrx_word' id='word_1_199' title='bbox 1429 1691 1521 1773; x_wconf 91' lang='lat' dir='ltr'><strong>quasi</strong></span> <span class='ocrx_word' id='word_1_200' title='bbox 1545 1689 1666 1755; x_wconf 91' lang='lat' dir='ltr'><strong>diceret</strong></span> <span class='ocrx_word' id='word_1_201' title='bbox 1687 1689 1796 1768; x_wconf 83' lang='lat' dir='ltr'><strong>Deus,</strong></span> <span class='ocrx_word' id='word_1_202' title='bbox 1826 1687 1913 1769; x_wconf 80' lang='lat' dir='ltr'><strong>Quid</strong></span> <span class='ocrx_word' id='word_1_203' title='bbox 1936 1688 2000 1754; x_wconf 93' lang='lat' dir='ltr'><strong>hoo</strong></span> <span class='ocrx_word' id='word_1_204' title='bbox 2027 1688 2102 1754; x_wconf 90' lang='lat' dir='ltr'><strong>sibi</strong></span> <span class='ocrx_word' id='word_1_205' title='bbox 2125 1689 2226 1754; x_wconf 74' lang='lat' dir='ltr'><strong>vult?</strong></span> 
     </span>
     <span class='ocr_line' id='line_1_16' title="bbox 200 1772 2226 1861; baseline 0 -21"><span class='ocrx_word' id='word_1_206' title='bbox 200 1775 283 1855; x_wconf 69' lang='lat' dir='ltr'><strong>facie</strong></span> <span class='ocrx_word' id='word_1_207' title='bbox 319 1796 389 1838; x_wconf 87' lang='lat' dir='ltr'><strong>mea</strong></span> <span class='ocrx_word' id='word_1_208' title='bbox 422 1796 484 1840; x_wconf 88' lang='lat' dir='ltr'><strong>non</strong></span> <span class='ocrx_word' id='word_1_209' title='bbox 518 1777 782 1842; x_wconf 78' lang='lat' dir='ltr'><strong>contremiscetis?</strong></span> <span class='ocrx_word' id='word_1_210' title='bbox 832 1776 894 1858; x_wconf 75' lang='lat' dir='ltr'><strong>Qui</strong></span> <span class='ocrx_word' id='word_1_211' title='bbox 919 1778 1017 1860; x_wconf 79' lang='lat' dir='ltr'><strong>poeni</strong></span> <span class='ocrx_word' id='word_1_212' title='bbox 1049 1797 1178 1842; x_wconf 86' lang='lat' dir='ltr'><strong>arenam</strong></span> <span class='ocrx_word' id='word_1_213' title='bbox 1227 1777 1377 1858; x_wconf 89' lang='lat' dir='ltr'><strong>quifieri</strong></span> <span class='ocrx_word' id='word_1_214' title='bbox 1399 1786 1566 1861; x_wconf 85' lang='lat' dir='ltr'><strong>potestat</strong></span> <span class='ocrx_word' id='word_1_215' title='bbox 1588 1797 1652 1841; x_wconf 92' lang='grc'><strong>111</strong></span> <span class='ocrx_word' id='word_1_216' title='bbox 1676 1784 1804 1841; x_wconf 90' lang='lat' dir='ltr'><strong>metuar</strong></span> <span class='ocrx_word' id='word_1_217' title='bbox 1820 1796 1839 1839; x_wconf 91' lang='lat' dir='ltr'><strong>a</strong></span> <span class='ocrx_word' id='word_1_218' title='bbox 1855 1772 1967 1840; x_wconf 83' lang='lat' dir='ltr'><strong>vobis?</strong></span> <span class='ocrx_word' id='word_1_219' title='bbox 2004 1773 2109 1839; x_wconf 87' lang='lat' dir='ltr'><strong>Nam</strong></span> <span class='ocrx_word' id='word_1_220' title='bbox 2128 1796 2226 1841; x_wconf 84' lang='lat' dir='ltr'><strong>mare</strong></span> 
     </span>
     <span class='ocr_line' id='line_1_17' title="bbox 200 1859 2226 1948; baseline 0.001 -24"><span class='ocrx_word' id='word_1_221' title='bbox 200 1861 368 1924; x_wconf 84' lang='lat' dir='ltr'><strong>terminum</strong></span> <span class='ocrx_word' id='word_1_222' title='bbox 393 1863 487 1939; x_wconf 89' lang='lat' dir='ltr'><strong>mari,</strong></span> <span class='ocrx_word' id='word_1_223' title='bbox 516 1866 666 1927; x_wconf 83' lang='lat' dir='ltr'><strong>statutum</strong></span> <span class='ocrx_word' id='word_1_224' title='bbox 687 1863 804 1929; x_wconf 78' lang='lat' dir='ltr'><strong>sarneii</strong></span> <span class='ocrx_word' id='word_1_225' title='bbox 830 1861 1038 1948; x_wconf 84' lang='lat' dir='ltr'><strong>(aeternum),</strong></span> <span class='ocrx_word' id='word_1_226' title='bbox 1068 1869 1096 1928; x_wconf 85' lang='lat' dir='ltr'><strong>et</strong></span> <span class='ocrx_word' id='word_1_227' title='bbox 1117 1883 1177 1927; x_wconf 84' lang='lat' dir='ltr'><strong>non</strong></span> <span class='ocrx_word' id='word_1_228' title='bbox 1227 1861 1308 1926; x_wconf 89' lang='lat' dir='ltr'><strong>mihi</strong></span> <span class='ocrx_word' id='word_1_229' title='bbox 1330 1862 1542 1946; x_wconf 90' lang='lat' dir='ltr'><strong>obtemperat,</strong></span> <span class='ocrx_word' id='word_1_230' title='bbox 1573 1872 1606 1925; x_wconf 89' lang='lat' dir='ltr'><strong>et</strong></span> <span class='ocrx_word' id='word_1_231' title='bbox 1627 1863 1717 1926; x_wconf 88' lang='lat' dir='ltr'><strong>furor</strong></span> <span class='ocrx_word' id='word_1_232' title='bbox 1738 1861 1808 1925; x_wconf 90' lang='lat' dir='ltr'><strong>eius</strong></span> <span class='ocrx_word' id='word_1_233' title='bbox 1829 1859 2073 1943; x_wconf 90' lang='lat' dir='ltr'><strong>comprimitur</strong></span> <span class='ocrx_word' id='word_1_234' title='bbox 2098 1881 2226 1926; x_wconf 79' lang='grc'>111111</span> 
     </span>
     <span class='ocr_line' id='line_1_18' title="bbox 195 1946 2227 2032; baseline 0.001 -22"><span class='ocrx_word' id='word_1_235' title='bbox 195 1946 874 2032; x_wconf 58' lang='grc'>11111111111111,1111111111</span> <span class='ocrx_word' id='word_1_236' title='bbox 891 1949 1175 2030; x_wconf 89' lang='lat' dir='ltr'><strong>quidamenimad</strong></span> <span class='ocrx_word' id='word_1_237' title='bbox 1227 1968 1299 2012; x_wconf 93' lang='lat' dir='ltr'><strong>meo</strong></span> <span class='ocrx_word' id='word_1_238' title='bbox 1322 1949 1423 2025; x_wconf 90' lang='lat' dir='ltr'><strong>iussu,</strong></span> <span class='ocrx_word' id='word_1_239' title='bbox 1444 1948 1522 2030; x_wconf 88' lang='lat' dir='ltr'><strong>quia</strong></span> <span class='ocrx_word' id='word_1_240' title='bbox 1543 1948 1644 2012; x_wconf 90' lang='lat' dir='ltr'><strong>semol</strong></span> <span class='ocrx_word' id='word_1_241' title='bbox 1666 1947 1824 2030; x_wconf 88' lang='lat' dir='ltr'><strong>praecepi,</strong></span> <span class='ocrx_word' id='word_1_242' title='bbox 1847 1958 1885 2011; x_wconf 88' lang='grc'><strong>11</strong></span> <span class='ocrx_word' id='word_1_243' title='bbox 1905 1966 2000 2010; x_wconf 89' lang='lat' dir='ltr'><strong>mare</strong></span> <span class='ocrx_word' id='word_1_244' title='bbox 2022 1947 2126 2012; x_wconf 89' lang='lat' dir='ltr'><strong>intra</strong></span> <span class='ocrx_word' id='word_1_245' title='bbox 2146 1967 2227 2013; x_wconf 86' lang='lat' dir='ltr'><strong>suos</strong></span> 
     </span>
     <span class='ocr_line' id='line_1_19' title="bbox 202 2031 2224 2120; baseline 0.001 -25"><span class='ocrx_word' id='word_1_246' title='bbox 202 2032 388 2113; x_wconf 90' lang='lat' dir='ltr'><strong>proximum</strong></span> <span class='ocrx_word' id='word_1_247' title='bbox 412 2034 568 2108; x_wconf 84' lang='lat' dir='ltr'><strong>referunt,</strong></span> <span class='ocrx_word' id='word_1_248' title='bbox 592 2035 646 2097; x_wconf 87' lang='lat' dir='ltr'><strong>alii</strong></span> <span class='ocrx_word' id='word_1_249' title='bbox 669 2035 709 2098; x_wconf 89' lang='lat' dir='ltr'><strong>ad</strong></span> <span class='ocrx_word' id='word_1_250' title='bbox 733 2033 846 2120; x_wconf 88' lang='lat' dir='ltr'><strong>prius),</strong></span> <span class='ocrx_word' id='word_1_251' title='bbox 869 2039 896 2100; x_wconf 88' lang='lat' dir='ltr'><strong>et</strong></span> <span class='ocrx_word' id='word_1_252' title='bbox 917 2034 1127 2100; x_wconf 70' lang='grc'>1111111111</span> <span class='ocrx_word' id='word_1_253' title='bbox 1149 2040 1177 2099; x_wconf 90' lang='lat' dir='ltr'><strong>et</strong></span> <span class='ocrx_word' id='word_1_254' title='bbox 1226 2034 1347 2098; x_wconf 89' lang='lat' dir='ltr'><strong>limites</strong></span> <span class='ocrx_word' id='word_1_255' title='bbox 1368 2044 1517 2098; x_wconf 87' lang='lat' dir='ltr'><strong>maneat:</strong></span> <span class='ocrx_word' id='word_1_256' title='bbox 1541 2034 1752 2114; x_wconf 86' lang='lat' dir='ltr'><strong>quantumvis</strong></span> <span class='ocrx_word' id='word_1_257' title='bbox 1773 2033 1915 2114; x_wconf 75' lang='lat' dir='ltr'><strong>agitetur</strong></span> <span class='ocrx_word' id='word_1_258' title='bbox 1937 2031 2075 2097; x_wconf 90' lang='lat' dir='ltr'><strong>furiose</strong></span> <span class='ocrx_word' id='word_1_259' title='bbox 2091 2044 2131 2098; x_wconf 91' lang='lat' dir='ltr'><strong>et</strong></span> <span class='ocrx_word' id='word_1_260' title='bbox 2147 2053 2224 2115; x_wconf 89' lang='lat' dir='ltr'><strong>pro·</strong></span> 
     </span>
     <span class='ocr_line' id='line_1_20' title="bbox 200 2117 2225 2206; baseline 0.001 -25"><span class='ocrx_word' id='word_1_261' title='bbox 200 2138 263 2181; x_wconf 90' lang='lat' dir='ltr'><strong>non</strong></span> <span class='ocrx_word' id='word_1_262' title='bbox 279 2117 512 2198; x_wconf 76' lang='lat' dir='ltr'><strong>praevalebant,</strong></span> <span class='ocrx_word' id='word_1_263' title='bbox 536 2120 857 2202; x_wconf 77' lang='lat' dir='ltr'><strong>ettamuitnabantnr,</strong></span> <span class='ocrx_word' id='word_1_264' title='bbox 877 2120 942 2206; x_wconf 85' lang='lat' dir='ltr'><strong>(vel</strong></span> <span class='ocrx_word' id='word_1_265' title='bbox 958 2118 1175 2206; x_wconf 86' lang='lat' dir='ltr'><strong>resonabunt)</strong></span> <span class='ocrx_word' id='word_1_266' title='bbox 1227 2120 1317 2184; x_wconf 84' lang='lat' dir='ltr'><strong>cellis</strong></span> <span class='ocrx_word' id='word_1_267' title='bbox 1339 2130 1373 2184; x_wconf 91' lang='lat' dir='ltr'><strong>et</strong></span> <span class='ocrx_word' id='word_1_268' title='bbox 1394 2121 1659 2202; x_wconf 88' lang='lat' dir='ltr'><strong>tempestatibus,</strong></span> <span class='ocrx_word' id='word_1_269' title='bbox 1692 2140 1759 2183; x_wconf 92' lang='grc'><strong>111</strong></span> <span class='ocrx_word' id='word_1_270' title='bbox 1789 2132 1900 2182; x_wconf 85' lang='lat' dir='ltr'><strong>tamen</strong></span> <span class='ocrx_word' id='word_1_271' title='bbox 1927 2118 2083 2182; x_wconf 86' lang='lat' dir='ltr'><strong>excedet</strong></span> <span class='ocrx_word' id='word_1_272' title='bbox 2107 2140 2225 2183; x_wconf 90' lang='lat' dir='ltr'><strong>meum</strong></span> 
     </span>
     <span class='ocr_line' id='line_1_21' title="bbox 196 2203 2225 2292; baseline 0.001 -25"><span class='ocrx_word' id='word_1_273' title='bbox 196 2205 310 2283; x_wconf 75' lang='lat' dir='ltr'><strong>findas</strong></span> <span class='ocrx_word' id='word_1_274' title='bbox 340 2206 408 2268; x_wconf 85' lang='lat' dir='ltr'><strong>eius</strong></span> <span class='ocrx_word' id='word_1_275' title='bbox 437 2204 539 2288; x_wconf 87' lang='lat' dir='ltr'><strong>(istud</strong></span> <span class='ocrx_word' id='word_1_276' title='bbox 563 2205 619 2272; x_wconf 62' lang='grc'>1111</span> <span class='ocrx_word' id='word_1_277' title='bbox 642 2207 827 2271; x_wconf 88' lang='lat' dir='ltr'><strong>extendunt</strong></span> <span class='ocrx_word' id='word_1_278' title='bbox 854 2206 895 2270; x_wconf 91' lang='lat' dir='ltr'><strong>ad</strong></span> <span class='ocrx_word' id='word_1_279' title='bbox 922 2206 985 2270; x_wconf 92' lang='lat' dir='ltr'><strong>duo</strong></span> <span class='ocrx_word' id='word_1_280' title='bbox 1007 2207 1121 2292; x_wconf 88' lang='lat' dir='ltr'><strong>verba)</strong></span> <span class='ocrx_word' id='word_1_281' title='bbox 1148 2211 1176 2271; x_wconf 83' lang='lat' dir='ltr'><strong>et</strong></span> <span class='ocrx_word' id='word_1_282' title='bbox 1226 2206 1406 2288; x_wconf 87' lang='lat' dir='ltr'><strong>imperium.</strong></span> <span class='ocrx_word' id='word_1_283' title='bbox 1440 2205 1519 2284; x_wconf 89' lang='lat' dir='ltr'><strong>Vos,</strong></span> <span class='ocrx_word' id='word_1_284' title='bbox 1547 2203 2225 2287; x_wconf 70' lang='grc'>1111111111111111111111111111</span> 
     </span>
     <span class='ocr_line' id='line_1_22' title="bbox 198 2288 2224 2376; baseline 0.001 -23"><span class='ocrx_word' id='word_1_285' title='bbox 198 2309 261 2353; x_wconf 89' lang='lat' dir='ltr'><strong>non</strong></span> <span class='ocrx_word' id='word_1_286' title='bbox 283 2292 554 2373; x_wconf 69' lang='lat' dir='ltr'><strong>transgredientur</strong></span> <span class='ocrx_word' id='word_1_287' title='bbox 572 2292 677 2372; x_wconf 80' lang='lat' dir='ltr'><strong>ipsam</strong></span> <span class='ocrx_word' id='word_1_288' title='bbox 699 2291 776 2376; x_wconf 91' lang='lat' dir='ltr'><strong>(non</strong></span> <span class='ocrx_word' id='word_1_289' title='bbox 794 2292 1004 2369; x_wconf 87' lang='lat' dir='ltr'><strong>transsilient,</strong></span> <span class='ocrx_word' id='word_1_290' title='bbox 1024 2303 1073 2356; x_wconf 91' lang='lat' dir='ltr'><strong>est</strong></span> <span class='ocrx_word' id='word_1_291' title='bbox 1088 2293 1172 2356; x_wconf 95' lang='lat' dir='ltr'><strong>idem</strong></span> <span class='ocrx_word' id='word_1_292' title='bbox 1226 2312 1273 2355; x_wconf 87' lang='lat' dir='ltr'><strong>me</strong></span> <span class='ocrx_word' id='word_1_293' title='bbox 1295 2289 1469 2356; x_wconf 76' lang='lat' dir='ltr'><strong>timebitis?</strong></span> <span class='ocrx_word' id='word_1_294' title='bbox 1491 2311 1553 2356; x_wconf 88' lang='lat' dir='ltr'><strong>non</strong></span> <span class='ocrx_word' id='word_1_295' title='bbox 1568 2288 1725 2372; x_wconf 77' lang='lat' dir='ltr'><strong>parebitis</strong></span> <span class='ocrx_word' id='word_1_296' title='bbox 1746 2312 1768 2355; x_wconf 88' lang='lat' dir='ltr'><strong>a</strong></span> <span class='ocrx_word' id='word_1_297' title='bbox 1786 2291 1868 2372; x_wconf 80' lang='lat' dir='ltr'><strong>secie</strong></span> <span class='ocrx_word' id='word_1_298' title='bbox 1887 2309 1968 2365; x_wconf 87' lang='lat' dir='ltr'><strong>mea,</strong></span> <span class='ocrx_word' id='word_1_299' title='bbox 1991 2289 2057 2353; x_wconf 86' lang='lat' dir='ltr'><strong>vel</strong></span> <span class='ocrx_word' id='word_1_300' title='bbox 2083 2301 2224 2357; x_wconf 82' lang='grc'>111111·</span> 
     </span>
     <span class='ocr_line' id='line_1_23' title="bbox 200 2375 2224 2463; baseline 0.001 -24"><span class='ocrx_word' id='word_1_301' title='bbox 200 2376 337 2440; x_wconf 87' lang='lat' dir='ltr'><strong>verbum</strong></span> <span class='ocrx_word' id='word_1_302' title='bbox 361 2376 444 2459; x_wconf 90' lang='lat' dir='ltr'><strong>quod</strong></span> <span class='ocrx_word' id='word_1_303' title='bbox 468 2377 564 2458; x_wconf 87' lang='lat' dir='ltr'><strong>paulo</strong></span> <span class='ocrx_word' id='word_1_304' title='bbox 587 2391 662 2442; x_wconf 88' lang='lat' dir='ltr'><strong>anta</strong></span> <span class='ocrx_word' id='word_1_305' title='bbox 685 2376 879 2463; x_wconf 88' lang='lat' dir='ltr'><strong>usurpavit).</strong></span> <span class='ocrx_word' id='word_1_306' title='bbox 1226 2378 1379 2455; x_wconf 86' lang='lat' dir='ltr'><strong>miscetis,</strong></span> <span class='ocrx_word' id='word_1_307' title='bbox 1400 2375 1529 2458; x_wconf 87' lang='lat' dir='ltr'><strong>inquit?</strong></span> <span class='ocrx_word' id='word_1_308' title='bbox 1565 2377 1653 2441; x_wconf 86' lang='lat' dir='ltr'><strong>Dicit</strong></span> <span class='ocrx_word' id='word_1_309' title='bbox 1675 2397 1707 2441; x_wconf 91' lang='lat' dir='ltr'><strong>se</strong></span> <span class='ocrx_word' id='word_1_310' title='bbox 1722 2378 1868 2458; x_wconf 76' lang='lat' dir='ltr'><strong>posuisse</strong></span> <span class='ocrx_word' id='word_1_311' title='bbox 1884 2395 2024 2440; x_wconf 80' lang='lat' dir='ltr'><strong>arenam</strong></span> <span class='ocrx_word' id='word_1_312' title='bbox 2041 2377 2224 2441; x_wconf 78' lang='lat' dir='ltr'><strong>terminant</strong></span> 
     </span>
     <span class='ocr_line' id='line_1_24' title="bbox 1225 2461 2223 2544; baseline 0 -17"><span class='ocrx_word' id='word_1_313' title='bbox 1225 2464 1335 2528; x_wconf 84' lang='lat' dir='ltr'><strong>maris.</strong></span> <span class='ocrx_word' id='word_1_314' title='bbox 1387 2464 1460 2528; x_wconf 89' lang='lat' dir='ltr'><strong>Hoc</strong></span> <span class='ocrx_word' id='word_1_315' title='bbox 1491 2472 1599 2527; x_wconf 90' lang='lat' dir='ltr'><strong>autem</strong></span> <span class='ocrx_word' id='word_1_316' title='bbox 1629 2462 1733 2526; x_wconf 93' lang='lat' dir='ltr'><strong>multo</strong></span> <span class='ocrx_word' id='word_1_317' title='bbox 1755 2461 1828 2544; x_wconf 89' lang='lat' dir='ltr'><strong>plus</strong></span> <span class='ocrx_word' id='word_1_318' title='bbox 1851 2462 2021 2543; x_wconf 83' lang='lat' dir='ltr'><strong>exprimit,</strong></span> <span class='ocrx_word' id='word_1_319' title='bbox 2053 2482 2165 2544; x_wconf 89' lang='lat' dir='ltr'><strong>quam</strong></span> <span class='ocrx_word' id='word_1_320' title='bbox 2196 2465 2223 2527; x_wconf 90' lang='grc'><strong>11</strong></span> 
     </span>
    </p>

    <p class='ocr_par' dir='ltr' id='par_1_4' title="bbox 78 2546 2225 5377">
     <span class='ocr_line' id='line_1_25' title="bbox 284 2546 2225 2631; baseline 0.002 -21"><span class='ocrx_word' id='word_1_321' title='bbox 284 2546 349 2610; x_wconf 89' lang='grc' dir='ltr'><strong>Η11</strong></span> <span class='ocrx_word' id='word_1_322' title='bbox 387 2546 530 2612; x_wconf 88' lang='lat' dir='ltr'><strong>ostendit</strong></span> <span class='ocrx_word' id='word_1_323' title='bbox 565 2548 654 2612; x_wconf 90' lang='lat' dir='ltr'><strong>Deus</strong></span> <span class='ocrx_word' id='word_1_324' title='bbox 695 2569 755 2614; x_wconf 90' lang='lat' dir='ltr'><strong>our</strong></span> <span class='ocrx_word' id='word_1_325' title='bbox 791 2548 947 2631; x_wconf 89' lang='lat' dir='ltr'><strong>populum</strong></span> <span class='ocrx_word' id='word_1_326' title='bbox 980 2551 1104 2616; x_wconf 85' lang='lat' dir='ltr'><strong>fatuum</strong></span> <span class='ocrx_word' id='word_1_327' title='bbox 1140 2561 1173 2614; x_wconf 92' lang='grc'><strong>11</strong></span> <span class='ocrx_word' id='word_1_328' title='bbox 1226 2546 1363 2615; x_wconf 86' lang='lat' dir='ltr'><strong>dixisset</strong></span> <span class='ocrx_word' id='word_1_329' title='bbox 1384 2569 1419 2614; x_wconf 91' lang='lat' dir='ltr'><strong>se</strong></span> <span class='ocrx_word' id='word_1_330' title='bbox 1442 2548 1525 2612; x_wconf 90' lang='lat' dir='ltr'><strong>mari</strong></span> <span class='ocrx_word' id='word_1_331' title='bbox 1548 2549 1703 2612; x_wconf 90' lang='lat' dir='ltr'><strong>terminos</strong></span> <span class='ocrx_word' id='word_1_332' title='bbox 1732 2547 1893 2612; x_wconf 73' lang='lat' dir='ltr'><strong>statuisse.</strong></span> <span class='ocrx_word' id='word_1_333' title='bbox 1938 2546 2034 2610; x_wconf 89' lang='lat' dir='ltr'><strong>Nam</strong></span> <span class='ocrx_word' id='word_1_334' title='bbox 2067 2548 2225 2631; x_wconf 90' lang='lat' dir='ltr'><strong>loquitur</strong></span> 
     </span>
     <span class='ocr_line' id='line_1_26' title="bbox 197 2631 2222 2722; baseline 0.001 -26"><span class='ocrx_word' id='word_1_335' title='bbox 197 2631 320 2715; x_wconf 91' lang='lat' dir='ltr'><strong>absque</strong></span> <span class='ocrx_word' id='word_1_336' title='bbox 343 2633 438 2697; x_wconf 87' lang='lat' dir='ltr'><strong>corde</strong></span> <span class='ocrx_word' id='word_1_337' title='bbox 460 2654 532 2698; x_wconf 90' lang='lat' dir='ltr'><strong>esse</strong></span> <span class='ocrx_word' id='word_1_338' title='bbox 555 2633 685 2697; x_wconf 83' lang='lat' dir='ltr'><strong>dixerit.</strong></span> <span class='ocrx_word' id='word_1_339' title='bbox 721 2634 804 2699; x_wconf 82' lang='lat' dir='ltr'><strong>Fuit</strong></span> <span class='ocrx_word' id='word_1_340' title='bbox 825 2635 912 2699; x_wconf 91' lang='lat' dir='ltr'><strong>enim</strong></span> <span class='ocrx_word' id='word_1_341' title='bbox 935 2635 989 2701; x_wconf 90' lang='lat' dir='ltr'><strong>hic</strong></span> <span class='ocrx_word' id='word_1_342' title='bbox 1012 2638 1171 2722; x_wconf 89' lang='lat' dir='ltr'><strong>prodigio·</strong></span> <span class='ocrx_word' id='word_1_343' title='bbox 1226 2632 1265 2699; x_wconf 92' lang='lat' dir='ltr'><strong>de</strong></span> <span class='ocrx_word' id='word_1_344' title='bbox 1288 2656 1397 2711; x_wconf 89' lang='lat' dir='ltr'><strong>arena,</strong></span> <span class='ocrx_word' id='word_1_345' title='bbox 1420 2654 1503 2716; x_wconf 93' lang='lat' dir='ltr'><strong>quae</strong></span> <span class='ocrx_word' id='word_1_346' title='bbox 1526 2632 1655 2699; x_wconf 91' lang='lat' dir='ltr'><strong>mobilis</strong></span> <span class='ocrx_word' id='word_1_347' title='bbox 1678 2643 1736 2712; x_wconf 90' lang='lat' dir='ltr'><strong>ast,</strong></span> <span class='ocrx_word' id='word_1_348' title='bbox 1757 2648 1791 2697; x_wconf 89' lang='lat' dir='ltr'><strong>et</strong></span> <span class='ocrx_word' id='word_1_349' title='bbox 1813 2634 1890 2697; x_wconf 88' lang='lat' dir='ltr'><strong>flatu</strong></span> <span class='ocrx_word' id='word_1_350' title='bbox 1912 2631 2084 2697; x_wconf 88' lang='lat' dir='ltr'><strong>mediocri</strong></span> <span class='ocrx_word' id='word_1_351' title='bbox 2110 2635 2222 2718; x_wconf 86' lang='lat' dir='ltr'><strong>agita·</strong></span> 
     </span>
     <span class='ocr_line' id='line_1_27' title="bbox 197 2716 2223 2803; baseline 0.001 -21"><span class='ocrx_word' id='word_1_352' title='bbox 197 2739 252 2783; x_wconf 88' lang='lat' dir='ltr'><strong>sus</strong></span> <span class='ocrx_word' id='word_1_353' title='bbox 284 2728 414 2802; x_wconf 88' lang='lat' dir='ltr'><strong>stupor,</strong></span> <span class='ocrx_word' id='word_1_354' title='bbox 449 2740 515 2783; x_wconf 90' lang='lat' dir='ltr'><strong>non</strong></span> <span class='ocrx_word' id='word_1_355' title='bbox 549 2740 766 2802; x_wconf 83' lang='lat' dir='ltr'><strong>expavescere</strong></span> <span class='ocrx_word' id='word_1_356' title='bbox 796 2719 837 2785; x_wconf 91' lang='lat' dir='ltr'><strong>ad</strong></span> <span class='ocrx_word' id='word_1_357' title='bbox 864 2732 1072 2803; x_wconf 90' lang='lat' dir='ltr'><strong>conspectum</strong></span> <span class='ocrx_word' id='word_1_358' title='bbox 1096 2723 1171 2803; x_wconf 89' lang='lat' dir='ltr'><strong>Dei,</strong></span> <span class='ocrx_word' id='word_1_359' title='bbox 1225 2730 1297 2786; x_wconf 90' lang='lat' dir='ltr'><strong>tur:</strong></span> <span class='ocrx_word' id='word_1_360' title='bbox 1333 2720 1451 2785; x_wconf 92' lang='lat' dir='ltr'><strong>deinde</strong></span> <span class='ocrx_word' id='word_1_361' title='bbox 1473 2739 1572 2784; x_wconf 89' lang='lat' dir='ltr'><strong>arona</strong></span> <span class='ocrx_word' id='word_1_362' title='bbox 1594 2727 1645 2783; x_wconf 90' lang='lat' dir='ltr'><strong>est</strong></span> <span class='ocrx_word' id='word_1_363' title='bbox 1666 2717 1884 2801; x_wconf 87' lang='lat' dir='ltr'><strong>penetrabilis.</strong></span> <span class='ocrx_word' id='word_1_364' title='bbox 1927 2716 1968 2783; x_wconf 81' lang='lat' dir='ltr'><strong>Si</strong></span> <span class='ocrx_word' id='word_1_365' title='bbox 2001 2731 2132 2784; x_wconf 85' lang='lat' dir='ltr'><strong>essent</strong></span> <span class='ocrx_word' id='word_1_366' title='bbox 2163 2740 2223 2802; x_wconf 90' lang='lat' dir='ltr'><strong>par</strong></span> 
     </span>
     <span class='ocr_line' id='line_1_28' title="bbox 197 2805 2220 2889; baseline 0.001 -21"><span class='ocrx_word' id='word_1_367' title='bbox 197 2825 297 2886; x_wconf 92' lang='lat' dir='ltr'><strong>quum</strong></span> <span class='ocrx_word' id='word_1_368' title='bbox 333 2815 441 2870; x_wconf 85' lang='lat' dir='ltr'><strong>tamen</strong></span> <span class='ocrx_word' id='word_1_369' title='bbox 479 2805 575 2869; x_wconf 90' lang='lat' dir='ltr'><strong>bruta</strong></span> <span class='ocrx_word' id='word_1_370' title='bbox 604 2805 767 2870; x_wconf 91' lang='lat' dir='ltr'><strong>elementa</strong></span> <span class='ocrx_word' id='word_1_371' title='bbox 798 2806 869 2871; x_wconf 91' lang='lat' dir='ltr'><strong>eius</strong></span> <span class='ocrx_word' id='word_1_372' title='bbox 900 2808 1037 2889; x_wconf 93' lang='lat' dir='ltr'><strong>imperio</strong></span> <span class='ocrx_word' id='word_1_373' title='bbox 1067 2810 1171 2876; x_wconf 90' lang='lat' dir='ltr'><strong>subia-</strong></span> <span class='ocrx_word' id='word_1_374' title='bbox 1223 2808 1333 2870; x_wconf 92' lang='lat' dir='ltr'><strong>omnia</strong></span> <span class='ocrx_word' id='word_1_375' title='bbox 1362 2807 1463 2870; x_wconf 89' lang='lat' dir='ltr'><strong>marie</strong></span> <span class='ocrx_word' id='word_1_376' title='bbox 1496 2807 1607 2870; x_wconf 89' lang='lat' dir='ltr'><strong>littora</strong></span> <span class='ocrx_word' id='word_1_377' title='bbox 1639 2825 1749 2885; x_wconf 90' lang='lat' dir='ltr'><strong>rupes,</strong></span> <span class='ocrx_word' id='word_1_378' title='bbox 1782 2825 1849 2868; x_wconf 93' lang='grc'><strong>111</strong></span> <span class='ocrx_word' id='word_1_379' title='bbox 1880 2813 1968 2869; x_wconf 90' lang='lat' dir='ltr'><strong>esset</strong></span> <span class='ocrx_word' id='word_1_380' title='bbox 2003 2805 2220 2871; x_wconf 81' lang='lat' dir='ltr'><strong>miraculum</strong></span> 
     </span>
     <span class='ocr_line' id='line_1_29' title="bbox 196 2886 2221 2974; baseline -0 -19"><span class='ocrx_word' id='word_1_381' title='bbox 196 2905 300 2956; x_wconf 88' lang='lat' dir='ltr'><strong>ceant.</strong></span> <span class='ocrx_word' id='word_1_382' title='bbox 346 2892 389 2953; x_wconf 86' lang='lat' dir='ltr'><strong>Et</strong></span> <span class='ocrx_word' id='word_1_383' title='bbox 411 2894 514 2954; x_wconf 92' lang='lat' dir='ltr'><strong>sumit</strong></span> <span class='ocrx_word' id='word_1_384' title='bbox 536 2892 710 2973; x_wconf 82' lang='lat' dir='ltr'><strong>praecipue</strong></span> <span class='ocrx_word' id='word_1_385' title='bbox 732 2892 919 2974; x_wconf 86' lang='lat' dir='ltr'><strong>exemplum</strong></span> <span class='ocrx_word' id='word_1_386' title='bbox 943 2897 1054 2958; x_wconf 90' lang='lat' dir='ltr'><strong>maris.</strong></span> <span class='ocrx_word' id='word_1_387' title='bbox 1085 2895 1170 2960; x_wconf 90' lang='lat' dir='ltr'><strong>Nam</strong></span> <span class='ocrx_word' id='word_1_388' title='bbox 1224 2901 1291 2957; x_wconf 92' lang='lat' dir='ltr'><strong>tam</strong></span> <span class='ocrx_word' id='word_1_389' title='bbox 1313 2892 1452 2957; x_wconf 87' lang='lat' dir='ltr'><strong>illustre.</strong></span> <span class='ocrx_word' id='word_1_390' title='bbox 1496 2890 1534 2957; x_wconf 82' lang='lat' dir='ltr'><strong>Si</strong></span> <span class='ocrx_word' id='word_1_391' title='bbox 1562 2911 1640 2974; x_wconf 88' lang='lat' dir='ltr'><strong>ergo</strong></span> <span class='ocrx_word' id='word_1_392' title='bbox 1666 2889 1758 2955; x_wconf 88' lang='lat' dir='ltr'><strong>Deus</strong></span> <span class='ocrx_word' id='word_1_393' title='bbox 1787 2886 1905 2954; x_wconf 85' lang='lat' dir='ltr'><strong>validis</strong></span> <span class='ocrx_word' id='word_1_394' title='bbox 1934 2889 2156 2969; x_wconf 83' lang='lat' dir='ltr'><strong>obstaculis,</strong></span> <span class='ocrx_word' id='word_1_395' title='bbox 2189 2901 2221 2957; x_wconf 90' lang='lat' dir='ltr'><strong>et</strong></span> 
     </span>
     <span class='ocr_line' id='line_1_30' title="bbox 196 2973 2222 3061; baseline 0.001 -21"><span class='ocrx_word' id='word_1_396' title='bbox 196 2977 278 3040; x_wconf 92' lang='lat' dir='ltr'><strong>nihil</strong></span> <span class='ocrx_word' id='word_1_397' title='bbox 317 2976 422 3059; x_wconf 87' lang='lat' dir='ltr'><strong>magis</strong></span> <span class='ocrx_word' id='word_1_398' title='bbox 456 2977 599 3041; x_wconf 92' lang='lat' dir='ltr'><strong>terribile</strong></span> <span class='ocrx_word' id='word_1_399' title='bbox 633 2978 716 3041; x_wconf 88' lang='lat' dir='ltr'><strong>mari</strong></span> <span class='ocrx_word' id='word_1_400' title='bbox 750 2987 978 3061; x_wconf 88' lang='lat' dir='ltr'><strong>tempestuoso.</strong></span> <span class='ocrx_word' id='word_1_401' title='bbox 1029 2980 1171 3046; x_wconf 90' lang='lat' dir='ltr'><strong>Videtur</strong></span> <span class='ocrx_word' id='word_1_402' title='bbox 1222 2978 1364 3044; x_wconf 88' lang='lat' dir='ltr'><strong>robustis</strong></span> <span class='ocrx_word' id='word_1_403' title='bbox 1397 2987 1617 3059; x_wconf 90' lang='lat' dir='ltr'><strong>compesceret</strong></span> <span class='ocrx_word' id='word_1_404' title='bbox 1649 2976 1750 3040; x_wconf 89' lang='lat' dir='ltr'><strong>maris</strong></span> <span class='ocrx_word' id='word_1_405' title='bbox 1783 2976 1957 3059; x_wconf 89' lang='lat' dir='ltr'><strong>impetum,</strong></span> <span class='ocrx_word' id='word_1_406' title='bbox 1992 2973 2067 3042; x_wconf 89' lang='grc'>1111</span> <span class='ocrx_word' id='word_1_407' title='bbox 2104 2989 2222 3060; x_wconf 85' lang='lat' dir='ltr'><strong>posset</strong></span> 
     </span>
     <span class='ocr_line' id='line_1_31' title="bbox 196 3059 2219 3147; baseline -0 -22"><span class='ocrx_word' id='word_1_408' title='bbox 196 3064 283 3125; x_wconf 92' lang='lat' dir='ltr'><strong>enim</strong></span> <span class='ocrx_word' id='word_1_409' title='bbox 300 3063 369 3124; x_wconf 88' lang='lat' dir='ltr'><strong>ficri</strong></span> <span class='ocrx_word' id='word_1_410' title='bbox 386 3062 542 3142; x_wconf 88' lang='lat' dir='ltr'><strong>quaedam</strong></span> <span class='ocrx_word' id='word_1_411' title='bbox 559 3064 729 3128; x_wconf 86' lang='lat' dir='ltr'><strong>conversio</strong></span> <span class='ocrx_word' id='word_1_412' title='bbox 742 3065 844 3128; x_wconf 90' lang='lat' dir='ltr'><strong>totius</strong></span> <span class='ocrx_word' id='word_1_413' title='bbox 859 3064 955 3147; x_wconf 88' lang='lat' dir='ltr'><strong>orbis,</strong></span> <span class='ocrx_word' id='word_1_414' title='bbox 978 3066 1032 3130; x_wconf 94' lang='lat' dir='ltr'><strong>ubi</strong></span> <span class='ocrx_word' id='word_1_415' title='bbox 1049 3068 1170 3132; x_wconf 91' lang='lat' dir='ltr'><strong>fluctus</strong></span> <span class='ocrx_word' id='word_1_416' title='bbox 1222 3074 1360 3129; x_wconf 91' lang='lat' dir='ltr'><strong>naturae</strong></span> <span class='ocrx_word' id='word_1_417' title='bbox 1387 3062 1535 3128; x_wconf 90' lang='lat' dir='ltr'><strong>adscribi.</strong></span> <span class='ocrx_word' id='word_1_418' title='bbox 1581 3062 1648 3127; x_wconf 83' lang='lat' dir='ltr'><strong>Sed</strong></span> <span class='ocrx_word' id='word_1_419' title='bbox 1676 3060 1754 3144; x_wconf 90' lang='lat' dir='ltr'><strong>quid</strong></span> <span class='ocrx_word' id='word_1_420' title='bbox 1785 3076 1834 3126; x_wconf 90' lang='lat' dir='ltr'><strong>est</strong></span> <span class='ocrx_word' id='word_1_421' title='bbox 1862 3059 1979 3126; x_wconf 88' lang='lat' dir='ltr'><strong>stabile</strong></span> <span class='ocrx_word' id='word_1_422' title='bbox 2012 3062 2053 3126; x_wconf 91' lang='lat' dir='ltr'><strong>in</strong></span> <span class='ocrx_word' id='word_1_423' title='bbox 2086 3061 2219 3128; x_wconf 84' lang='lat' dir='ltr'><strong>arena?</strong></span> 
     </span>
     <span class='ocr_line' id='line_1_32' title="bbox 196 3147 2219 3233; baseline 0.002 -24"><span class='ocrx_word' id='word_1_424' title='bbox 196 3159 378 3228; x_wconf 88' lang='lat' dir='ltr'><strong>exsurgunt</strong></span> <span class='ocrx_word' id='word_1_425' title='bbox 413 3160 503 3210; x_wconf 85' lang='lat' dir='ltr'><strong>tanto</strong></span> <span class='ocrx_word' id='word_1_426' title='bbox 534 3148 666 3228; x_wconf 90' lang='lat' dir='ltr'><strong>impetu.</strong></span> <span class='ocrx_word' id='word_1_427' title='bbox 712 3148 822 3212; x_wconf 89' lang='lat' dir='ltr'><strong>Nemo</strong></span> <span class='ocrx_word' id='word_1_428' title='bbox 844 3160 895 3213; x_wconf 90' lang='grc'><strong>111</strong></span> <span class='ocrx_word' id='word_1_429' title='bbox 924 3149 991 3216; x_wconf 89' lang='grc'>11111</span> <span class='ocrx_word' id='word_1_430' title='bbox 1019 3153 1074 3233; x_wconf 92' lang='lat' dir='ltr'><strong>qui</strong></span> <span class='ocrx_word' id='word_1_431' title='bbox 1102 3173 1168 3216; x_wconf 92' lang='lat' dir='ltr'><strong>nou</strong></span> <span class='ocrx_word' id='word_1_432' title='bbox 1222 3170 1299 3214; x_wconf 92' lang='lat' dir='ltr'><strong>nam</strong></span> <span class='ocrx_word' id='word_1_433' title='bbox 1322 3152 1350 3214; x_wconf 92' lang='lat' dir='ltr'><strong>si</strong></span> <span class='ocrx_word' id='word_1_434' title='bbox 1373 3149 1539 3231; x_wconf 91' lang='lat' dir='ltr'><strong>proiiciam</strong></span> <span class='ocrx_word' id='word_1_435' title='bbox 1570 3147 1773 3229; x_wconf 89' lang='lat' dir='ltr'><strong>aliquantum</strong></span> <span class='ocrx_word' id='word_1_436' title='bbox 1801 3167 1918 3229; x_wconf 90' lang='lat' dir='ltr'><strong>aquae,</strong></span> <span class='ocrx_word' id='word_1_437' title='bbox 1951 3148 2076 3211; x_wconf 89' lang='lat' dir='ltr'><strong>statim</strong></span> <span class='ocrx_word' id='word_1_438' title='bbox 2110 3169 2219 3232; x_wconf 88' lang='lat' dir='ltr'><strong>pene·</strong></span> 
     </span>
     <span class='ocr_line' id='line_1_33' title="bbox 197 3231 2217 3317; baseline 0.003 -24"><span class='ocrx_word' id='word_1_439' title='bbox 197 3231 345 3311; x_wconf 86' lang='lat' dir='ltr'><strong>trepidet.</strong></span> <span class='ocrx_word' id='word_1_440' title='bbox 391 3232 484 3294; x_wconf 86' lang='lat' dir='ltr'><strong>Mare</strong></span> <span class='ocrx_word' id='word_1_441' title='bbox 508 3244 617 3295; x_wconf 90' lang='lat' dir='ltr'><strong>autem</strong></span> <span class='ocrx_word' id='word_1_442' title='bbox 641 3233 765 3314; x_wconf 92' lang='lat' dir='ltr'><strong>ipsum,</strong></span> <span class='ocrx_word' id='word_1_443' title='bbox 797 3234 881 3316; x_wconf 91' lang='lat' dir='ltr'><strong>quod</strong></span> <span class='ocrx_word' id='word_1_444' title='bbox 911 3233 1030 3300; x_wconf 89' lang='lat' dir='ltr'><strong>incutit</strong></span> <span class='ocrx_word' id='word_1_445' title='bbox 1058 3237 1169 3301; x_wconf 86' lang='lat' dir='ltr'><strong>formi-</strong></span> <span class='ocrx_word' id='word_1_446' title='bbox 1221 3235 1323 3298; x_wconf 90' lang='lat' dir='ltr'><strong>trabit</strong></span> <span class='ocrx_word' id='word_1_447' title='bbox 1349 3255 1407 3317; x_wconf 91' lang='lat' dir='ltr'><strong>per</strong></span> <span class='ocrx_word' id='word_1_448' title='bbox 1437 3254 1579 3298; x_wconf 86' lang='lat' dir='ltr'><strong>arenam.</strong></span> <span class='ocrx_word' id='word_1_449' title='bbox 1624 3231 1691 3313; x_wconf 80' lang='lat' dir='ltr'><strong>Qui</strong></span> <span class='ocrx_word' id='word_1_450' title='bbox 1719 3233 1758 3297; x_wconf 90' lang='lat' dir='ltr'><strong>fit</strong></span> <span class='ocrx_word' id='word_1_451' title='bbox 1782 3231 1901 3316; x_wconf 89' lang='lat' dir='ltr'><strong>igitur,</strong></span> <span class='ocrx_word' id='word_1_452' title='bbox 1933 3240 1971 3296; x_wconf 90' lang='lat' dir='ltr'><strong>ut</strong></span> <span class='ocrx_word' id='word_1_453' title='bbox 2002 3253 2107 3299; x_wconf 87' lang='lat' dir='ltr'><strong>mare</strong></span> <span class='ocrx_word' id='word_1_454' title='bbox 2139 3255 2217 3300; x_wconf 87' lang='lat' dir='ltr'><strong>cum</strong></span> 
     </span>
     <span class='ocr_line' id='line_1_34' title="bbox 197 3316 2216 3404; baseline 0.003 -24"><span class='ocrx_word' id='word_1_455' title='bbox 197 3316 306 3381; x_wconf 90' lang='lat' dir='ltr'><strong>dinem</strong></span> <span class='ocrx_word' id='word_1_456' title='bbox 330 3318 494 3394; x_wconf 89' lang='lat' dir='ltr'><strong>omnibus,</strong></span> <span class='ocrx_word' id='word_1_457' title='bbox 522 3318 622 3381; x_wconf 89' lang='lat' dir='ltr'><strong>etiam</strong></span> <span class='ocrx_word' id='word_1_458' title='bbox 645 3318 933 3399; x_wconf 86' lang='lat' dir='ltr'><strong>constantissimis,</strong></span> <span class='ocrx_word' id='word_1_459' title='bbox 964 3320 1089 3402; x_wconf 91' lang='lat' dir='ltr'><strong>placide</strong></span> <span class='ocrx_word' id='word_1_460' title='bbox 1112 3322 1168 3386; x_wconf 94' lang='lat' dir='ltr'><strong>ob·</strong></span> <span class='ocrx_word' id='word_1_461' title='bbox 1219 3319 1286 3384; x_wconf 91' lang='lat' dir='ltr'><strong>illis</strong></span> <span class='ocrx_word' id='word_1_462' title='bbox 1309 3319 1500 3402; x_wconf 90' lang='lat' dir='ltr'><strong>impetuosis</strong></span> <span class='ocrx_word' id='word_1_463' title='bbox 1523 3319 1673 3401; x_wconf 90' lang='lat' dir='ltr'><strong>procellis</strong></span> <span class='ocrx_word' id='word_1_464' title='bbox 1695 3341 1760 3383; x_wconf 93' lang='lat' dir='ltr'><strong>non</strong></span> <span class='ocrx_word' id='word_1_465' title='bbox 1783 3318 1907 3383; x_wconf 90' lang='lat' dir='ltr'><strong>reiioiat</strong></span> <span class='ocrx_word' id='word_1_466' title='bbox 1928 3338 2092 3398; x_wconf 88' lang='lat' dir='ltr'><strong>arenam,</strong></span> <span class='ocrx_word' id='word_1_467' title='bbox 2129 3341 2216 3404; x_wconf 89' lang='lat' dir='ltr'><strong>quae</strong></span> 
     </span>
     <span class='ocr_line' id='line_1_35' title="bbox 195 3402 2216 3490; baseline 0.001 -23"><span class='ocrx_word' id='word_1_468' title='bbox 195 3405 344 3484; x_wconf 90' lang='lat' dir='ltr'><strong>sequitur</strong></span> <span class='ocrx_word' id='word_1_469' title='bbox 371 3402 451 3467; x_wconf 90' lang='lat' dir='ltr'><strong>Deo.</strong></span> <span class='ocrx_word' id='word_1_470' title='bbox 502 3403 589 3467; x_wconf 94' lang='lat' dir='ltr'><strong>Nam</strong></span> <span class='ocrx_word' id='word_1_471' title='bbox 619 3405 833 3486; x_wconf 83' lang='lat' dir='ltr'><strong>quantumvis</strong></span> <span class='ocrx_word' id='word_1_472' title='bbox 859 3403 973 3471; x_wconf 87' lang='lat' dir='ltr'><strong>furiosi</strong></span> <span class='ocrx_word' id='word_1_473' title='bbox 1002 3407 1069 3471; x_wconf 91' lang='lat' dir='ltr'><strong>sint</strong></span> <span class='ocrx_word' id='word_1_474' title='bbox 1098 3409 1169 3474; x_wconf 90' lang='lat' dir='ltr'><strong>eius</strong></span> <span class='ocrx_word' id='word_1_475' title='bbox 1219 3419 1336 3488; x_wconf 88' lang='lat' dir='ltr'><strong>sponte</strong></span> <span class='ocrx_word' id='word_1_476' title='bbox 1358 3404 1512 3469; x_wconf 88' lang='lat' dir='ltr'><strong>flexibilis</strong></span> <span class='ocrx_word' id='word_1_477' title='bbox 1535 3402 1607 3468; x_wconf 81' lang='lat' dir='ltr'><strong>est?</strong></span> <span class='ocrx_word' id='word_1_478' title='bbox 1641 3404 1801 3469; x_wconf 88' lang='lat' dir='ltr'><strong>Videmus</strong></span> <span class='ocrx_word' id='word_1_479' title='bbox 1817 3423 1975 3488; x_wconf 86' lang='lat' dir='ltr'><strong>ergonon</strong></span> <span class='ocrx_word' id='word_1_480' title='bbox 1992 3425 2216 3490; x_wconf 84' lang='lat' dir='ltr'><strong>essesuper·</strong></span> 
     </span>
     <span class='ocr_line' id='line_1_36' title="bbox 195 3488 2215 3570; baseline 0.003 -19"><span class='ocrx_word' id='word_1_481' title='bbox 195 3490 352 3570; x_wconf 89' lang='lat' dir='ltr'><strong>impetus,</strong></span> <span class='ocrx_word' id='word_1_482' title='bbox 391 3488 585 3554; x_wconf 89' lang='lat' dir='ltr'><strong>cohibentur</strong></span> <span class='ocrx_word' id='word_1_483' title='bbox 623 3507 743 3556; x_wconf 89' lang='lat' dir='ltr'><strong>tamen.</strong></span> <span class='ocrx_word' id='word_1_484' title='bbox 799 3490 896 3555; x_wconf 88' lang='lat' dir='ltr'><strong>Nune</strong></span> <span class='ocrx_word' id='word_1_485' title='bbox 935 3494 962 3558; x_wconf 89' lang='lat' dir='ltr'><strong>si</strong></span> <span class='ocrx_word' id='word_1_486' title='bbox 999 3491 1039 3557; x_wconf 91' lang='lat' dir='ltr'><strong>de</strong></span> <span class='ocrx_word' id='word_1_487' title='bbox 1073 3495 1167 3559; x_wconf 93' lang='lat' dir='ltr'><strong>modo</strong></span> <span class='ocrx_word' id='word_1_488' title='bbox 1220 3511 1358 3556; x_wconf 86' lang='lat' dir='ltr'><strong>vacuum</strong></span> <span class='ocrx_word' id='word_1_489' title='bbox 1396 3491 1457 3556; x_wconf 92' lang='lat' dir='ltr'><strong>hoo</strong></span> <span class='ocrx_word' id='word_1_490' title='bbox 1492 3511 1621 3556; x_wconf 91' lang='lat' dir='ltr'><strong>nomen.</strong></span> <span class='ocrx_word' id='word_1_491' title='bbox 1678 3490 1724 3553; x_wconf 80' lang='lat' dir='ltr'><strong>Et</strong></span> <span class='ocrx_word' id='word_1_492' title='bbox 1759 3489 1874 3553; x_wconf 89' lang='lat' dir='ltr'><strong>similis</strong></span> <span class='ocrx_word' id='word_1_493' title='bbox 1910 3499 1961 3554; x_wconf 89' lang='lat' dir='ltr'><strong>est</strong></span> <span class='ocrx_word' id='word_1_494' title='bbox 1999 3491 2077 3555; x_wconf 80' lang='lat' dir='ltr'><strong>t‘ere</strong></span> <span class='ocrx_word' id='word_1_495' title='bbox 2120 3492 2215 3558; x_wconf 84' lang='lat' dir='ltr'><strong>locus</strong></span> 
     </span>
     <span class='ocr_line' id='line_1_37' title="bbox 195 3574 2213 3663; baseline 0.002 -26"><span class='ocrx_word' id='word_1_496' title='bbox 195 3577 375 3656; x_wconf 90' lang='lat' dir='ltr'><strong>quaeritur,</strong></span> <span class='ocrx_word' id='word_1_497' title='bbox 404 3584 490 3639; x_wconf 91' lang='lat' dir='ltr'><strong>certe</strong></span> <span class='ocrx_word' id='word_1_498' title='bbox 513 3586 561 3640; x_wconf 89' lang='lat' dir='ltr'><strong>est</strong></span> <span class='ocrx_word' id='word_1_499' title='bbox 584 3576 777 3642; x_wconf 87' lang='lat' dir='ltr'><strong>miraculum</strong></span> <span class='ocrx_word' id='word_1_500' title='bbox 800 3578 893 3643; x_wconf 90' lang='lat' dir='ltr'><strong>ouius</strong></span> <span class='ocrx_word' id='word_1_501' title='bbox 914 3578 998 3643; x_wconf 91' lang='lat' dir='ltr'><strong>ratio</strong></span> <span class='ocrx_word' id='word_1_502' title='bbox 1020 3600 1085 3643; x_wconf 93' lang='lat' dir='ltr'><strong>non</strong></span> <span class='ocrx_word' id='word_1_503' title='bbox 1108 3601 1167 3663; x_wconf 92' lang='lat' dir='ltr'><strong>po·</strong></span> <span class='ocrx_word' id='word_1_504' title='bbox 1217 3576 1270 3642; x_wconf 84' lang='lat'><strong>38.</strong></span> <span class='ocrx_word' id='word_1_505' title='bbox 1292 3598 1361 3660; x_wconf 90' lang='lat' dir='ltr'><strong>cap.</strong></span> <span class='ocrx_word' id='word_1_506' title='bbox 1385 3576 1444 3642; x_wconf 95' lang='lat' dir='ltr'><strong>Iob</strong></span> <span class='ocrx_word' id='word_1_507' title='bbox 1466 3574 1510 3661; x_wconf 73' lang='lat' dir='ltr'><strong>(a.</strong></span> <span class='ocrx_word' id='word_1_508' title='bbox 1536 3576 1599 3662; x_wconf 89' lang='lat'><strong>11),</strong></span> <span class='ocrx_word' id='word_1_509' title='bbox 1628 3574 1683 3641; x_wconf 92' lang='lat' dir='ltr'><strong>ubi</strong></span> <span class='ocrx_word' id='word_1_510' title='bbox 1705 3574 1797 3639; x_wconf 93' lang='lat' dir='ltr'><strong>Deus</strong></span> <span class='ocrx_word' id='word_1_511' title='bbox 1820 3575 1860 3638; x_wconf 94' lang='lat' dir='ltr'><strong>de</strong></span> <span class='ocrx_word' id='word_1_512' title='bbox 1881 3575 2131 3642; x_wconf 89' lang='lat' dir='ltr'><strong>inaestimabili</strong></span> <span class='ocrx_word' id='word_1_513' title='bbox 2157 3599 2213 3660; x_wconf 90' lang='lat' dir='ltr'><strong>po·</strong></span> 
     </span>
     <span class='ocr_line' id='line_1_38' title="bbox 196 3660 2211 3749; baseline 0.003 -27"><span class='ocrx_word' id='word_1_514' title='bbox 196 3670 259 3723; x_wconf 90' lang='lat' dir='ltr'><strong>test</strong></span> <span class='ocrx_word' id='word_1_515' title='bbox 292 3671 430 3724; x_wconf 88' lang='lat' dir='ltr'><strong>exstare.</strong></span> <span class='ocrx_word' id='word_1_516' title='bbox 478 3661 561 3724; x_wconf 89' lang='lat' dir='ltr'><strong>Nam</strong></span> <span class='ocrx_word' id='word_1_517' title='bbox 596 3663 715 3727; x_wconf 89' lang='lat' dir='ltr'><strong>scimus</strong></span> <span class='ocrx_word' id='word_1_518' title='bbox 748 3684 839 3728; x_wconf 88' lang='lat' dir='ltr'><strong>mare</strong></span> <span class='ocrx_word' id='word_1_519' title='bbox 872 3684 943 3729; x_wconf 87' lang='lat' dir='ltr'><strong>esse</strong></span> <span class='ocrx_word' id='word_1_520' title='bbox 972 3673 1009 3729; x_wconf 91' lang='lat' dir='ltr'><strong>ut</strong></span> <span class='ocrx_word' id='word_1_521' title='bbox 1041 3665 1167 3749; x_wconf 88' lang='lat' dir='ltr'><strong>reliqua</strong></span> <span class='ocrx_word' id='word_1_522' title='bbox 1217 3663 1322 3728; x_wconf 92' lang='lat' dir='ltr'><strong>tentia</strong></span> <span class='ocrx_word' id='word_1_523' title='bbox 1341 3683 1400 3728; x_wconf 89' lang='lat' dir='ltr'><strong>sua</strong></span> <span class='ocrx_word' id='word_1_524' title='bbox 1422 3664 1586 3727; x_wconf 87' lang='lat' dir='ltr'><strong>disserens</strong></span> <span class='ocrx_word' id='word_1_525' title='bbox 1608 3661 1695 3726; x_wconf 94' lang='grc'>11111</span> <span class='ocrx_word' id='word_1_526' title='bbox 1717 3661 1781 3725; x_wconf 90' lang='grc'>1111</span> <span class='ocrx_word' id='word_1_527' title='bbox 1803 3660 1897 3726; x_wconf 84' lang='lat' dir='ltr'><strong>dicit:</strong></span> <span class='ocrx_word' id='word_1_528' title='bbox 1928 3661 1973 3725; x_wconf 84' lang='lat' dir='ltr'><strong>Et</strong></span> <span class='ocrx_word' id='word_1_529' title='bbox 2008 3683 2113 3728; x_wconf 88' lang='lat' dir='ltr'><strong>mare</strong></span> <span class='ocrx_word' id='word_1_530' title='bbox 2146 3663 2211 3728; x_wconf 89' lang='lat' dir='ltr'><strong>hu·</strong></span> 
     </span>
     <span class='ocr_line' id='line_1_39' title="bbox 194 3745 2210 3832; baseline 0.002 -23"><span class='ocrx_word' id='word_1_531' title='bbox 194 3746 354 3810; x_wconf 86' lang='lat' dir='ltr'><strong>elementa</strong></span> <span class='ocrx_word' id='word_1_532' title='bbox 376 3746 600 3827; x_wconf 89' lang='lat' dir='ltr'><strong>sphaericum:</strong></span> <span class='ocrx_word' id='word_1_533' title='bbox 633 3749 727 3812; x_wconf 90' lang='lat' dir='ltr'><strong>sicuti</strong></span> <span class='ocrx_word' id='word_1_534' title='bbox 751 3757 839 3813; x_wconf 91' lang='lat' dir='ltr'><strong>terra</strong></span> <span class='ocrx_word' id='word_1_535' title='bbox 860 3748 1002 3815; x_wconf 90' lang='lat' dir='ltr'><strong>rotunda</strong></span> <span class='ocrx_word' id='word_1_536' title='bbox 1025 3761 1089 3830; x_wconf 90' lang='lat' dir='ltr'><strong>est,</strong></span> <span class='ocrx_word' id='word_1_537' title='bbox 1119 3755 1166 3817; x_wconf 88' lang='lat' dir='ltr'><strong>ita</strong></span> <span class='ocrx_word' id='word_1_538' title='bbox 1215 3770 1336 3831; x_wconf 83' lang='lat' dir='ltr'><strong>cunque</strong></span> <span class='ocrx_word' id='word_1_539' title='bbox 1358 3748 1602 3832; x_wconf 87' lang='lat' dir='ltr'><strong>progrediatur,</strong></span> <span class='ocrx_word' id='word_1_540' title='bbox 1637 3769 1695 3812; x_wconf 91' lang='lat' dir='ltr'><strong>nec</strong></span> <span class='ocrx_word' id='word_1_541' title='bbox 1723 3747 1820 3812; x_wconf 90' lang='grc'>11111.</span> <span class='ocrx_word' id='word_1_542' title='bbox 1864 3746 1949 3810; x_wconf 91' lang='lat' dir='ltr'><strong>Nam</strong></span> <span class='ocrx_word' id='word_1_543' title='bbox 1980 3745 2078 3812; x_wconf 88' lang='lat' dir='ltr'><strong>haud</strong></span> <span class='ocrx_word' id='word_1_544' title='bbox 2106 3749 2210 3815; x_wconf 90' lang='lat' dir='ltr'><strong>dubie</strong></span> 
     </span>
     <span class='ocr_line' id='line_1_40' title="bbox 78 3830 2209 3921; baseline 0.002 -27"><span class='ocrx_word' id='word_1_545' title='bbox 78 3903 80 3908; x_wconf 88' lang='lat'><strong>.</strong></span> <span class='ocrx_word' id='word_1_546' title='bbox 194 3831 291 3894; x_wconf 91' lang='lat' dir='ltr'><strong>etiam</strong></span> <span class='ocrx_word' id='word_1_547' title='bbox 315 3841 348 3894; x_wconf 93' lang='lat' dir='ltr'><strong>et</strong></span> <span class='ocrx_word' id='word_1_548' title='bbox 370 3833 567 3895; x_wconf 89' lang='lat' dir='ltr'><strong>elementum</strong></span> <span class='ocrx_word' id='word_1_549' title='bbox 591 3853 710 3915; x_wconf 88' lang='lat' dir='ltr'><strong>aquae,</strong></span> <span class='ocrx_word' id='word_1_550' title='bbox 739 3834 834 3900; x_wconf 90' lang='lat' dir='ltr'><strong>sicuti</strong></span> <span class='ocrx_word' id='word_1_551' title='bbox 868 3844 900 3898; x_wconf 93' lang='lat' dir='ltr'><strong>et</strong></span> <span class='ocrx_word' id='word_1_552' title='bbox 923 3856 979 3900; x_wconf 92' lang='lat' dir='ltr'><strong>aer</strong></span> <span class='ocrx_word' id='word_1_553' title='bbox 1008 3845 1041 3901; x_wconf 93' lang='lat' dir='ltr'><strong>et</strong></span> <span class='ocrx_word' id='word_1_554' title='bbox 1068 3839 1163 3921; x_wconf 91' lang='lat' dir='ltr'><strong>ignis.</strong></span> <span class='ocrx_word' id='word_1_555' title='bbox 1216 3835 1309 3899; x_wconf 91' lang='lat' dir='ltr'><strong>nulla</strong></span> <span class='ocrx_word' id='word_1_556' title='bbox 1331 3843 1507 3920; x_wconf 87' lang='lat' dir='ltr'><strong>tempestas</strong></span> <span class='ocrx_word' id='word_1_557' title='bbox 1530 3834 1680 3916; x_wconf 88' lang='lat' dir='ltr'><strong>exsurgit</strong></span> <span class='ocrx_word' id='word_1_558' title='bbox 1702 3833 1766 3897; x_wconf 88' lang='lat' dir='ltr'><strong>nisi</strong></span> <span class='ocrx_word' id='word_1_559' title='bbox 1794 3831 1923 3898; x_wconf 91' lang='lat' dir='ltr'><strong>volente</strong></span> <span class='ocrx_word' id='word_1_560' title='bbox 1945 3830 2031 3898; x_wconf 91' lang='lat' dir='ltr'><strong>Deo.</strong></span> <span class='ocrx_word' id='word_1_561' title='bbox 2081 3834 2209 3901; x_wconf 87' lang='lat' dir='ltr'><strong>Posset</strong></span> 
     </span>
     <span class='ocr_line' id='line_1_41' title="bbox 193 3917 2206 4002; baseline 0.002 -22"><span class='ocrx_word' id='word_1_562' title='bbox 193 3917 303 3996; x_wconf 82' lang='lat' dir='ltr'><strong>Quum</strong></span> <span class='ocrx_word' id='word_1_563' title='bbox 320 3937 397 4000; x_wconf 89' lang='lat' dir='ltr'><strong>ergo</strong></span> <span class='ocrx_word' id='word_1_564' title='bbox 413 3917 582 3998; x_wconf 89' lang='lat' dir='ltr'><strong>sphaerica</strong></span> <span class='ocrx_word' id='word_1_565' title='bbox 599 3920 639 3981; x_wconf 93' lang='lat' dir='ltr'><strong>sit</strong></span> <span class='ocrx_word' id='word_1_566' title='bbox 656 3920 760 3983; x_wconf 84' lang='lat' dir='ltr'><strong>forma</strong></span> <span class='ocrx_word' id='word_1_567' title='bbox 776 3919 875 3985; x_wconf 89' lang='lat' dir='ltr'><strong>huius</strong></span> <span class='ocrx_word' id='word_1_568' title='bbox 891 3921 1054 3998; x_wconf 89' lang='lat' dir='ltr'><strong>elementi,</strong></span> <span class='ocrx_word' id='word_1_569' title='bbox 1078 3945 1165 3990; x_wconf 92' lang='lat' dir='ltr'><strong>nunc</strong></span> <span class='ocrx_word' id='word_1_570' title='bbox 1215 3922 1303 3986; x_wconf 91' lang='lat' dir='ltr'><strong>enim</strong></span> <span class='ocrx_word' id='word_1_571' title='bbox 1327 3942 1417 3986; x_wconf 88' lang='lat' dir='ltr'><strong>mare</strong></span> <span class='ocrx_word' id='word_1_572' title='bbox 1439 3940 1569 4002; x_wconf 87' lang='lat' dir='ltr'><strong>semper</strong></span> <span class='ocrx_word' id='word_1_573' title='bbox 1590 3920 1808 3983; x_wconf 89' lang='lat' dir='ltr'><strong>inunostatu</strong></span> <span class='ocrx_word' id='word_1_574' title='bbox 1830 3919 2009 3983; x_wconf 88' lang='lat' dir='ltr'><strong>continere.</strong></span> <span class='ocrx_word' id='word_1_575' title='bbox 2046 3918 2133 3984; x_wconf 87' lang='lat' dir='ltr'><strong>Non</strong></span> <span class='ocrx_word' id='word_1_576' title='bbox 2158 3921 2206 3986; x_wconf 81' lang='grc'><strong>11·</strong></span> 
     </span>
     <span class='ocr_line' id='line_1_42' title="bbox 193 4002 2205 4089; baseline 0.002 -23"><span class='ocrx_word' id='word_1_577' title='bbox 193 4002 370 4066; x_wconf 88' lang='lat' dir='ltr'><strong>videndum</strong></span> <span class='ocrx_word' id='word_1_578' title='bbox 402 4016 466 4075; x_wconf 89' lang='lat' dir='ltr'><strong>est,</strong></span> <span class='ocrx_word' id='word_1_579' title='bbox 500 4003 586 4066; x_wconf 91' lang='lat' dir='ltr'><strong>sitne</strong></span> <span class='ocrx_word' id='word_1_580' title='bbox 615 4004 752 4069; x_wconf 81' lang='lat' dir='ltr'><strong>inferius</strong></span> <span class='ocrx_word' id='word_1_581' title='bbox 782 4019 878 4070; x_wconf 86' lang='lat' dir='ltr'><strong>terra.</strong></span> <span class='ocrx_word' id='word_1_582' title='bbox 924 4008 1024 4088; x_wconf 81' lang='lat' dir='ltr'><strong>Atqui</strong></span> <span class='ocrx_word' id='word_1_583' title='bbox 1047 4007 1164 4074; x_wconf 85' lang='lat' dir='ltr'><strong>levitas</strong></span> <span class='ocrx_word' id='word_1_584' title='bbox 1215 4008 1267 4082; x_wconf 88' lang='lat' dir='ltr'><strong>cit,</strong></span> <span class='ocrx_word' id='word_1_585' title='bbox 1291 4007 1348 4072; x_wconf 88' lang='lat' dir='ltr'><strong>aed</strong></span> <span class='ocrx_word' id='word_1_586' title='bbox 1370 4007 1463 4089; x_wconf 90' lang='lat' dir='ltr'><strong>quasi</strong></span> <span class='ocrx_word' id='word_1_587' title='bbox 1486 4006 1628 4070; x_wconf 88' lang='grc'>1111111</span> <span class='ocrx_word' id='word_1_588' title='bbox 1650 4003 1788 4082; x_wconf 88' lang='lat' dir='ltr'><strong>laxaret,</strong></span> <span class='ocrx_word' id='word_1_589' title='bbox 1810 4004 1897 4079; x_wconf 88' lang='lat' dir='ltr'><strong>dicit,</strong></span> <span class='ocrx_word' id='word_1_590' title='bbox 1920 4003 2116 4087; x_wconf 86' lang='lat' dir='ltr'><strong>Hucusque</strong></span> <span class='ocrx_word' id='word_1_591' title='bbox 2134 4027 2205 4089; x_wconf 91' lang='lat' dir='ltr'><strong>pro·</strong></span> 
     </span>
     <span class='ocr_line' id='line_1_43' title="bbox 192 4088 2203 4177; baseline 0.002 -27"><span class='ocrx_word' id='word_1_592' title='bbox 192 4088 263 4169; x_wconf 86' lang='lat' dir='ltr'><strong>ipsa</strong></span> <span class='ocrx_word' id='word_1_593' title='bbox 286 4088 427 4150; x_wconf 92' lang='lat' dir='ltr'><strong>ostendit</strong></span> <span class='ocrx_word' id='word_1_594' title='bbox 454 4089 597 4152; x_wconf 88' lang='lat' dir='ltr'><strong>eminere</strong></span> <span class='ocrx_word' id='word_1_595' title='bbox 626 4109 724 4170; x_wconf 90' lang='lat' dir='ltr'><strong>super</strong></span> <span class='ocrx_word' id='word_1_596' title='bbox 753 4098 884 4154; x_wconf 90' lang='lat' dir='ltr'><strong>terram.</strong></span> <span class='ocrx_word' id='word_1_597' title='bbox 928 4091 994 4171; x_wconf 72' lang='lat' dir='ltr'><strong>Qui</strong></span> <span class='ocrx_word' id='word_1_598' title='bbox 1017 4093 1163 4177; x_wconf 86' lang='lat' dir='ltr'><strong>litargo,</strong></span> <span class='ocrx_word' id='word_1_599' title='bbox 1215 4092 1392 4174; x_wconf 83' lang='lat' dir='ltr'><strong>gradiatur.</strong></span> <span class='ocrx_word' id='word_1_600' title='bbox 1454 4089 1568 4171; x_wconf 81' lang='lat' dir='ltr'><strong>Quum</strong></span> <span class='ocrx_word' id='word_1_601' title='bbox 1608 4097 1716 4154; x_wconf 87' lang='lat' dir='ltr'><strong>autem</strong></span> <span class='ocrx_word' id='word_1_602' title='bbox 1757 4090 1814 4154; x_wconf 90' lang='lat' dir='ltr'><strong>alti</strong></span> <span class='ocrx_word' id='word_1_603' title='bbox 1861 4096 1989 4154; x_wconf 86' lang='lat' dir='ltr'><strong>montes</strong></span> <span class='ocrx_word' id='word_1_604' title='bbox 2036 4091 2203 4157; x_wconf 87' lang='lat' dir='ltr'><strong>ridentur</strong></span> 
     </span>
     <span class='ocr_line' id='line_1_44' title="bbox 192 4173 2200 4260; baseline 0.002 -23"><span class='ocrx_word' id='word_1_605' title='bbox 192 4185 228 4237; x_wconf 91' lang='lat' dir='ltr'><strong>ut</strong></span> <span class='ocrx_word' id='word_1_606' title='bbox 250 4193 340 4236; x_wconf 89' lang='lat' dir='ltr'><strong>mare</strong></span> <span class='ocrx_word' id='word_1_607' title='bbox 363 4183 464 4236; x_wconf 90' lang='lat' dir='ltr'><strong>totam</strong></span> <span class='ocrx_word' id='word_1_608' title='bbox 488 4185 608 4238; x_wconf 91' lang='lat' dir='ltr'><strong>terrem</strong></span> <span class='ocrx_word' id='word_1_609' title='bbox 632 4196 699 4239; x_wconf 93' lang='lat' dir='ltr'><strong>non</strong></span> <span class='ocrx_word' id='word_1_610' title='bbox 715 4176 827 4239; x_wconf 89' lang='lat' dir='ltr'><strong>statim</strong></span> <span class='ocrx_word' id='word_1_611' title='bbox 844 4176 984 4241; x_wconf 83' lang='lat' dir='ltr'><strong>obruat?</strong></span> <span class='ocrx_word' id='word_1_612' title='bbox 1008 4188 1058 4242; x_wconf 90' lang='lat' dir='ltr'><strong>est</strong></span> <span class='ocrx_word' id='word_1_613' title='bbox 1077 4182 1164 4242; x_wconf 92' lang='lat' dir='ltr'><strong>enim</strong></span> <span class='ocrx_word' id='word_1_614' title='bbox 1215 4178 1361 4241; x_wconf 89' lang='lat' dir='ltr'><strong>minitari</strong></span> <span class='ocrx_word' id='word_1_615' title='bbox 1391 4179 1519 4242; x_wconf 89' lang='lat' dir='ltr'><strong>cunctis</strong></span> <span class='ocrx_word' id='word_1_616' title='bbox 1547 4173 1754 4251; x_wconf 85' lang='lat' dir='ltr'><strong>mortalibus,</strong></span> <span class='ocrx_word' id='word_1_617' title='bbox 1788 4184 1821 4239; x_wconf 90' lang='lat' dir='ltr'><strong>et</strong></span> <span class='ocrx_word' id='word_1_618' title='bbox 1854 4189 1941 4239; x_wconf 89' lang='lat' dir='ltr'><strong>terra</strong></span> <span class='ocrx_word' id='word_1_619' title='bbox 1975 4194 2043 4240; x_wconf 91' lang='lat' dir='ltr'><strong>non</strong></span> <span class='ocrx_word' id='word_1_620' title='bbox 2082 4176 2200 4260; x_wconf 90' lang='lat' dir='ltr'><strong>procul</strong></span> 
     </span>
     <span class='ocr_line' id='line_1_45' title="bbox 191 4259 2199 4345; baseline 0.001 -22"><span class='ocrx_word' id='word_1_621' title='bbox 191 4259 369 4341; x_wconf 89' lang='lat' dir='ltr'><strong>liquidum,</strong></span> <span class='ocrx_word' id='word_1_622' title='bbox 405 4279 463 4321; x_wconf 92' lang='lat' dir='ltr'><strong>nec</strong></span> <span class='ocrx_word' id='word_1_623' title='bbox 486 4272 594 4342; x_wconf 89' lang='lat' dir='ltr'><strong>posset</strong></span> <span class='ocrx_word' id='word_1_624' title='bbox 617 4262 793 4325; x_wconf 87' lang='lat' dir='ltr'><strong>consistere</strong></span> <span class='ocrx_word' id='word_1_625' title='bbox 824 4282 889 4325; x_wconf 93' lang='lat' dir='ltr'><strong>uno</strong></span> <span class='ocrx_word' id='word_1_626' title='bbox 920 4264 954 4325; x_wconf 95' lang='lat' dir='ltr'><strong>in</strong></span> <span class='ocrx_word' id='word_1_627' title='bbox 986 4261 1068 4341; x_wconf 90' lang='lat' dir='ltr'><strong>loco,</strong></span> <span class='ocrx_word' id='word_1_628' title='bbox 1103 4266 1163 4328; x_wconf 90' lang='grc'>1111</span> <span class='ocrx_word' id='word_1_629' title='bbox 1215 4259 2199 4345; x_wconf 74' lang='grc'>1111111111111111111111,11111111111111111111,11</span> 
     </span>
     <span class='ocr_line' id='line_1_46' title="bbox 191 4344 2197 4429; baseline 0.001 -20"><span class='ocrx_word' id='word_1_630' title='bbox 191 4347 388 4409; x_wconf 89' lang='lat' dir='ltr'><strong>retineretur</strong></span> <span class='ocrx_word' id='word_1_631' title='bbox 413 4344 521 4426; x_wconf 87' lang='lat' dir='ltr'><strong>aliqua</strong></span> <span class='ocrx_word' id='word_1_632' title='bbox 545 4367 664 4410; x_wconf 89' lang='lat' dir='ltr'><strong>arcana</strong></span> <span class='ocrx_word' id='word_1_633' title='bbox 689 4347 749 4410; x_wconf 92' lang='lat' dir='ltr'><strong>Dei</strong></span> <span class='ocrx_word' id='word_1_634' title='bbox 783 4347 905 4410; x_wconf 88' lang='lat' dir='ltr'><strong>virtute</strong></span> <span class='ocrx_word' id='word_1_635' title='bbox 934 4356 967 4411; x_wconf 90' lang='lat' dir='ltr'><strong>et</strong></span> <span class='ocrx_word' id='word_1_636' title='bbox 996 4348 1163 4415; x_wconf 90' lang='lat' dir='ltr'><strong>instinctu.</strong></span> <span class='ocrx_word' id='word_1_637' title='bbox 1214 4349 1439 4429; x_wconf 90' lang='lat' dir='ltr'><strong>reprimuntur</strong></span> <span class='ocrx_word' id='word_1_638' title='bbox 1460 4349 1495 4410; x_wconf 93' lang='lat' dir='ltr'><strong>in</strong></span> <span class='ocrx_word' id='word_1_639' title='bbox 1517 4368 1551 4412; x_wconf 93' lang='lat' dir='ltr'><strong>se</strong></span> <span class='ocrx_word' id='word_1_640' title='bbox 1574 4347 1653 4429; x_wconf 90' lang='lat' dir='ltr'><strong>ipsis</strong></span> <span class='ocrx_word' id='word_1_641' title='bbox 1675 4356 1742 4410; x_wconf 91' lang='lat' dir='ltr'><strong>tam</strong></span> <span class='ocrx_word' id='word_1_642' title='bbox 1764 4347 1935 4428; x_wconf 88' lang='lat' dir='ltr'><strong>impetuosi</strong></span> <span class='ocrx_word' id='word_1_643' title='bbox 1966 4346 2106 4412; x_wconf 87' lang='lat' dir='ltr'><strong>fluetus.</strong></span> <span class='ocrx_word' id='word_1_644' title='bbox 2153 4348 2197 4412; x_wconf 85' lang='lat' dir='ltr'><strong>Et</strong></span> 
     </span>
     <span class='ocr_line' id='line_1_47' title="bbox 191 4430 2195 4516; baseline 0.001 -21"><span class='ocrx_word' id='word_1_645' title='bbox 191 4430 352 4513; x_wconf 82' lang='lat' dir='ltr'><strong>Sequitur</strong></span> <span class='ocrx_word' id='word_1_646' title='bbox 375 4449 470 4511; x_wconf 84' lang='lat' dir='ltr'><strong>ergo,</strong></span> <span class='ocrx_word' id='word_1_647' title='bbox 503 4431 575 4495; x_wconf 90' lang='lat' dir='ltr'><strong>ideo</strong></span> <span class='ocrx_word' id='word_1_648' title='bbox 604 4454 694 4496; x_wconf 90' lang='lat' dir='ltr'><strong>mare</strong></span> <span class='ocrx_word' id='word_1_649' title='bbox 716 4452 775 4498; x_wconf 90' lang='lat' dir='ltr'><strong>suo</strong></span> <span class='ocrx_word' id='word_1_650' title='bbox 798 4432 867 4496; x_wconf 91' lang='lat' dir='ltr'><strong>loco</strong></span> <span class='ocrx_word' id='word_1_651' title='bbox 890 4433 1054 4514; x_wconf 90' lang='lat' dir='ltr'><strong>concludi,</strong></span> <span class='ocrx_word' id='word_1_652' title='bbox 1088 4437 1164 4516; x_wconf 88' lang='lat' dir='ltr'><strong>quia</strong></span> <span class='ocrx_word' id='word_1_653' title='bbox 1215 4434 1293 4499; x_wconf 90' lang='lat' dir='ltr'><strong>dicit</strong></span> <span class='ocrx_word' id='word_1_654' title='bbox 1314 4439 1464 4498; x_wconf 74' lang='grc'>1111111111</span> <span class='ocrx_word' id='word_1_655' title='bbox 1476 4438 1672 4515; x_wconf 61' lang='lat' dir='ltr'><strong>meinana.</strong></span> <span class='ocrx_word' id='word_1_656' title='bbox 1709 4431 1836 4497; x_wconf 87' lang='lat' dir='ltr'><strong>Verum</strong></span> <span class='ocrx_word' id='word_1_657' title='bbox 1857 4431 1988 4514; x_wconf 92' lang='lat' dir='ltr'><strong>quidem</strong></span> <span class='ocrx_word' id='word_1_658' title='bbox 2012 4438 2078 4512; x_wconf 90' lang='lat' dir='ltr'><strong>est,</strong></span> <span class='ocrx_word' id='word_1_659' title='bbox 2103 4453 2195 4497; x_wconf 84' lang='lat' dir='ltr'><strong>mara</strong></span> 
     </span>
     <span class='ocr_line' id='line_1_48' title="bbox 190 4516 2194 4601; baseline 0.002 -22"><span class='ocrx_word' id='word_1_660' title='bbox 190 4517 236 4580; x_wconf 91' lang='lat' dir='ltr'><strong>ita</strong></span> <span class='ocrx_word' id='word_1_661' title='bbox 258 4516 380 4598; x_wconf 88' lang='lat' dir='ltr'><strong>placuit</strong></span> <span class='ocrx_word' id='word_1_662' title='bbox 404 4516 490 4578; x_wconf 89' lang='lat' dir='ltr'><strong>Deo:</strong></span> <span class='ocrx_word' id='word_1_663' title='bbox 515 4517 786 4596; x_wconf 87' lang='lat' dir='ltr'><strong>quemadmodum</strong></span> <span class='ocrx_word' id='word_1_664' title='bbox 810 4518 907 4580; x_wconf 91' lang='lat' dir='ltr'><strong>etiam</strong></span> <span class='ocrx_word' id='word_1_665' title='bbox 924 4519 1023 4582; x_wconf 88' lang='lat' dir='ltr'><strong>reiert</strong></span> <span class='ocrx_word' id='word_1_666' title='bbox 1041 4520 1163 4601; x_wconf 85' lang='lat' dir='ltr'><strong>Moses,</strong></span> <span class='ocrx_word' id='word_1_667' title='bbox 1214 4520 1377 4583; x_wconf 88' lang='lat' dir='ltr'><strong>interdum</strong></span> <span class='ocrx_word' id='word_1_668' title='bbox 1401 4518 1583 4583; x_wconf 91' lang='lat' dir='ltr'><strong>exundare:</strong></span> <span class='ocrx_word' id='word_1_669' title='bbox 1617 4522 1738 4582; x_wconf 85' lang='lat' dir='ltr'><strong>scimus</strong></span> <span class='ocrx_word' id='word_1_670' title='bbox 1767 4518 1855 4582; x_wconf 91' lang='lat' dir='ltr'><strong>enim</strong></span> <span class='ocrx_word' id='word_1_671' title='bbox 1884 4516 2058 4599; x_wconf 88' lang='lat' dir='ltr'><strong>absorptae</strong></span> <span class='ocrx_word' id='word_1_672' title='bbox 2092 4519 2194 4584; x_wconf 85' lang='lat' dir='ltr'><strong>fuisse</strong></span> 
     </span>
     <span class='ocr_line' id='line_1_49' title="bbox 190 4601 2191 4684; baseline 0 -18"><span class='ocrx_word' id='word_1_673' title='bbox 190 4601 359 4684; x_wconf 85' lang='lat' dir='ltr'><strong>Appareat</strong></span> <span class='ocrx_word' id='word_1_674' title='bbox 387 4602 495 4677; x_wconf 88' lang='lat' dir='ltr'><strong>arida,</strong></span> <span class='ocrx_word' id='word_1_675' title='bbox 529 4603 633 4683; x_wconf 89' lang='lat' dir='ltr'><strong>inquit</strong></span> <span class='ocrx_word' id='word_1_676' title='bbox 657 4603 756 4667; x_wconf 90' lang='lat' dir='ltr'><strong>Deus.</strong></span> <span class='ocrx_word' id='word_1_677' title='bbox 802 4602 887 4667; x_wconf 90' lang='lat' dir='ltr'><strong>Nam</strong></span> <span class='ocrx_word' id='word_1_678' title='bbox 917 4604 1059 4668; x_wconf 90' lang='lat' dir='ltr'><strong>ostendit</strong></span> <span class='ocrx_word' id='word_1_679' title='bbox 1088 4607 1162 4671; x_wconf 90' lang='lat' dir='ltr'><strong>sub·</strong></span> <span class='ocrx_word' id='word_1_680' title='bbox 1214 4607 1333 4670; x_wconf 87' lang='lat' dir='ltr'><strong>multae</strong></span> <span class='ocrx_word' id='word_1_681' title='bbox 1357 4602 1453 4668; x_wconf 90' lang='lat' dir='ltr'><strong>urbes</strong></span> <span class='ocrx_word' id='word_1_682' title='bbox 1475 4604 1614 4667; x_wconf 86' lang='lat' dir='ltr'><strong>diluvio:</strong></span> <span class='ocrx_word' id='word_1_683' title='bbox 1648 4605 1705 4668; x_wconf 91' lang='lat' dir='ltr'><strong>sad</strong></span> <span class='ocrx_word' id='word_1_684' title='bbox 1727 4625 1801 4667; x_wconf 83' lang='lat' dir='ltr'><strong>vere</strong></span> <span class='ocrx_word' id='word_1_685' title='bbox 1828 4612 1937 4667; x_wconf 90' lang='lat' dir='ltr'><strong>tamen</strong></span> <span class='ocrx_word' id='word_1_686' title='bbox 1965 4603 2030 4668; x_wconf 91' lang='lat' dir='ltr'><strong>hoo</strong></span> <span class='ocrx_word' id='word_1_687' title='bbox 2058 4601 2191 4679; x_wconf 85' lang='lat' dir='ltr'><strong>dicitnr,</strong></span> 
     </span>
     <span class='ocr_line' id='line_1_50' title="bbox 189 4687 2190 4773; baseline 0.001 -23"><span class='ocrx_word' id='word_1_688' title='bbox 189 4709 330 4751; x_wconf 87' lang='lat' dir='ltr'><strong>mersam</strong></span> <span class='ocrx_word' id='word_1_689' title='bbox 355 4687 454 4750; x_wconf 89' lang='lat' dir='ltr'><strong>fuisse</strong></span> <span class='ocrx_word' id='word_1_690' title='bbox 477 4700 596 4751; x_wconf 89' lang='lat' dir='ltr'><strong>terram</strong></span> <span class='ocrx_word' id='word_1_691' title='bbox 617 4691 718 4770; x_wconf 86' lang='lat' dir='ltr'><strong>aquis,</strong></span> <span class='ocrx_word' id='word_1_692' title='bbox 742 4709 802 4753; x_wconf 88' lang='grc'><strong>111</strong></span> <span class='ocrx_word' id='word_1_693' title='bbox 818 4689 1007 4771; x_wconf 90' lang='lat' dir='ltr'><strong>apparuisse</strong></span> <span class='ocrx_word' id='word_1_694' title='bbox 1023 4689 1163 4773; x_wconf 86' lang='lat' dir='ltr'><strong>digitum</strong></span> <span class='ocrx_word' id='word_1_695' title='bbox 1213 4696 1362 4755; x_wconf 79' lang='lat' dir='ltr'><strong>statatum</strong></span> <span class='ocrx_word' id='word_1_696' title='bbox 1379 4689 1450 4765; x_wconf 84' lang='grc'>111,</span> <span class='ocrx_word' id='word_1_697' title='bbox 1487 4688 1538 4752; x_wconf 89' lang='lat' dir='ltr'><strong>vel</strong></span> <span class='ocrx_word' id='word_1_698' title='bbox 1561 4687 1741 4769; x_wconf 89' lang='lat' dir='ltr'><strong>decretum,</strong></span> <span class='ocrx_word' id='word_1_699' title='bbox 1775 4709 1842 4754; x_wconf 87' lang='lat' dir='ltr'><strong>esse</strong></span> <span class='ocrx_word' id='word_1_700' title='bbox 1865 4693 2069 4770; x_wconf 75' lang='lat' dir='ltr'><strong>papanem,</strong></span> <span class='ocrx_word' id='word_1_701' title='bbox 2105 4689 2190 4772; x_wconf 92' lang='lat' dir='ltr'><strong>quod</strong></span> 
     </span>
     <span class='ocr_line' id='line_1_51' title="bbox 190 4773 2189 4857; baseline 0 -19"><span class='ocrx_word' id='word_1_702' title='bbox 190 4793 311 4853; x_wconf 86' lang='lat' dir='ltr'><strong>unum,</strong></span> <span class='ocrx_word' id='word_1_703' title='bbox 348 4793 514 4855; x_wconf 89' lang='lat' dir='ltr'><strong>quousque</strong></span> <span class='ocrx_word' id='word_1_704' title='bbox 548 4794 638 4836; x_wconf 89' lang='lat' dir='ltr'><strong>mare</strong></span> <span class='ocrx_word' id='word_1_705' title='bbox 671 4775 705 4837; x_wconf 93' lang='lat' dir='ltr'><strong>in</strong></span> <span class='ocrx_word' id='word_1_706' title='bbox 740 4773 887 4838; x_wconf 88' lang='lat' dir='ltr'><strong>ordinem</strong></span> <span class='ocrx_word' id='word_1_707' title='bbox 922 4776 1027 4856; x_wconf 88' lang='lat' dir='ltr'><strong>coegit</strong></span> <span class='ocrx_word' id='word_1_708' title='bbox 1062 4778 1161 4842; x_wconf 89' lang='lat' dir='ltr'><strong>Deus.</strong></span> <span class='ocrx_word' id='word_1_709' title='bbox 1214 4776 1305 4841; x_wconf 90' lang='lat' dir='ltr'><strong>Deus</strong></span> <span class='ocrx_word' id='word_1_710' title='bbox 1328 4796 1417 4839; x_wconf 88' lang='lat' dir='ltr'><strong>mare</strong></span> <span class='ocrx_word' id='word_1_711' title='bbox 1440 4775 1569 4840; x_wconf 91' lang='lat' dir='ltr'><strong>cohibet</strong></span> <span class='ocrx_word' id='word_1_712' title='bbox 1592 4775 1679 4837; x_wconf 91' lang='lat' dir='ltr'><strong>iutra</strong></span> <span class='ocrx_word' id='word_1_713' title='bbox 1701 4796 1777 4838; x_wconf 89' lang='lat' dir='ltr'><strong>suas</strong></span> <span class='ocrx_word' id='word_1_714' title='bbox 1800 4782 1912 4838; x_wconf 88' lang='lat' dir='ltr'><strong>metas.</strong></span> <span class='ocrx_word' id='word_1_715' title='bbox 1948 4773 2035 4838; x_wconf 91' lang='lat' dir='ltr'><strong>Nam</strong></span> <span class='ocrx_word' id='word_1_716' title='bbox 2059 4778 2189 4857; x_wconf 86' lang='lat' dir='ltr'><strong>quoties</strong></span> 
     </span>
     <span class='ocr_line' id='line_1_52' title="bbox 188 4858 2187 4943; baseline 0 -20"><span class='ocrx_word' id='word_1_717' title='bbox 188 4859 286 4923; x_wconf 91' lang='lat' dir='ltr'><strong>Nunc</strong></span> <span class='ocrx_word' id='word_1_718' title='bbox 309 4880 374 4923; x_wconf 83' lang='lat' dir='ltr'><strong>vox</strong></span> <span class='ocrx_word' id='word_1_719' title='bbox 397 4859 454 4921; x_wconf 90' lang='grc'>1111</span> <span class='ocrx_word' id='word_1_720' title='bbox 478 4858 561 4932; x_wconf 79' lang='lat' dir='ltr'><strong>Dei,</strong></span> <span class='ocrx_word' id='word_1_721' title='bbox 597 4859 724 4925; x_wconf 90' lang='lat' dir='ltr'><strong>etiamsi</strong></span> <span class='ocrx_word' id='word_1_722' title='bbox 754 4881 819 4923; x_wconf 92' lang='lat' dir='ltr'><strong>non</strong></span> <span class='ocrx_word' id='word_1_723' title='bbox 851 4860 982 4923; x_wconf 89' lang='lat' dir='ltr'><strong>auditur</strong></span> <span class='ocrx_word' id='word_1_724' title='bbox 1011 4880 1030 4922; x_wconf 91' lang='grc'><strong>1</strong></span> <span class='ocrx_word' id='word_1_725' title='bbox 1059 4864 1160 4939; x_wconf 88' lang='grc'>11111,</span> <span class='ocrx_word' id='word_1_726' title='bbox 1212 4883 1301 4925; x_wconf 90' lang='lat' dir='ltr'><strong>mare</strong></span> <span class='ocrx_word' id='word_1_727' title='bbox 1335 4871 1470 4941; x_wconf 89' lang='lat' dir='ltr'><strong>occupat</strong></span> <span class='ocrx_word' id='word_1_728' title='bbox 1502 4859 1646 4940; x_wconf 89' lang='lat' dir='ltr'><strong>aliquam</strong></span> <span class='ocrx_word' id='word_1_729' title='bbox 1679 4871 1804 4941; x_wconf 90' lang='lat' dir='ltr'><strong>partem</strong></span> <span class='ocrx_word' id='word_1_730' title='bbox 1839 4861 2058 4943; x_wconf 88' lang='lat' dir='ltr'><strong>continentis,</strong></span> <span class='ocrx_word' id='word_1_731' title='bbox 2102 4861 2187 4925; x_wconf 91' lang='lat' dir='ltr'><strong>haud</strong></span> 
     </span>
     <span class='ocr_line' id='line_1_53' title="bbox 188 4944 2187 5029; baseline 0.002 -21"><span class='ocrx_word' id='word_1_732' title='bbox 188 4966 293 5026; x_wconf 91' lang='lat' dir='ltr'><strong>neque</strong></span> <span class='ocrx_word' id='word_1_733' title='bbox 316 4946 350 5007; x_wconf 95' lang='lat' dir='ltr'><strong>in</strong></span> <span class='ocrx_word' id='word_1_734' title='bbox 374 4965 448 5008; x_wconf 91' lang='grc'>1111</span> <span class='ocrx_word' id='word_1_735' title='bbox 472 4956 615 5026; x_wconf 88' lang='lat' dir='ltr'><strong>resonat,</strong></span> <span class='ocrx_word' id='word_1_736' title='bbox 642 4967 661 5007; x_wconf 91' lang='lat' dir='ltr'><strong>a</strong></span> <span class='ocrx_word' id='word_1_737' title='bbox 684 4947 766 5009; x_wconf 90' lang='lat' dir='ltr'><strong>mari</strong></span> <span class='ocrx_word' id='word_1_738' title='bbox 790 4957 899 5009; x_wconf 88' lang='lat' dir='ltr'><strong>tamen</strong></span> <span class='ocrx_word' id='word_1_739' title='bbox 923 4944 1065 5025; x_wconf 87' lang='lat' dir='ltr'><strong>auditur,</strong></span> <span class='ocrx_word' id='word_1_740' title='bbox 1087 4950 1161 5029; x_wconf 87' lang='lat' dir='ltr'><strong>quia</strong></span> <span class='ocrx_word' id='word_1_741' title='bbox 1213 4949 1306 5011; x_wconf 91' lang='lat' dir='ltr'><strong>dubie</strong></span> <span class='ocrx_word' id='word_1_742' title='bbox 1330 4947 1406 5009; x_wconf 91' lang='lat' dir='ltr'><strong>hinc</strong></span> <span class='ocrx_word' id='word_1_743' title='bbox 1429 4946 1613 5028; x_wconf 87' lang='lat' dir='ltr'><strong>colligimus</strong></span> <span class='ocrx_word' id='word_1_744' title='bbox 1636 4945 1712 5025; x_wconf 92' lang='lat' dir='ltr'><strong>quid</strong></span> <span class='ocrx_word' id='word_1_745' title='bbox 1736 4947 1830 5009; x_wconf 88' lang='lat' dir='ltr'><strong>fieret</strong></span> <span class='ocrx_word' id='word_1_746' title='bbox 1851 4946 1971 5027; x_wconf 88' lang='lat' dir='ltr'><strong>absque</strong></span> <span class='ocrx_word' id='word_1_747' title='bbox 1990 4946 2109 5012; x_wconf 83' lang='lat' dir='ltr'><strong>fraeno</strong></span> <span class='ocrx_word' id='word_1_748' title='bbox 2124 4948 2187 5024; x_wconf 92' lang='lat' dir='ltr'><strong>illo,</strong></span> 
     </span>
     <span class='ocr_line' id='line_1_54' title="bbox 188 5030 2186 5112; baseline 0.001 -20"><span class='ocrx_word' id='word_1_749' title='bbox 188 5051 278 5093; x_wconf 89' lang='lat' dir='ltr'><strong>mare</strong></span> <span class='ocrx_word' id='word_1_750' title='bbox 301 5030 489 5094; x_wconf 88' lang='lat' dir='ltr'><strong>conclusum</strong></span> <span class='ocrx_word' id='word_1_751' title='bbox 514 5043 564 5094; x_wconf 89' lang='lat' dir='ltr'><strong>est</strong></span> <span class='ocrx_word' id='word_1_752' title='bbox 587 5033 617 5094; x_wconf 93' lang='lat' dir='ltr'><strong>in</strong></span> <span class='ocrx_word' id='word_1_753' title='bbox 643 5031 710 5093; x_wconf 90' lang='lat' dir='ltr'><strong>suis</strong></span> <span class='ocrx_word' id='word_1_754' title='bbox 735 5032 863 5095; x_wconf 89' lang='lat' dir='ltr'><strong>finibus.</strong></span> <span class='ocrx_word' id='word_1_755' title='bbox 904 5030 940 5095; x_wconf 87' lang='lat' dir='ltr'><strong>Si</strong></span> <span class='ocrx_word' id='word_1_756' title='bbox 964 5053 1052 5094; x_wconf 85' lang='lat' dir='ltr'><strong>mare</strong></span> <span class='ocrx_word' id='word_1_757' title='bbox 1076 5049 1161 5097; x_wconf 92' lang='grc'>11111</span> <span class='ocrx_word' id='word_1_758' title='bbox 1211 5035 1303 5096; x_wconf 88' lang='grc'>11111</span> <span class='ocrx_word' id='word_1_759' title='bbox 1337 5031 1389 5094; x_wconf 89' lang='grc'><strong>111</strong></span> <span class='ocrx_word' id='word_1_760' title='bbox 1423 5034 1458 5095; x_wconf 92' lang='lat' dir='ltr'><strong>fit</strong></span> <span class='ocrx_word' id='word_1_761' title='bbox 1492 5031 1616 5094; x_wconf 91' lang='lat' dir='ltr'><strong>mentio</strong></span> <span class='ocrx_word' id='word_1_762' title='bbox 1649 5032 1735 5112; x_wconf 90' lang='lat' dir='ltr'><strong>apud</strong></span> <span class='ocrx_word' id='word_1_763' title='bbox 1768 5031 1959 5110; x_wconf 88' lang='lat' dir='ltr'><strong>Ieremiam,</strong></span> <span class='ocrx_word' id='word_1_764' title='bbox 1993 5046 2029 5094; x_wconf 91' lang='lat' dir='ltr'><strong>et</strong></span> <span class='ocrx_word' id='word_1_765' title='bbox 2063 5035 2101 5097; x_wconf 90' lang='lat' dir='ltr'><strong>in</strong></span> <span class='ocrx_word' id='word_1_766' title='bbox 2133 5034 2186 5097; x_wconf 91' lang='lat' dir='ltr'><strong>illo</strong></span> 
     </span>
     <span class='ocr_line' id='line_1_55' title="bbox 189 5116 2186 5199; baseline 0.003 -23"><span class='ocrx_word' id='word_1_767' title='bbox 189 5117 419 5197; x_wconf 85' lang='lat' dir='ltr'><strong>tranquillum,</strong></span> <span class='ocrx_word' id='word_1_768' title='bbox 448 5138 575 5199; x_wconf 86' lang='lat' dir='ltr'><strong>semper</strong></span> <span class='ocrx_word' id='word_1_769' title='bbox 602 5127 710 5180; x_wconf 90' lang='lat' dir='ltr'><strong>tamen</strong></span> <span class='ocrx_word' id='word_1_770' title='bbox 735 5116 841 5179; x_wconf 91' lang='lat' dir='ltr'><strong>adhuc</strong></span> <span class='ocrx_word' id='word_1_771' title='bbox 864 5116 1053 5180; x_wconf 84' lang='lat' dir='ltr'><strong>admirabile</strong></span> <span class='ocrx_word' id='word_1_772' title='bbox 1076 5134 1160 5183; x_wconf 89' lang='lat' dir='ltr'><strong>esset</strong></span> <span class='ocrx_word' id='word_1_773' title='bbox 1211 5119 1261 5183; x_wconf 88' lang='lat'><strong>38.</strong></span> <span class='ocrx_word' id='word_1_774' title='bbox 1286 5139 1354 5199; x_wconf 93' lang='lat' dir='ltr'><strong>oap.</strong></span> <span class='ocrx_word' id='word_1_775' title='bbox 1379 5117 1447 5180; x_wconf 91' lang='lat' dir='ltr'><strong>Iob.</strong></span> <span class='ocrx_word' id='word_1_776' title='bbox 1493 5116 1686 5198; x_wconf 84' lang='lat' dir='ltr'><strong>Colligimus</strong></span> <span class='ocrx_word' id='word_1_777' title='bbox 1710 5139 1786 5199; x_wconf 85' lang='lat' dir='ltr'><strong>ergo</strong></span> <span class='ocrx_word' id='word_1_778' title='bbox 1817 5117 1945 5181; x_wconf 91' lang='lat' dir='ltr'><strong>nullum</strong></span> <span class='ocrx_word' id='word_1_779' title='bbox 1973 5136 2048 5182; x_wconf 88' lang='lat' dir='ltr'><strong>esse</strong></span> <span class='ocrx_word' id='word_1_780' title='bbox 2079 5121 2186 5185; x_wconf 89' lang='lat' dir='ltr'><strong>obsta-</strong></span> 
     </span>
     <span class='ocr_line' id='line_1_56' title="bbox 188 5199 2186 5289; baseline 0.004 -27"><span class='ocrx_word' id='word_1_781' title='bbox 188 5199 248 5262; x_wconf 89' lang='grc'><strong>111</strong></span> <span class='ocrx_word' id='word_1_782' title='bbox 271 5222 351 5281; x_wconf 89' lang='lat' dir='ltr'><strong>opus</strong></span> <span class='ocrx_word' id='word_1_783' title='bbox 373 5202 454 5283; x_wconf 88' lang='lat' dir='ltr'><strong>Dei,</strong></span> <span class='ocrx_word' id='word_1_784' title='bbox 488 5202 572 5284; x_wconf 92' lang='lat' dir='ltr'><strong>quod</strong></span> <span class='ocrx_word' id='word_1_785' title='bbox 597 5203 707 5283; x_wconf 90' lang='lat' dir='ltr'><strong>aliqua</strong></span> <span class='ocrx_word' id='word_1_786' title='bbox 735 5223 810 5283; x_wconf 87' lang='lat' dir='ltr'><strong>pars</strong></span> <span class='ocrx_word' id='word_1_787' title='bbox 840 5213 946 5265; x_wconf 89' lang='lat' dir='ltr'><strong>terrae</strong></span> <span class='ocrx_word' id='word_1_788' title='bbox 975 5204 1160 5267; x_wconf 89' lang='lat' dir='ltr'><strong>conceditur</strong></span> <span class='ocrx_word' id='word_1_789' title='bbox 1211 5206 1319 5267; x_wconf 89' lang='lat' dir='ltr'><strong>culum</strong></span> <span class='ocrx_word' id='word_1_790' title='bbox 1342 5204 1441 5284; x_wconf 89' lang='lat' dir='ltr'><strong>mari,</strong></span> <span class='ocrx_word' id='word_1_791' title='bbox 1476 5204 1554 5283; x_wconf 91' lang='lat' dir='ltr'><strong>quin</strong></span> <span class='ocrx_word' id='word_1_792' title='bbox 1578 5208 1675 5264; x_wconf 91' lang='lat' dir='ltr'><strong>totam</strong></span> <span class='ocrx_word' id='word_1_793' title='bbox 1700 5213 1820 5266; x_wconf 90' lang='lat' dir='ltr'><strong>terram</strong></span> <span class='ocrx_word' id='word_1_794' title='bbox 1852 5201 1982 5282; x_wconf 87' lang='lat' dir='ltr'><strong>obruat,</strong></span> <span class='ocrx_word' id='word_1_795' title='bbox 2020 5205 2088 5270; x_wconf 90' lang='lat' dir='ltr'><strong>nisi</strong></span> <span class='ocrx_word' id='word_1_796' title='bbox 2111 5228 2186 5289; x_wconf 92' lang='lat' dir='ltr'><strong>quo·</strong></span> 
     </span>
     <span class='ocr_line' id='line_1_57' title="bbox 187 5284 2187 5377; baseline 0.005 -30"><span class='ocrx_word' id='word_1_797' title='bbox 187 5284 372 5350; x_wconf 90' lang='lat' dir='ltr'><strong>hominibus</strong></span> <span class='ocrx_word' id='word_1_798' title='bbox 413 5291 446 5351; x_wconf 94' lang='lat' dir='ltr'><strong>in</strong></span> <span class='ocrx_word' id='word_1_799' title='bbox 487 5288 673 5370; x_wconf 90' lang='lat' dir='ltr'><strong>hospitium.</strong></span> <span class='ocrx_word' id='word_1_800' title='bbox 738 5286 803 5352; x_wconf 86' lang='lat' dir='ltr'><strong>Sed</strong></span> <span class='ocrx_word' id='word_1_801' title='bbox 843 5308 942 5368; x_wconf 90' lang='lat' dir='ltr'><strong>quum</strong></span> <span class='ocrx_word' id='word_1_802' title='bbox 984 5298 1158 5369; x_wconf 87' lang='lat' dir='ltr'><strong>tempestas</strong></span> <span class='ocrx_word' id='word_1_803' title='bbox 1210 5292 1298 5354; x_wconf 91' lang='lat' dir='ltr'><strong>niam</strong></span> <span class='ocrx_word' id='word_1_804' title='bbox 1321 5288 1525 5370; x_wconf 90' lang='lat' dir='ltr'><strong>obtemperat</strong></span> <span class='ocrx_word' id='word_1_805' title='bbox 1549 5286 1629 5350; x_wconf 90' lang='lat' dir='ltr'><strong>Deo.</strong></span> <span class='ocrx_word' id='word_1_806' title='bbox 1669 5287 1801 5352; x_wconf 89' lang='lat' dir='ltr'><strong>Interea</strong></span> <span class='ocrx_word' id='word_1_807' title='bbox 1823 5289 1855 5351; x_wconf 93' lang='lat' dir='ltr'><strong>in</strong></span> <span class='ocrx_word' id='word_1_808' title='bbox 1880 5289 1949 5369; x_wconf 92' lang='lat' dir='ltr'><strong>ipso</strong></span> <span class='ocrx_word' id='word_1_809' title='bbox 1972 5297 2067 5356; x_wconf 89' lang='lat' dir='ltr'><strong>statu</strong></span> <span class='ocrx_word' id='word_1_810' title='bbox 2091 5313 2187 5377; x_wconf 82' lang='lat' dir='ltr'><strong>gene</strong></span> 
     </span>
    </p>
   </div>
   <div class='ocr_carea' id='block_1_3' title="bbox 0 0 2396 5970">
    <p class='ocr_par' dir='ltr' id='par_1_5' title="bbox 0 0 2396 5970">
     <span class='ocr_line' id='line_1_58' title="bbox 0 0 2396 5970; baseline 0 9"><span class='ocrx_word' id='word_1_811' title='bbox 0 0 2396 5970; x_wconf 95' lang='lat' dir='ltr'><strong> </strong></span> 
     </span>
    </p>
   </div>
  </div>
 </body>
</html>
