4784 5970
194 374 258 441 425
1060 369 1211 437 OAPUT
1233 368 1343 435 bxv.
2131 375 2199 445 425

195 562 253 630 ubi
283 562 347 627 Lia
383 560 504 646 gaudet
543 569 678 645 propter
711 560 931 627 aooessionem
969 557 1168 624 liberorum:
1219 557 1305 640 vult,
1327 578 1387 624 nee
1409 559 1517 624 fiotum
1536 558 1735 625 audientiam
1751 560 1877 644 probat.
1911 560 2066 628 Ostendit
2083 574 2196 632 autem

196 661 275 714 nam
302 648 348 713 sie
379 646 630 730 intelligendum
664 666 781 712 oenseo
809 645 845 711 id
872 642 958 727 qnod
991 644 1062 727 ipsa
1093 664 1168 727 pro-
1220 643 1307 708 unde
1336 644 1459 709 laetum
1480 644 1541 725 sit,
1574 650 1612 710 ut
1640 647 1844 712 voeationem
1874 658 2082 730 respuerent:
2119 653 2197 735 quia

195 733 328 799 nuntiat
347 744 415 815 uun,
444 753 482 798 ao
505 731 534 796 si
556 731 688 809 diaeret,
712 730 808 796 Nune
830 729 912 795 mihi
933 730 1028 812 eopia
1050 728 1168 795 libero·
1220 729 1345 795 soilieet
1362 750 1458 795 aures
1473 730 1663 796 elausernnt
1681 730 1892 815 prophetioae
1909 733 2096 801 doetrinae:
2118 739 2197 820 qnia

196 839 271 885 rum
294 826 361 884 est:
393 817 507 900 plures
534 819 622 882 enim
644 817 708 881 iam
733 824 832 881 antea
859 814 1028 881 habuerat.
1072 813 1169 881 Unde
1220 815 1352 879 initium
1381 815 1518 898 parendi
1548 825 1599 882 est
1627 817 1746 882 afferre
1777 817 1922 884 diseendi
1953 819 2108 886 studium.
2154 824 2197 888 Io

196 904 295 970 etiam
317 922 440 968 nomen
461 916 496 969 'u
518 902 634 984 quinto
655 902 727 967 filio
748 901 910 984 imposuit
946 900 998 965 Ita
1020 901 1081 966 boo
1100 900 1169 965 loeo
1220 899 1319 966 sato
1350 901 1543 967 tantundem
1571 902 1661 968 valet
1687 910 1785 985 atque
1818 904 1852 967 in
1885 904 2017 970 faeiem:
2051 926 2116 990 qua
2148 908 2197 974 lo·

195 1003 230 1056 u
252 986 477 1070 aoeipiendum
507 995 587 1071 puto
613 1008 672 1071 pro
694 987 791 1052 turba
813 986 866 1051 vel
893 987 1060 1052 exereitu:
1093 986 1170 1067 quia
1221 984 1342 1067 quendi
1362 985 1468 1051 forma
1488 987 1586 1070 paulo
1609 995 1686 1054 ante
1708 1008 1789 1054 usus
1811 995 1870 1055 est.
1916 988 2043 1056 Omnes
2064 991 2195 1074 quidem

195 1084 244 1140 tot
269 1074 350 1157 ipsis
379 1080 474 1138 erant
501 1073 609 1139 liotitii
638 1072 683 1137 dii
705 1080 743 1138 nt
766 1092 845 1155 praa
873 1071 1084 1136 multitudine
1111 1071 1169 1137 vix
1220 1073 1256 1135 in
1278 1071 1379 1136 oeulis
1401 1070 1538 1137 Domini
1560 1081 1712 1155 peooant,
1742 1094 1802 1140 neo
1830 1074 2003 1157 quisquam
2027 1077 2097 1143 eius
2120 1098 2197 1143 oon·

195 1159 362 1226 numerari
390 1165 532 1241 possent.
578 1155 715 1240 Implere
741 1157 795 1223 hio
816 1156 967 1222 bifariam
989 1158 1090 1240 aeeipi
1112 1177 1169 1240 po-
1220 1165 1369 1239 speotum
1404 1157 1517 1242 fugere
1547 1162 1664 1241 potest.
1720 1158 1787 1225 Sed
1818 1162 1951 1243 proprie
1991 1161 2131 1227 dioimur
2161 1166 2196 1227 in

195 1255 275 1311 test:
298 1263 425 1327 nempe,
448 1242 533 1327 quod
555 1243 646 1326 large
664 1252 698 1308 et
714 1243 867 1307 mnnifiee
889 1243 999 1306 omnia
1020 1242 1171 1324 suppedi·
1220 1241 1324 1307 oeulis
1346 1242 1419 1307 eius
1440 1263 1585 1326 peeeare,
1614 1264 1714 1325 quum
1738 1245 1777 1309 ab
1800 1244 1872 1328 ipso
1894 1248 2011 1323 voeati,
2042 1267 2196 1331 praesen·

196 1331 339 1396 taverint
360 1329 402 1393 ad
424 1329 549 1394 eultnm
571 1328 748 1393 idolorum:
773 1326 865 1414 (nam
888 1328 1076 1411 superstitio
1098 1327 1170 1391 nnl·
1221 1328 1301 1392 tiam
1323 1326 1393 1392 eius
1422 1348 1488 1392 non
1518 1348 1685 1406 veremur,
1715 1330 1858 1413 Propius
1887 1332 1973 1396 enim
2003 1332 2127 1398 aooedit
2155 1334 2196 1398 ad

195 1416 263 1481 lum
287 1423 343 1479 aut
363 1415 466 1479 finem
488 1424 545 1479 aut
566 1413 698 1479 modum
721 1412 830 1493 habet,
853 1415 957 1496 etqui
981 1416 1069 1495 paroi
1091 1424 1170 1478 sunt
1220 1432 1378 1495 eosquos
1400 1433 1458 1496 per
1475 1413 1652 1498 prophetas
1669 1424 1777 1498 voest,
1799 1423 1833 1479 et
1848 1416 1888 1481 iis
1906 1438 1941 1481 se
1959 1417 2197 1498 quodammodo

195 1502 230 1566 in
259 1499 350 1566 uultu
375 1499 456 1577 Dei,
489 1501 598 1565 omnia
625 1497 787 1564 idolorum
816 1499 924 1582 gratia
952 1498 1170 1564 libentissime
1221 1506 1425 1583 praesentem
1458 1499 1603 1564 exhibet.
1657 1500 1767 1583 Magis
1800 1521 1880 1584 ergo
1920 1500 2112 1567 detestanda
2148 1516 2198 1570 est

195 1583 412 1671 profundunt)
434 1584 488 1651 vel
513 1583 600 1666 qnod
631 1584 759 1650 nullum
788 1583 913 1649 idolum
941 1584 1169 1667 praetermise·
1221 1605 1335 1650 eornm
1363 1584 1515 1667 impietas
1545 1594 1578 1650 et
1595 1582 1717 1669 'flagris
1745 1586 1965 1668 asperioribus
1993 1588 2110 1672 digna,
2140 1590 2197 1671 qui

195 1673 264 1738 rint
284 1671 337 1737 oui
359 1671 485 1736 uultum
510 1690 606 1736 suum
629 1691 696 1735 non
718 1669 921 1735 exhiberent.
966 1669 1074 1750 Quem
1095 1690 1169 1736 sen·
1220 1669 1331 1735 Deum
1354 1677 1527 1736 venantem
1550 1690 1588 1736 ae
1609 1672 1743 1754 propius
1764 1672 1978 1752 invitantem,
2007 1674 2100 1756 quasi
2121 1695 2197 1756 pro·

196 1778 269 1822 sum
291 1775 352 1840 ego
373 1755 484 1838 potius
509 1776 637 1840 sequor.
681 1753 751 1821 Nee
774 1755 861 1819 enim
884 1754 1084 1820 satisfaotum
1107 1754 1171 1821 sibi
1220 1756 1305 1821 ieeto
1345 1756 1437 1821 omni
1474 1756 1616 1840 pudore,
1664 1765 1881 1823 oontemnunt
1925 1778 1963 1823 ae
2003 1757 2197 1841 despieinnt.

196 1851 317 1926 putant
337 1839 538 1918 idololatrae,
569 1841 632 1906 nisi
654 1840 771 1924 euique
794 1839 869 1905 divo
890 1860 988 1905 snum
1011 1840 1170 1906 honorem
1221 1841 1324 1906 Porro
1346 1862 1388 1905 ex
1410 1841 1476 1906 fine
1505 1861 1622 1907 versus
1652 1852 1788 1925 apparet
1816 1843 1991 1925 praeeipue
2021 1863 2076 1909 eos
2106 1843 2197 1910 dam-

196 1927 402 1993 exhibeantz-
420 1936 453 1992 at
480 1946 543 2009 quo
571 1926 682 2009 plnres
710 1925 874 1992 soluerint
902 1945 940 1990 eo
963 1926 1024 1991 sibi
1054 1926 1171 1992 melius
1221 1927 1295 1993 nari
1318 1946 1383 1991 non
1405 1927 1446 1991 ob
1462 1946 1572 1993 erasea
1586 1927 1719 2005 seelera,
1737 1926 1794 1992 sed
1810 1927 1851 1992 ob
1865 1928 1983 1994 stultas
1999 1927 2198 2007 devotiones,

195 2015 344 2078 futurum
366 2011 579 2078 arbitrantur.
622 2011 661 2075 Id
684 2011 770 2093 quod
793 2011 891 2075 etiam
915 2010 987 2093 plns
1010 2012 1090 2077 satis
1112 2011 1171 2077 ho·
1222 2011 1341 2095 quibus
1374 2010 1537 2077 vitiabant
1565 2011 1630 2077 Dei
1657 2013 1793 2079 uultum.
1846 2013 1920 2078 Etsi
1948 2014 2036 2079 anim
2065 2024 2199 2080 strenue

195 2098 248 2164 die
270 2098 459 2181 experimur
480 2099 516 2160 in
538 2097 685 2181 papistis.
729 2097 794 2162 Per
815 2117 980 2162 nummum
1010 2097 1095 2163 idem
1119 2098 1171 2162 in·
1222 2117 1355 2182 operam
1386 2095 1509 2162 dabant
1538 2098 1705 2163 saerifioiis
1735 2118 1754 2163 a
1783 2117 1819 2162 se
1853 2099 2013 2178 oonliotis,
2046 2103 2131 2182 quod
2164 2120 2199 2164 se

196 2183 317 2267 telligit
343 2183 431 2265 quod
453 2202 512 2265 per
534 2183 716 2248 exereitum
738 2182 954 2266 significabat.
998 2183 1061 2247 Est
1082 2184 1172 2248 enim
1224 2184 1286 2250 hoe
1314 2181 1410 2248 modo
1439 2189 1595 2265 putarent
1623 2184 1733 2249 Deum
1763 2184 1956 2266 promereri:
1990 2184 2062 2267 ipse
2088 2193 2199 2251 tamen

196 2268 347 2352 repetitio
376 2269 499 2334 usitata
531 2267 703 2333 Hebraeis.
758 2267 919 2352 Intelligit
952 2288 1031 2352 ergo
1060 2269 1171 2352 parari
1223 2290 1258 2335 se
1295 2267 1479 2334 abominari
1511 2269 1708 2352 pronuntiat
1739 2288 1894 2350 perversa
1935 2289 2048 2334 eornm
2081 2269 2200 2335 studia.

195 2352 455 2506 athual-⁰
472 2352 778 2523 ttot‘lttt.
800 2353 1170 2522 {ttlltttllt
1222 2353 1499 2523 &bilbili
1515 2354 1941 2523 ll‘l'gillplldilrlblli
1960 2354 2200 2522 lutoldi

195 2531 307 2609 aperte
329 2523 490 2589 ostendat
1163 2488 1171 2519 ’
1222 2523 1316 2590 Deus
1346 2522 1561 2608 speetandum
1595 2545 1654 2590 neo
1684 2524 1725 2591 ab
1748 2544 1787 2589 eo
1808 2524 1876 2590 ullo
1899 2524 1994 2590 modo
2024 2525 2198 2592 defleoten·

283 2609 333 2673 12.
356 2606 505 2695 (Itaque.)
547 2608 677 2675 Alludit
698 2608 740 2673 ad
762 2628 933 2673 numerum
957 2608 1103 2689 deorum,
1132 2608 1171 2675 de
1224 2608 1302 2674 dnm
1323 2619 1382 2675 est.
1426 2608 1587 2675 Videmus
1609 2619 1720 2675 autem
1743 2629 1810 2674 non
1832 2610 1934 2675 fnisse
1956 2611 2054 2676 unius
2076 2612 2198 2677 saeouli

195 2716 260 2780 quo
287 2695 443 2777 loquutus
471 2702 537 2759 est:
577 2714 615 2759 ae
644 2693 790 2759 deelarat
819 2693 983 2758 Dominus
1012 2714 1047 2758 se
1075 2694 1171 2760 faoile
1223 2695 1351 2774 vitium,
1373 2704 1411 2761 ut
1432 2692 1583 2761 homines
1604 2696 1640 2759 in
1662 2693 1796 2760 eolendo
1817 2694 1890 2760 Deo
1912 2695 2081 2760 libidinem
2104 2716 2198 2761 suam

197 2780 481 2865 deprehensurum
504 2799 568 2862 quo
590 2779 626 2843 in
648 2798 787 2843 numero
806 2779 881 2844 sint.
928 2776 973 2844 Se
991 2780 1078 2844 enim
1100 2779 1170 2863 gla-
1223 2788 1455 2864 sequerentur,
1484 2787 1518 2844 et
1546 2781 1706 2864 figmenta
1736 2797 1795 2844 sua
1824 2799 1884 2862 pro
1906 2779 1978 2845 Deo
2008 2778 2198 2846 adorarent:

197 2866 250 2931 dio
275 2874 523 2931 numeraturum
547 2865 645 2947 ipsos.
690 2865 799 2946 Atque
829 2863 905 2929 hino
934 2883 952 2927 a
976 2874 1070 2947 paret
1096 2885 1169 2947 pro·
1222 2866 1280 2930 sad
1302 2869 1588 2948 quantamounque
1609 2866 1812 2948 voluptatem
1842 2885 1885 2929 ex
1912 2864 1954 2930 iis
1983 2868 2115 2948 oapiant
2142 2866 2198 2931 ho-

195 2951 328 3036 phetam
350 2971 418 3015 non
439 2950 527 3033 loqui
553 2949 721 3033 superiore
750 2969 849 3015 versu
877 2948 917 3013 de
945 2885 1071 3015 <luobus
1099 2951 1170 3033 pla·
1223 2955 1345 3029 mines,
1380 2951 1544 3016 Dominus
1577 2971 1615 3016 ea
1648 2971 1683 3017 se
1715 2952 1873 3017 damnare
1904 2958 2001 3034 atque
2034 2953 2198 3018 exesormi

196 3039 289 3114 netis,
313 3036 402 3102 Iovis
424 3034 546 3101 soilioet
564 3056 602 3103 ae
619 3034 788 3117 Merenrii,
811 3040 849 3100 ut
866 3035 1017 3100 nonnulli
1034 3040 1168 3119 putant:
1222 3040 1369 3103 testatur.

196 3123 253 3188 sed
283 3121 370 3204 quod
401 3142 466 3187 uno
494 3122 565 3186 Deo
594 3141 662 3186 non
696 3120 841 3186 oontenti
875 3129 1080 3188 aooerserent
1108 3121 1169 3187 sibi
1309 3121 1350 3187 13
1372 3127 1405 3186 et
1428 3120 1478 3187 14.
1509 3118 1718 3207 (Propterea.)
1761 3120 1828 3185 Hie
1857 3121 1958 3187 etiam
1979 3121 2102 3188 elarius
2125 3142 2198 3204 pro·
2305 3202 2309 3207 .

196 3208 290 3277 varia
321 3205 418 3273 idola.
461 3208 573 3289 Atque
605 3206 724 3273 frivola
754 3206 942 3272 eonieotura
973 3214 1024 3272 est
1055 3227 1169 3273 eornm
1221 3207 1322 3291 pheta
1345 3205 1503 3273 disoernit
1524 3206 1713 3291 bypooritas
1735 3207 1792 3290 qui
1809 3206 1918 3272 laeum
1939 3207 2142 3290 oooupubant
2163 3211 2199 3272 in

196 3295 251 3377 qui
273 3293 408 3358 nomine
429 3305 478 3359 uu
500 3292 702 3357 Merenrium
730 3290 894 3376 designari
923 3292 1053 3371 volunt,
1081 3295 1169 3376 quod
1221 3294 1358 3361 eoelesia
1379 3292 1443 3358 Dei
1476 3293 1605 3358 averia
1632 3292 1710 3357 filiis
1740 3301 1773 3357 et
1798 3293 1975 3377 germanis.
2020 3293 2107 3357 Nam
2135 3293 2199 3358 etsi

196 3393 266 3459 nto,
295 3378 457 3462 signifieat
479 3398 662 3456 numerare,
691 3396 729 3443 ao
750 3377 936 3443 Mercurius
963 3379 1110 3444 numeris
1132 3399 1170 3445 ao
1220 3379 1404 3465 promiseue
1426 3397 1541 3443 omnes
1567 3378 1653 3443 filios
1682 3398 1718 3442 se
1744 3387 1917 3456 voearent,
1948 3390 2058 3442 tamen
2087 3378 2199 3460 plures

196 3463 430 3531 mereatoribus
460 3473 634 3547 praeesset.
679 3464 840 3547 Apertum
866 3464 954 3528 enim
984 3472 1035 3528 est
1062 3464 1169 3530 oonsi-
1221 3463 1385 3530 efamilia
1407 3461 1604 3529 abdioandos
1627 3482 1698 3528 esse
1719 3461 1878 3527 ostendit:
1912 3472 1945 3526 et
1973 3463 2029 3543 qui
2061 3463 2199 3544 superbe

195 3551 275 3615 lium
298 3549 485 3633 prophetae,
508 3549 565 3631 qui
586 3549 660 3614 ideo
682 3548 923 3615 numerandum
942 3547 1049 3631 gladio
1067 3570 1169 3633 popu·
1221 3557 1254 3616 et
1277 3557 1470 3632 arroganter
1491 3548 1603 3632 populi
1626 3548 1689 3612 Dei
1712 3548 1845 3612 nomine
1867 3567 1904 3611 se
1927 3545 2115 3626 efferebant,
2141 3568 2199 3628 spe

195 3636 265 3700 lum
309 3635 490 3719 signifieat,
541 3634 628 3717 qnod
677 3634 806 3719 ingenti
852 3633 986 3698 deorum
1033 3656 1169 3701 numero
1221 3653 1281 3700 sua
1309 3633 1407 3721 (quae
1434 3633 1535 3699 fallax
1564 3645 1598 3697 et
1626 3633 1735 3698 inanis
1764 3630 1849 3717 erat)
1879 3632 2086 3697 frustrandos
2115 3652 2196 3698 esse.

196 3719 369 3805 gauderet:
393 3741 499 3802 neque
521 3719 724 3802 aequieseere
746 3719 848 3784 vellet
869 3719 903 3782 in
926 3738 993 3782 uno
1015 3719 1097 3785 Deo.
1222 3721 1284 3786 Est
1307 3720 1393 3785 enim
1416 3717 1593 3803 diligenter
1615 3717 1759 3782 notanda
1780 3716 1964 3796 antithesis,
1987 3737 2070 3799 quae
2086 3719 2198 3801 magni

281 3803 345 3889 (Eo
365 3806 449 3887 qaod
469 3804 601 3890 ooeooi.)
637 3804 827 3889 Amplifioat
849 3803 1110 3887 magnitudinem
1133 3826 1171 3871 ae
1223 3813 1272 3871 est
1294 3803 1464 3887 ponderis,
1492 3805 1581 3868 inter
1603 3822 1716 3869 servos
1738 3802 1802 3869 Dei
1824 3808 1858 3868 et
1880 3822 1935 3867 eos
1957 3803 2013 3884 qui
2035 3802 2117 3868 falso
2139 3823 2199 3868 no·

196 3892 392 3976 gravitatem
415 3891 570 3973 perfidiae
592 3891 704 3967 istius,
734 3888 819 3973 quod
847 3887 961 3955 Iudaei
992 3888 1171 3955 deliberata
1223 3911 1298 3955 men
1332 3890 1404 3955 eius
1436 3888 1629 3955 obtendunt.
1680 3888 1768 3953 Nam
1799 3888 1840 3954 iis
1873 3890 1989 3954 inanes
2021 3887 2134 3954 titulos
2166 3896 2201 3952 et

196 3977 336 4054 malitia,
364 3984 462 4058 atque
485 3995 527 4040 ex
548 3975 713 4076 industria
733 3974 842 4075 potius
863 3994 964 4075 quam
985 3975 1173 4075 ignorantia
1222 3975 1339 4041 falsam
1371 3974 1580 4040 iaetationem
1610 3982 1669 4039 ant
1694 3994 1812 4039 vanam
1843 3973 2088 4057 persuasionem
2116 3973 2200 4037 nihil

196 4061 1171 4232 ie⁰i⁰lillllvflssrlss⁶nlilitffiiileillifmnllomsslll
1223 4059 1659 4231 pmsuioulsbeilllfliilla)
1710 4144 1773 4209 ms
1803 4141 1911 4209 veros
1949 4142 2136 4209 latinitatem
2166 4150 2201 4208 a

197 4235 307 4298 minos
328 4229 533 4299 exeusabiles
562 4239 655 4310 sunt,
688 4251 789 4313 quam
821 4230 877 4296 alii
906 4231 947 4294 ad
976 4250 1058 4313 quos
1087 4231 1171 4296 nulli
1223 4251 1417 4314 prosperum
1440 4231 1527 4297 vitae
1548 4235 1670 4296 statum
1694 4228 1855 4313 designat,
1878 4248 1916 4295 ae
1939 4229 1967 4292 si
1990 4227 2123 4306 dieeret,
2146 4250 2200 4294 eu·

197 4317 375 4402 prophetae
396 4317 489 4383 missi
507 4317 650 4382 fuerunt.
694 4315 782 4382 Nam
804 4316 865 4381 etsi
887 4315 1091 4400 ignorantiae
1114 4338 1170 4381 ex·
1223 4337 1279 4381 rae
1302 4316 1363 4383 eibi
1386 4316 1465 4394 lore,
1489 4337 1529 4381 ne
1551 4336 1616 4398 qua
1638 4334 1674 4379 re
1696 4313 1866 4398 indigeant
1893 4311 2017 4379 fideles.
2063 4312 2128 4378 Sed
2152 4313 2199 4378 vi-

197 4405 398 4469 ensationem
420 4401 502 4468 nulli
521 4401 692 4467 bominum
709 4399 885 4467 obtendere
903 4402 1037 4484 possint,
1059 4409 1171 4467 tamen
1223 4402 1319 4467 detur
1343 4400 1507 4466 Dominus
1529 4401 1617 4465 aliud
1641 4399 1834 4482 promittere
1855 4399 1961 4465 servis
1985 4397 2072 4478 suis,
2101 4417 2198 4482 quam

196 4489 302 4553 multo
330 4488 440 4553 miuus
465 4487 579 4553 Iudaei
608 4495 642 4552 et
670 4487 693 4551 ii
722 4486 840 4570 quibus
868 4486 1006 4552 verbum
1035 4486 1172 4552 Domini
1223 4486 1310 4568 quod
1333 4486 1461 4569 reipsa
1482 4495 1634 4570 praestat.
1680 4484 1787 4568 Saepe
1809 4486 1899 4550 enim
1921 4484 2072 4549 esuriunt
2094 4503 2132 4550 ae
2154 4483 2199 4548 si·

197 4574 426 4639 annuneiatur.
470 4572 617 4639 Gravem
639 4572 742 4655 igitur
768 4591 846 4655 prae
874 4571 947 4637 aliis
975 4570 1170 4638 oondemna·
1223 4572 1327 4637 tiunt:
1368 4592 1469 4654 quum
1503 4572 1629 4637 interea
1660 4570 1752 4654 impii
1785 4570 1925 4636 affluant
1961 4568 2054 4634 bonis
2087 4568 2195 4634 omnis

198 4659 320 4724 tionem
366 4658 586 4724 sustinebunt.
647 4656 785 4723 Modum
824 4656 962 4721 vooandi
1005 4658 1170 4740 exprimit,
1222 4657 1363 4742 generis,
1385 4665 1482 4740 atque
1501 4656 1542 4722 ad
1565 4657 1680 4721 luxum
1702 4663 1736 4721 et
1752 4654 2041 4740 intemperantiam
2059 4654 2198 4718 abutan-

197 4743 285 4827 qnod
308 4744 459 4809 hortatus
477 4743 637 4827 populum
657 4744 756 4809 fuerit
784 4760 843 4825 per
872 4742 1058 4825 propbetas.
1103 4743 1171 4808 Lo·
1223 4750 1287 4807 tur.
1343 4742 1410 4808 Sed
1443 4742 1685 4808 observandum
1719 4752 1769 4807 est
1807 4760 1946 4824 regnum
1986 4738 2112 4805 Obristi
2144 4737 2199 4804 hio

197 4829 321 4912 quendi
354 4831 442 4893 enim
475 4829 575 4894 verbo
606 4830 656 4895 bis
688 4827 774 4893 idem
815 4827 952 4911 repetit,
992 4837 1031 4893 nt
1070 4829 1171 4894 moris
1223 4825 1362 4893 deseribi
1383 4827 1444 4893 sub
1467 4828 1592 4911 figuris,
1621 4826 1773 4910 quoniam
1797 4827 1892 4893 aliter
1913 4825 2023 4909 ipsum
2052 4844 2197 4907 eompre-

198 4915 359 4980 Habraeis
382 4934 453 4979 esse
483 4915 547 4979 iam
575 4921 674 4979 antea
705 4913 858 4978 diximus.
901 4910 1028 4979 Αιιάινο
1056 4913 1172 4978 Domi·
1223 4912 1367 4978 bendere
1388 4933 1453 4976 non
1477 4932 1653 4995 possemus.
1698 4911 1777 4978 Ideo
1803 4911 1982 4996 prophetae
2012 4908 2197 4974 similitudi·

197 5020 278 5066 num
312 5009 362 5065 est
390 4999 524 5082 obsequi
553 5000 653 5065 verbo
681 4998 793 5082 ipsius.
843 4998 936 5063 Leve
968 4999 1057 5063 enim
1086 5009 1171 5064 esset
1223 5018 1283 5064 nes
1305 4998 1431 5063 duonnt
1453 5017 1472 5061 a
1494 4999 1605 5081 regnis
1628 4999 1784 5076 terrenis,
1814 4995 1990 5078 inquibus
2018 4995 2097 5059 dum
2119 5014 2199 5075 opu·

197 5083 442 5151 aoeommodare
475 5104 589 5162 aurea,
627 5084 691 5149 nisi
721 5082 1021 5167 obtemperaremus
1054 5085 1170 5150 verbor
1222 5083 1327 5148 lentia
1344 5084 1439 5148 floret
1453 5083 1604 5166 populus,
1627 5084 1787 5167 bonisque
1801 5082 1908 5147 omnis
1923 5080 2055 5164 generis
2071 5080 2199 5154 fruitur,

197 5171 294 5253 idque
323 5169 484 5237 aoeideret
515 5169 602 5251 quod
635 5170 754 5235 dieitur
785 5170 819 5234 in
852 5167 1043 5252 proverbio,
1076 5169 1170 5234 Asini
1222 5170 1398 5251 oonspioua
1437 5176 1487 5233 est
1526 5169 1591 5233 Dei
1630 5168 1813 5234 benedietio
1852 5186 1892 5231 ex
1938 5186 2003 5249 qua
2047 5174 2200 5232 oensetnr

198 5256 333 5323 auribus
366 5264 528 5323 annuunt.
582 5253 675 5321 Dens
714 5255 802 5320 enim
842 5275 885 5320 ex
924 5255 1034 5321 animo
1066 5254 1172 5320 audiri
1223 5263 1383 5337 paternus
1405 5254 1478 5319 eius
1500 5273 1607 5320 amor:
1628 5253 1686 5320 sed
1708 5255 1783 5339 quia
1805 5255 1840 5317 in
1863 5252 2004 5318 terrenis
2021 5250 2200 5318 eommodis
