4784 5970
205 374 266 440 165
1042 372 1193 442 CAPUT
1214 372 1362 439 XLVII.
2143 378 2207 445 166

202 564 312 629 minus
349 582 383 628 se
419 557 660 643 redemptorem
699 580 738 626 ac
771 559 934 627 vindicem
975 558 1087 645 populi
1126 562 1176 626 sui
1229 559 1340 659 populi
1363 559 1415 626 sui
1436 580 1549 628 curam
1571 581 1644 627 cum
1676 561 1816 627 foederis
1845 563 2002 630 memorie
2031 564 2204 632 obiiceret:

201 649 347 734 praebet.
381 647 515 712 Soucbts
531 646 674 712 Israelis
706 647 756 711 Ao
773 648 800 713 si
820 647 951 726 diceret,
970 667 1037 712 non
1055 645 1177 711 frustra
1228 647 1326 729 rdqne
1348 655 1438 729 patet
1460 656 1530 710 tum
1553 668 1596 712 ex
1618 660 1747 723 eventu,
1773 657 1846 712 tum
1867 670 1909 714 ex
1931 670 1970 714 eo
1991 651 2076 733 quod
2099 672 2203 735 popu·

202 735 340 801 electum
364 753 435 799 esse
456 733 545 798 hune
567 731 734 816 populum,
756 741 788 797 et
810 741 1021 818 segregatum
1043 732 1083 797 ab
1101 731 1176 798 aliis
1229 732 1299 798 lum
1317 754 1412 798 suum
1431 753 1548 798 vocare
1566 731 1672 799 adhue
1691 732 1854 816 dignetur,
1878 734 1932 817 qui
1952 744 2063 803 tamen
2082 756 2204 820 magna

202 819 375 904 gentibus:
414 822 451 882 in
485 839 523 882 eo
558 817 660 900 igitur
698 818 863 902 potentiae
898 839 977 885 suae
1011 819 1176 901 specimen
1229 839 1272 882 cx
1294 828 1385 901 parte
1411 828 1482 884 erat
1511 818 1652 899 alienus,
1685 839 1846 903 quemque
1875 820 1998 904 optimo
2028 822 2099 887 iure
2127 843 2203 905 pro·

200 907 298 971 edere
326 904 447 987 voluit,
481 913 579 986 atque
607 901 680 969 ideo
712 906 814 970 motti
845 904 975 970 titulum
1010 904 1176 989 potentiae
1228 905 1408 969 sanaverat.
1454 902 1522 971 Sed
1543 903 1705 970 rationem
1734 904 1833 970 habet
1861 904 1999 972 foederis
2024 908 2092 985 sui,
2122 907 2202 973 dum

201 990 379 1058 coniunxit.
1228 991 1275 1054 ita
1295 989 1447 1071 loquitur.
1484 988 1656 1075 Originum
1679 989 1821 1056 enimet
1844 991 2092 1057 tundamentum
2115 1012 2202 1076 spec

287 1077 317 1141 5.
351 1073 444 1160 (Sede
466 1074 596 1161 quieto.)
639 1075 854 1158 Prosequitur
883 1075 970 1141 idem
1000 1096 1176 1158 argumen·
1228 1083 1293 1139 tat:
1328 1085 1368 1139 ut
1398 1089 1594 1141 censeantur
1627 1096 1668 1141 ex
1703 1076 1822 1160 populo
1852 1077 1913 1141 Dei
1947 1078 2004 1159 qni
2035 1086 2130 1144 erant
2161 1079 2202 1145 ab

200 1172 286 1226 tum:
310 1171 408 1245 atque
430 1159 572 1225 ostendit
593 1162 693 1226 finem
711 1160 920 1228 monarchiae
935 1160 1174 1228 Chaldaeorum
1227 1159 1416 1225 Abrahamc
1433 1161 1574 1226 oriundi:
1594 1163 1724 1228 temetsi
1741 1162 1928 1246 paucissimi
1944 1183 2023 1228 vere
2037 1162 2079 1228 ad
2093 1163 2201 1246 ipsum

201 1249 333 1313 instare.
379 1245 476 1327 Quod
499 1246 663 1312 autemid
686 1247 876 1313 incredibile
898 1245 1072 1325 videretur,
1102 1247 1175 1313 ideo
1227 1246 1439 1329 pertinerent,
1462 1259 1494 1310 et
1511 1247 1602 1311 inani
1620 1247 1692 1312 eius
1710 1248 1807 1314 titulo
1826 1248 2055 1330 gloriarentur.
2086 1249 2202 1332 Itaque

200 1334 350 1416 pluribus
373 1333 481 1399 verbis
502 1331 587 1396 idem
621 1333 754 1415 repetit,
787 1339 886 1417 atque
914 1333 1058 1398 inculcet
1089 1333 1174 1416 quod
1227 1353 1346 1397 nomeu
1377 1332 1444 1397 irae
1466 1333 1501 1397 in
1524 1333 1693 1415 scripturis
1723 1333 1763 1398 ad
1786 1334 1942 1399 affectum
1964 1332 2027 1400 Dei
2058 1335 2202 1400 referen-

200 1421 333 1485 brevius
362 1417 426 1483 dici
457 1419 631 1501 potuisset:
663 1417 808 1502 adeoque
843 1421 1062 1504 hypotyposes
1095 1422 1174 1485 istas
1227 1417 1304 1482 dum
1324 1439 1389 1482 non
1408 1426 1469 1497 est,
1492 1419 1549 1500 qui
1567 1419 1696 1484 salvum
1718 1419 1810 1501 cupit
1831 1418 1989 1503 populum
2008 1441 2118 1485 snum:
2142 1419 2201 1485 sed

201 1506 371 1588 proponit,
412 1514 449 1569 ut
482 1502 584 1568 veluti
617 1504 650 1568 in
684 1526 753 1571 rem
785 1515 988 1589 praesentem
1023 1504 1172 1570 adducat.
1226 1503 1267 1567 ad
1285 1525 1346 1568 nos
1365 1504 1462 1586 ipsos,
1482 1506 1536 1586 qui
1555 1525 1628 1568 eum
1648 1503 1823 1571 sceleribus
1841 1506 1962 1570 nostris
1979 1525 2200 1588 provocamus.

202 1591 297 1672 Quod
319 1588 431 1656 sedere
454 1609 491 1654 ao
509 1588 606 1654 silere
627 1590 733 1673 ipsam
756 1592 854 1671 iubet,
876 1590 1008 1673 pudoris
1027 1589 1081 1654 vel
1098 1610 1172 1673 pro·
1225 1588 1351 1653 Iustam
1374 1590 1461 1654 enim
1490 1589 1651 1656 irascendi
1680 1610 1810 1655 causam
1838 1590 1952 1655 habet:
1984 1591 2115 1656 tametsi
2141 1611 2201 1658 uos

200 1676 251 1740 bri
274 1675 430 1741 indicium
453 1682 511 1740 est.
555 1674 753 1759 Quanquam
780 1687 888 1760 potest
918 1676 978 1743 hoc
1005 1677 1172 1741 silentium
1225 1695 1336 1739 amaro
1365 1695 1431 1739 nou
1461 1675 1596 1741 desinat.
1642 1673 1698 1741 Sin
1726 1675 1828 1758 igitur
1850 1676 2001 1758 profanat
2029 1677 2200 1743 ecclesiam

199 1762 338 1843 pristino
367 1761 467 1826 statui
497 1763 625 1844 opponi,
659 1763 735 1826 dum
766 1762 961 1846 imperabat:
996 1762 1070 1844 quia
1094 1768 1173 1828 tunc
1224 1758 1327 1840 suam,
1349 1760 1381 1824 id
1400 1771 1459 1838 est,
1482 1762 1659 1843 prostituit,
1682 1771 1714 1826 et
1731 1760 1875 1826 hostium
1893 1762 2036 1844 praedae
2056 1762 2200 1845 exponit,

199 1868 264 1912 non
294 1845 391 1911 modo
420 1847 591 1912 sublimius
613 1846 717 1912 veluti
744 1861 940 1932 esuggestu
969 1847 1172 1929 loquebatur,
1224 1857 1349 1912 utnon
1374 1857 1508 1930 pereant
1534 1847 1645 1927 electi,
1677 1869 1736 1912 nec
1758 1857 1928 1912 aeternum
1957 1846 2073 1914 foedus
2095 1849 2201 1932 ipsius

198 1934 254 1999 sed
279 1932 472 2017 personabat
500 1951 622 2015 magno
645 1934 803 2017 strepitu,
831 1935 963 2015 suisque
986 1933 1102 1998 edictis
1124 1943 1172 1996 to·
1224 1933 1374 1998 violetur.
1409 1936 1517 2015 Atque
1539 1935 1666 1998 interea
1685 1933 1926 1998 misericordiae
1945 1954 2023 1998 suae
2040 1935 2075 1998 in
2091 1933 2200 1999 medio

199 2033 270 2083 tum
303 2018 475 2084 Orientem
509 2017 666 2082 terrebat:
703 2040 792 2084 nunc
824 2029 952 2084 mutata
984 2019 1172 2085 conditione
1224 2018 1292 2083 irae
1313 2018 1477 2083 Dominus
1502 2019 1697 2096 recordatur,
1725 2031 1758 2083 et
1780 2017 1969 2084 moderatur
1990 2018 2105 2103 plagas
2127 2020 2198 2102 qui-

199 2107 302 2186 ipsam
335 2105 467 2169 tacitam
497 2102 610 2169 sedere
635 2104 741 2168 iubet:
770 2104 934 2187 quianon
958 2104 1052 2170 modo
1075 2105 1171 2169 terri·
1224 2101 1284 2168 bus
1305 2105 1339 2168 in
1363 2103 1519 2187 populum
1551 2104 1795 2170 animadvertit.
1840 2103 1966 2169 Poenas
1995 2107 2092 2170 etiam
2121 2115 2195 2170 tan·

196 2191 276 2255 ficas
299 2209 394 2253 voces
417 2189 512 2253 edere
535 2211 598 2253 non
623 2186 772 2265 audebit,
806 2190 863 2254 sed
887 2212 927 2254 ne
951 2190 1069 2255 leviter
1099 2192 1170 2272 qui·
1224 2185 1297 2251 dem
1321 2188 1361 2254 de
1382 2190 1422 2255 iis
1445 2189 1545 2254 sumit
1567 2192 1624 2272 qui
1647 2191 1679 2254 in
1703 2190 1858 2272 populum
1880 2209 1976 2255 snum
1998 2191 2195 2258 saevierunt.

198 2276 271 2338 dem
294 2276 443 2339 tremere.
478 2274 651 2339 (laetorum
674 2276 826 2356 quoniam
850 2276 981 2341 subiicit
1001 2277 1169 2359 decredere,
1223 2273 1313 2358 Ergo
1346 2276 1373 2338 si
1405 2273 1569 2342 Dominus
1605 2275 1644 2341 ad
1680 2284 1808 2359 tempus
1844 2276 1992 2357 profanat
2025 2276 2196 2342 ecelesiam

197 2362 337 2424 libenter
370 2360 547 2443 amplector
583 2361 723 2441 priorem
756 2381 905 2440 sensum,
944 2370 983 2425 ut
1012 2362 1170 2444 pudorem
1223 2378 1333 2436 suam,
1373 2361 1399 2423 si
1433 2380 1504 2424 cem
1537 2363 1671 2446 tyranni
1705 2360 1880 2427 crudeliter
1912 2362 2117 2444 opprimunt,
2155 2382 2196 2428 ne

196 2446 366 2529 sigulficet.
412 2446 559 2526 Quorum
588 2446 676 2509 enim
706 2455 833 2511 mutata
854 2448 889 2511 in
912 2447 1005 2531 peius
1028 2447 1170 2511 conditio
1222 2446 1431 2511 concidamus
1472 2446 1607 2527 animis,
1647 2447 1702 2513 sed
1743 2447 1784 2512 ad
1825 2446 1911 2512 hanc
1950 2448 2197 2529 promissionem

196 2544 256 2611 est,
279 2552 314 2596 os
337 2553 434 2596 suum
456 2552 534 2614 prae
556 2530 677 2613 pudore
699 2533 883 2610 obstruunt,
910 2542 943 2597 et
965 2532 1024 2597 vix
1046 2531 1171 2596 hiscere
1222 2531 1466 2614 confugiamus,
1511 2531 1576 2612 Qui
1618 2532 1788 2599 barbaram
1829 2533 1915 2598 hanc
1955 2530 2197 2598 Chaldaeorum

197 2618 326 2682 audent.
1222 2616 1461 2681 immanitatem
1490 2618 1581 2681 ullus
1609 2629 1672 2694 est,
1703 2640 1768 2682 non
1792 2620 1901 2683 minus
1922 2618 2061 2682 istorum
2085 2628 2197 2687 trucu-¹

283 2700 454 2787 (Quoniam
475 2721 536 2765 uon
555 2701 607 2781 fiet
628 2702 790 2787 amptius.)
836 2702 965 2767 Scimus
995 2723 1092 2784 quam
1124 2705 1169 2767 la·
1223 2700 1358 2765 lentiam
1381 2702 1566 2768 ulciscetur.
1605 2704 1789 2785 Diligenter
1811 2706 1910 2768 etiam
1933 2702 2114 2768 notandum
2136 2712 2196 2779 est,

198 2789 322 2852 tissime
351 2787 574 2851 monarchiam
607 2786 697 2851 illam
728 2789 887 2869 patuisse,
922 2787 1105 2871 multasque
1133 2809 1170 2855 ac
1223 2805 1287 2849 non
1310 2807 1381 2851 esso
1403 2788 1556 2871 cuiquam
1578 2789 1718 2853 victoria
1740 2789 1948 2864 abutendum,
1978 2789 2070 2852 utin
2092 2790 2196 2871 cepti·

198 2894 334 2957 magnas
369 2874 509 2937 ditiones
548 2872 609 2936 sibi
645 2872 805 2938 subiectas
845 2874 1005 2939 habuisse.
1061 2874 1169 2958 Caput
1222 2891 1281 2937 vos
1314 2873 1456 2952 saeviat,
1494 2874 1766 2956 quemadmodum
1800 2895 1895 2958 saepe
1927 2874 2000 2938 fieri
2033 2873 2194 2941 videmus.

196 2962 285 3023 enim
305 2960 482 3022 multorum
501 2978 678 3040 regnorum
698 2959 769 3022 fuit.
803 2959 982 3041 Propterea
1002 2961 1167 3042 captivum
1221 2956 1382 3024 Homines
1413 2961 1499 3023 euim
1531 2969 1630 3023 exuta
1662 2961 1750 3023 omni
1785 2960 1988 3024 humanitate
2017 2969 2195 3026 vertuntur

198 3045 353 3127 pupulum
377 3043 428 3108 his
451 3044 718 3125 promissionibus
740 3046 861 3108 muniri
884 3047 1040 3127 oportuit,
1072 3055 1169 3128 atque
1221 3044 1256 3106 in
1279 3043 1415 3122 belluas,
1449 3065 1554 3127 neque
1584 3046 1683 3109 aetati
1713 3052 1771 3109 aut
1800 3046 1893 3110 sexui
1925 3057 2063 3128 parcunt
2091 3067 2194 3129 quum

198 3131 364 3195 admoneri
400 3130 439 3193 de
473 3132 543 3193 eius
575 3150 667 3205 casu,
704 3142 740 3194 ut
773 3141 894 3195 certam
928 3131 1044 3196 salutis
1077 3146 1189 3213 spem·
1221 3131 1404 3212 superiores
1426 3151 1461 3195 se
1484 3151 1555 3196 esse
1578 3131 1706 3195 vident:
1730 3142 1763 3195 et
1785 3129 1979 3196 conditionis
2002 3152 2079 3197 suae
2102 3133 2194 3215 peni·

198 3217 306 3281 animo
328 3216 544 3297 conciperent.
1222 3225 1275 3279 tus
1304 3217 1550 3282 obliviscuntur.
1594 3217 1641 3280 Hi
1664 3222 1834 3299 postquam
1864 3217 1957 3281 abusi
1985 3217 2112 3282 fuerint
2139 3238 2196 3300 po·

283 3303 312 3367 6.
338 3301 463 3385 (Iratus
483 3299 558 3385 fut.)
602 3299 780 3383 Occupatio
802 3310 852 3367 est
874 3322 938 3384 qua
960 3302 1110 3386 Iudaeos,
1134 3314 1169 3369 ut
1221 3309 1339 3366 testate
1361 3322 1429 3384 sua,
1452 3303 1584 3367 tandem
1607 3303 1741 3386 impune
1759 3304 1888 3368 evasuri
1907 3322 1973 3367 non
1992 3314 2078 3368 sunt.
2109 3304 2195 3368 Nam

197 3389 325 3469 saepius
343 3387 491 3463 antehac,
515 3388 677 3463 admonet,
700 3388 806 3452 exsilii
825 3387 1041 3453 calamitatem
1058 3390 1169 3473 flagei·
1220 3386 1376 3452 iudicium
1399 3390 1468 3453 sine
1490 3388 1713 3455 misericordia
1734 3389 1876 3454 sentient
1896 3389 1952 3469 qui
1971 3387 2196 3454 misericordia

196 3474 264 3537 lum
291 3494 362 3538 esse
391 3472 548 3536 divinitus
577 3473 754 3538 inflictum:
785 3474 861 3556 quia
883 3474 911 3538 si
933 3475 1064 3540 aliunde
1095 3497 1168 3556 pro·
1220 3479 1403 3538 caruerunt.
1440 3472 1619 3554 Quaeritur
1641 3483 1751 3538 temen
1774 3472 1933 3555 quemodo
1955 3474 2193 3555 praescriptum

195 3560 280 3623 fecta
302 3572 396 3632 esset,
419 3557 599 3622 remedium
621 3578 689 3622 non
712 3564 783 3623 erat
803 3560 837 3622 in
856 3580 955 3624 manu
974 3561 1046 3625 Dei.
1078 3562 1166 3646 Ergo
1221 3556 1333 3622 aDeo
1363 3558 1494 3624 modum
1525 3559 1681 3624 excedere
1710 3560 1876 3641 potuerint
1902 3557 2075 3636 Chaldaei,
2106 3580 2144 3625 ac
2165 3560 2193 3624 si

196 3656 235 3710 ut
257 3643 404 3728 persuasi
426 3644 492 3708 sint
514 3643 626 3728 plagas
648 3664 725 3708 suas
746 3642 916 3708 abeodem
941 3647 994 3727 qui
1018 3667 1073 3711 eos
1097 3668 1166 3729 per·
1219 3663 1331 3708 eorum
1355 3643 1455 3708 libido
1478 3644 1568 3709 nullo
1591 3645 1703 3709 fraeno
1727 3644 1956 3709 cohiberetur·
1985 3642 2031 3708 Et
2052 3644 2108 3709 ubi
2130 3645 2195 3710 erit

195 3740 342 3796 cesserat
371 3731 478 3794 sanari
510 3750 621 3811 posse,
651 3729 719 3795 suis
740 3730 879 3810 peccatis
902 3729 1083 3796 adscribere
1112 3754 1167 3797 eos
1219 3728 1315 3794 illud:
1347 3728 1495 3812 (lapillus
1526 3750 1589 3794 non
1619 3729 1712 3793 cadet
1734 3751 1753 3793 a
1774 3730 1881 3811 capite
1904 3737 2014 3794 vestro
2043 3731 2115 3796 sine
2138 3729 2195 3796 de·

196 3817 303 3890 iubet,
333 3815 417 3898 quod
441 3823 507 3878 tam
537 3814 661 3878 duriter
683 3816 828 3897 oppressi
860 3816 990 3880 luerint.
1034 3817 1168 3883 Interea
1218 3822 1307 3879 creto
1330 3815 1432 3897 petris
1454 3816 1581 3880 vestri?
1611 3815 1793 3898 Responsio
1815 3815 1921 3880 facilis
1944 3824 2004 3894 est,
2030 3814 2193 3896 Quamvis

195 3901 235 3964 ad
259 3901 377 3965 bonam
400 3920 492 3982 spem
515 3899 680 3965 hortatur:
710 3899 786 3982 quie
808 3901 939 3964 modum
963 3903 1165 3984 castigationi
1219 3920 1285 3964 non
1315 3901 1413 3965 fuerit
1440 3901 1477 3965 in
1506 3922 1618 3966 eorum
1650 3901 1783 3966 arbitrio
1812 3899 1944 3966 modum
1973 3923 2009 3966 re
2035 3903 2107 3985 ipsa
2135 3923 2194 3967 ex·
2269 3975 2272 3983 ¹

194 3986 288 4051 Deus
313 3985 468 4049 adhibere
490 3985 586 4048 velit:
617 3987 682 4050 imo
704 4006 835 4051 causam
865 3985 950 4053 hano
972 4008 1166 4052 commemo·
1219 3985 1347 4062 cedere,
1381 3988 1521 4069 spectari
1551 4000 1661 4050 tamen
1691 4007 1803 4053 eorum
1836 3987 2083 4070 truculentiam,
2117 3988 2194 4071 quia

194 4083 262 4149 rat,
296 4091 354 4135 cnr
386 4069 545 4152 perdendi
578 4070 645 4134 sint
675 4070 850 4148 Chaldaei,
885 4074 961 4154 quia
990 4072 1082 4138 Deus
1113 4077 1167 4155 qui
1218 4072 1354 4136 miseros
1380 4083 1413 4136 ot
1435 4072 1597 4156 supplices
1626 4093 1759 4154 prorsus
1787 4073 1894 4138 delere
1923 4073 2030 4137 conati
2061 4075 2195 4139 fuerint.

194 4159 300 4221 iustus
332 4166 383 4222 est
410 4155 533 4220 vindex
567 4154 770 4221 crudelitatis
803 4167 837 4222 et
865 4157 1030 4237 saevitiae,
1064 4160 1167 4226 multo
1220 4156 1276 4223 Sic
1292 4156 1378 4241 apud
1389 4157 1582 4223 Zachariam
1597 4157 1640 4244 (1,
1654 4158 1708 4244 15)
1723 4159 1763 4222 de
1775 4159 1922 4242 gentium
1940 4158 2194 4243 intemperentia

194 4244 299 4325 magis
328 4242 466 4306 iniurias
495 4239 613 4323 populo
642 4259 701 4306 suo
724 4241 832 4307 illatas
855 4243 1040 4309 ulciscetur.
1085 4244 1167 4310 an-
1218 4244 1446 4325 conqueritur:
1476 4245 1676 4326 quicquum
1705 4245 1871 4327 paulisper
1893 4244 1997 4310 iratus
2027 4256 2113 4310 esset
2135 4266 2193 4328 po·

196 4334 303 4392 terum
331 4329 438 4410 priore
463 4328 609 4392 membro
633 4325 771 4392 Iudaeos
793 4329 833 4393 ad
856 4330 1087 4410 poenitentiam
1111 4351 1166 4396 vo·
1218 4327 1295 4410 pulo
1318 4348 1387 4408 suo,
1417 4329 1560 4394 violento
1588 4332 1713 4413 impetu
1736 4330 1776 4394 ad
1800 4351 1874 4395 eum
1895 4329 2098 4413 perdendum
2121 4350 2192 4397 sese

194 4425 260 4477 cat:
284 4414 359 4495 quie
381 4424 429 4479 tot
450 4413 537 4478 mala
558 4415 627 4478 suis
647 4413 822 4480 sceleribus
844 4414 906 4479 sibi
928 4417 1166 4483 accersiverint.
1218 4417 1421 4496 proiecerint.
1466 4416 1599 4480 Orimen
1622 4436 1701 4480 vero
1722 4425 1908 4500 exaggeret,
1931 4416 2017 4499 quod
2039 4437 2081 4481 ne
2104 4417 2192 4483 seni·

196 4497 324 4562 Deinde
357 4499 538 4564 Chaldaeos
575 4509 722 4578 accusat,
762 4501 847 4581 quod
881 4502 967 4567 hanc
999 4502 1166 4568 saeviendi
1218 4500 1279 4565 bus
1296 4500 1427 4584 quidem
1449 4502 1662 4584 pepercerint,
1685 4503 1801 4584 quibus
1822 4503 2042 4568 reverentiam
2060 4512 2192 4568 natura·

195 4583 397 4649 occasionem
420 4585 629 4669 arripuerint,
651 4585 926 4667 quemadmodum
948 4588 1069 4671 siquis
1092 4610 1168 4672 pue·
1218 4586 1292 4651 liter
1314 4587 1466 4652 conciliet
1488 4596 1587 4652 aetas
1618 4587 1714 4653 Unde
1731 4587 1894 4671 colligitur
1916 4608 2014 4672 quam
2037 4589 2192 4655 immunis

195 4690 286 4747 urm,
323 4689 418 4752 quem
452 4680 545 4752 pater
577 4670 728 4753 castigari
760 4671 911 4750 mandat,
947 4675 1167 4741 excarnificat.
1218 4672 1316 4737 luerit
1339 4692 1449 4737 eorum
1471 4672 1562 4737 furor
1584 4681 1698 4738 contra
1721 4673 1830 4738 hostes
1853 4684 2005 4740 armatos.

196 4755 292 4821 Unde
322 4755 468 4837 sequitur
500 4756 623 4821 frustra
652 4756 822 4839 superbire
850 4756 1042 4838 Chaldaeos,
1074 4764 1165 4842 quasi
1304 4759 1333 4823 t.
1366 4756 1424 4843 (Et
1445 4758 1573 4835 dixisti,
1602 4778 1653 4823 ero
1683 4759 1719 4822 ia
1749 4764 1908 4824 αειθνιιιιιιι
1929 4758 2082 4843 domiuo.)
2125 4758 2192 4828 Hie

196 4841 341 4924 potentia
363 4861 423 4906 sue
444 4839 582 4907 Iudaeos
612 4841 691 4907 sube
734 4841 817 4918 rint,
847 4851 881 4906 et
901 4842 1102 4910 abduxerint
1130 4848 1166 4911 in
1217 4845 1475 4930 Babyloniorum
1508 4842 1694 4926 snperbiam
1728 4853 1836 4922 notat,
1877 4844 1961 4927 quod
1998 4854 2193 4927 perpetuum

195 4927 433 5010 captivitatem:
455 4926 534 5008 quin
557 4929 666 5010 potius
707 4947 762 4993 um
779 4948 949 5011 perperam
972 4929 1065 4996 abusi
1088 4941 1167 4997 sunt
1217 4931 1278 4996 sibi
1302 4930 1506 4996 dominatum
1528 4928 1768 5011 pollicerentur,
1789 4951 1851 4996 nec
1869 4930 1936 4994 ullo
1954 4929 2092 4996 adverso
2113 4952 2193 4999 casu

196 5012 351 5092 victoria,
381 5016 415 5077 et
442 5010 618 5078 crudeliter
646 5015 790 5096 captivos
819 5019 1018 5093 tractarunt,
1049 5018 1166 5082 merito
1218 5035 1369 5081 corruere
1391 5036 1426 5079 se
1448 5034 1541 5097 posse
1556 5015 1793 5082 existimarent.
1830 5016 1883 5080 Itu
1904 5035 2060 5098 prospero
2081 5037 2191 5084 rerum

195 5117 317 5183 poenas
339 5096 471 5163 daturos
494 5117 574 5163 esse.
614 5098 711 5179 Quod
734 5108 843 5165 cutem
866 5120 901 5166 se
922 5101 1043 5166 iratum
1065 5101 1165 5168 fumeo
1218 5109 1305 5166 statu
1334 5098 1540 5166 inebriantur
1566 5100 1625 5165 filii
1653 5102 1750 5167 huius
1783 5102 1913 5183 mundi,
1947 5109 2046 5186 etque
2076 5123 2191 5171 omnes

196 5184 284 5261 dicit,
314 5191 411 5266 atque
433 5182 507 5249 ideo
529 5182 763 5250 haereditatem
784 5206 878 5252 suam
900 5187 1097 5271 profanasse,
1122 5209 1165 5253 ne
1218 5207 1295 5270 prae
1317 5208 1352 5253 se
1383 5186 1574 5269 despiciunt.
1618 5188 1716 5255 Hanc
1742 5208 1821 5252 vero
1850 5187 2078 5255 confidentiam
2106 5188 2192 5256 ridet

195 5280 347 5352 putemus
374 5269 509 5337 consilio
538 5277 680 5349 mutato,
710 5272 756 5334 ita
784 5272 884 5338 fuisse
918 5272 1095 5353 offensum,
1130 5283 1166 5339 ut
1217 5273 1329 5353 Isaias,
1351 5281 1448 5356 atque
1471 5273 1542 5339 Deo
1564 5294 1769 5358 summopere
1790 5293 1923 5339 exosam
1946 5296 2017 5341 esse
2039 5276 2189 5343 ostendit

1936 5378 1986 5431 11·
