4784 5970
195 375 237 441 93
1044 373 1194 442 CAPUT
1215 372 1346 440 XLIII.
1589 315 1593 325 ·
2147 381 2191 447 94

196 565 265 631 dos.
309 567 358 630 Ac
381 566 409 631 si
432 565 564 644 diceret,
594 562 757 629 Dominus
779 563 833 647 qui
856 561 1009 645 loquitur,
1039 563 1171 646 reipsa
1221 562 1324 645 ultra,
1354 562 1448 628 Vivit
1476 561 1640 629 Dominus
1672 565 1728 647 qui
1760 563 1873 630 eduxit
1904 566 1988 631 filios
2017 566 2118 634 Israel
2151 568 2191 636 de

197 650 347 718 ostendet
383 660 506 734 quanta
542 652 585 716 sit
621 651 787 733 potentiae
827 650 928 732 ipsius
965 647 1169 732 magnitudo.
1221 657 1309 714 terra
1331 648 1494 734 Aegypti:
1527 649 1599 728 sed,
1629 650 1724 715 Vivit
1745 649 1907 717 Dominus
1936 652 1990 735 qui
2016 653 2130 719 eduxit
2157 668 2192 720 et

197 739 314 804 Patres
338 736 438 802 vestri
460 736 589 819 experti
612 750 706 801 sunt:
729 756 790 800 vcs
807 755 873 800 888
892 735 1002 799 minus
1025 735 1171 817 experie·
1221 734 1359 800 adduxit
1384 756 1496 801 semen
1519 735 1636 801 domus
1658 735 1763 800 Israel
1785 736 1826 801 de
1847 745 1936 802 terra
1958 738 2128 822 aquilonis,
2158 751 2192 807 et

197 823 289 890 mini.
333 822 461 907 Ingrati
490 832 599 888 autem
629 843 742 887 sumus
764 821 835 886 Deo
856 821 920 885 nisi
943 841 986 885 ex
1008 818 1170 903 prioribus
1221 820 1261 885 de
1282 821 1410 887 cunctis
1439 821 1535 887 terris
1556 820 1597 886 ad
1620 842 1700 904 quas
1729 821 1887 887 eieceram
1908 844 1980 889 eos:
2009 833 2042 889 81
2064 825 2191 892 habita·

197 909 363 976 beneficiis
382 929 472 992 spem
491 910 589 973 etiam
607 908 642 972 in
661 919 825 989 posterum
843 906 1056 989 concipimus:
1079 927 1170 989 prae-
1220 906 1303 972 bunt
1332 907 1367 971 in
1398 915 1487 972 terra
1516 927 1583 973 sua.
1634 906 1674 971 18
1704 927 1832 972 summa
1865 909 2077 991 posteriorem
2107 911 2191 979 hano

198 995 311 1060 sertim
343 993 399 1059 ubi
432 1006 558 1060 certum
591 1005 624 1059 81
656 992 784 1057 11188188
817 992 963 1057 88811881
998 1012 1077 1074 arga
1108 1010 1170 1056 888
1220 992 1494 1076 redemptionem,
1528 994 1556 1058 si
1588 1013 1661 1059 cum
1694 993 1802 1075 priore
1834 1004 2056 1076 comparetur,
2095 996 2191 1081 longe

198 1080 319 1146 lavaris
342 1080 569 1145 documentum
594 1078 689 1144 edere
711 1078 825 1143 voluit.
869 1077 943 1142 Hac
964 1084 1074 1141 autem
1097 1076 1170 1160 lege
1220 1078 1430 1144 illustriorem
1452 1078 1521 1144 fore
1543 1077 1693 1143 ostendit.
1733 1077 1830 1144 Unde
1852 1081 1999 1162 sequitur
2021 1100 2191 1164 perperam

198 1166 358 1231 eduxerat
379 1166 518 1230 Iudaeos
547 1186 587 1230 ex
611 1165 774 1248 Aegypto,
805 1170 843 1228 ut
871 1183 1040 1244 nunquam
1069 1165 1170 1226 inter·
1221 1164 1412 1229 vaticinium
1435 1163 1495 1230 hoc
1518 1164 1674 1247 restringi
1692 1162 1732 1227 ad
1751 1185 1870 1247 paucos
1888 1186 2005 1231 annos:
2028 1167 2104 1249 quia
2120 1190 2193 1252 pro-

197 1251 318 1316 cideret
346 1251 548 1316 liberationis
576 1249 718 1315 effectus.
763 1248 873 1314 Deum
894 1249 994 1333 igitur
1023 1248 1113 1330 quasi
1136 1250 1168 1311 in
1220 1270 1353 1333 gressus
1375 1271 1394 1315 a
1416 1270 1474 1314 suc
1502 1250 1636 1315 exordio
1670 1269 1735 1313 non
1766 1261 1896 1332 separat
1925 1252 2101 1336 propheta,
2135 1254 2191 1319 sed

198 1358 234 1402 re
263 1337 429 1420 praesenti
461 1336 563 1415 locat,
596 1343 630 1399 et
659 1333 799 1399 eundem
828 1354 899 1399 esse
928 1332 1081 1398 admonet
1113 1335 1169 1416 881
1221 1339 1363 1402 fructum
1393 1334 1518 1401 reditus
1544 1334 1584 1398 ad
1607 1334 1775 1401 Christum
1806 1357 1908 1418 usque
1938 1337 2102 1421 extendit,
2135 1341 2191 1422 qui

198 1422 367 1488 obstacula
396 1421 557 1505 quaelibet
583 1421 704 1485 virtute
726 1439 786 1485 sua
810 1420 992 1502 superavit,
1026 1430 1064 1483 ut
1086 1430 1170 1484 essct
1221 1443 1279 1487 suo
1302 1421 1446 1487 advent-u
1468 1438 1547 1487 vere
1569 1420 1674 1485 erexit
1696 1420 1914 1486 sacerdotium
1938 1432 1970 1487 et
1992 1443 2140 1506 reguum.

197 1508 308 1590 populi
331 1508 381 1573 sui
404 1507 597 1589 redemptor.
636 1505 730 1571 'Iunc
752 1507 838 1569 88188
862 1506 949 1569 viam
972 1505 1090 1570 stravit
1112 1525 1171 1588 per
1308 1507 1358 1572 19.
1382 1504 1474 1592 (Ecce
1500 1526 1553 1589 epo
1579 1506 1664 1588 sotio
1692 1527 1757 1572 rem
1784 1506 1919 1592 aevum.)
1960 1507 2049 1574 Hinc
2071 1510 2191 1575 clarius

197 1613 303 1658 mare:
334 1592 449 1658 deiude
472 1613 530 1675 per
552 1611 654 1674 aquas
678 1590 846 1668 violentas,
876 1591 909 1655 id
933 1599 992 1670 est,
1022 1610 1080 1672 per
1101 1590 1169 1654 Ior-
1222 1592 1324 1675 liquet
1345 1592 1422 1676 quid
1440 1592 1581 1657 voluerit
1597 1591 1758 1674 propheta
1776 1595 1943 1675 superiore
1957 1615 2064 1660 versu.
2099 1594 2192 1679 Opus

198 1677 325 1756 danem,
356 1698 463 1761 quem,
486 1678 618 1742 tametsi
642 1676 868 1760 rapidissimus
891 1686 985 1755 esset,
1006 1676 1170 1741 Dominus
1221 1680 1307 1744 enim
1331 1699 1465 1759 novum,
1488 1677 1520 1741 id
1545 1687 1602 1757 est,
1624 1677 1806 1743 inauditum
1825 1687 1922 1760 atque
1939 1679 2107 1745 insolitum
2124 1683 2192 1748 1888

198 1764 384 1830 exsiccavit.
407 1763 516 1846 Atque
532 1760 695 1847 stupenda
711 1763 790 1828 haec
806 1761 962 1828 miracula
978 1762 1169 1825 nominatim
1221 1765 1420 1847 pronuntiat,
1444 1775 1477 1828 et
1499 1763 1583 1847 quod
1605 1783 1683 1846 prae
1705 1763 1931 1848 magnitudine
1949 1776 1982 1828 et
1999 1766 2193 1833 excellentia

197 1861 445 1929 commemorat,
483 1850 636 1931 quoniam
670 1849 858 1913 existimare
895 1856 1045 1930 poterant
1078 1868 1168 1929 prae·
1220 1871 1281 1915 sua
1311 1851 1457 1914 omnium
1488 1848 1627 1913 aliorum
1655 1850 1775 1913 famam
1805 1847 1971 1915 obscuret:
2005 1873 2070 1916 non
2098 1853 2194 1918 aliter

197 1935 322 2001 clusum
346 1935 407 1999 sibi
430 1936 464 1998 in
488 1934 643 1999 Iudaeam
675 1933 834 2016 reditum,
864 1945 961 2015 atque
988 1932 1169 1998 fabulosum
1221 1957 1258 2001 ac
1291 1935 1368 2000 solis
1399 1935 1523 2017 fulgor,
1557 1933 1634 1998 dum
1667 1934 1791 1999 coelum
1826 1949 1858 1998 et
1891 1946 2013 2000 terram
2048 1947 2193 2022 occupat,

198 2041 268 2086 esse
291 2018 447 2102 quidquid
471 2019 510 2084 de
532 2041 569 2084 eo
591 2019 849 2101 promittebatur.
1220 2021 1331 2086 stellas
1364 2040 1383 2083 a
1416 2030 1589 2102 conspectu
1622 2017 1782 2084 subducit.
1827 2020 1957 2085 Etiam
1988 2024 2193 2089 exoriturum

286 2105 336 2169 17.
370 2104 487 2190 (Quam
516 2106 625 2185 educit,
654 2118 769 2170 888888
796 2102 971 2188 8188888.)
1016 2101 1170 2168 Ostendit
1220 2107 1330 2172 dicens
1360 2105 1521 2189 siguificat
1549 2126 1616 2168 nou
1645 2103 1781 2188 longum
1807 2106 1873 2170 lore
1903 2118 2040 2189 tempus.
2091 2111 2192 2192 Atqui

198 2191 309 2255 nullas
332 2191 419 2256 vires
442 2200 501 2256 aut
521 2192 631 2275 copias
653 2189 885 2273 impedimento
907 2190 976 2253 lore
998 2189 1170 2271 quominus
1221 2212 1288 2255 888
1311 2205 1378 2256 tam
1401 2191 1463 2256 cito
1484 2190 1564 2255 haec
1586 2189 1721 2273 impleta
1743 2202 1829 2256 sunt.
1875 2191 2009 2273 Verum,
2032 2193 2059 2259 si
2082 2194 2192 2260 Deum

199 2276 357 2360 populum
379 2298 475 2342 suum
497 2277 625 2354 liberet,
656 2296 755 2358 quum
778 2276 808 2339 ei
831 2276 938 2341 visum
961 2275 1032 2340 erit.
1076 2274 1169 2338 Mare
1221 2277 1420 2361 respicimus,
1444 2276 1675 2360 quadringenti
1697 2276 1873 2341 autetiam
1892 2277 1981 2343 mille
1996 2280 2073 2343 anni
2088 2280 2193 2346 instar

198 2362 283 2445 quod
320 2363 549 2428 intermedium
587 2372 658 2426 erat
694 2362 823 2426 obstare
857 2362 928 2426 Deo
962 2381 1027 2424 888
1063 2361 1170 2442 881811
1221 2363 1378 2428 momenti
1396 2382 1504 2426 coram
1523 2363 1594 2444 ipsc
1612 2361 1835 2440 aestimantur,
1859 2384 1921 2445 quo
1936 2365 2045 2429 minus
2059 2377 2192 2448 septua-

198 2449 369 2530 quominus
403 2448 555 2514 educeret
593 2447 746 2531 populum
782 2468 895 2511 suum:
937 2445 993 2510 sed
1028 2445 1169 2510 medium
1222 2449 1314 2531 ginta
1341 2468 1503 2512 annorum
1533 2469 1625 2512 mora
1653 2446 1764 2512 debuit
1791 2469 1902 2512 eorum
1932 2451 2057 2516 animos
2086 2452 2191 2517 taedio

199 2535 268 2598 8188
291 2554 420 2599 cursum
444 2535 569 2610 divisit,
604 2546 701 2616 atque
729 2533 938 2613 insequentes
962 2530 1073 2596 hostes
1095 2551 1167 2596 cum
1221 2533 1395 2617 frangere?
1448 2533 1558 2612 Quum
1594 2531 1699 2610 addit,
1728 2554 1771 2598 aa
1799 2553 1859 2597 888
1887 2555 1957 2599 eam
1985 2538 2191 2618 cognoscetis?

198 2621 266 2684 suis
295 2622 396 2701 copiis
429 2632 461 2684 et
490 2619 641 2685 curribus
675 2618 839 2682 demersit.
890 2619 951 2682 Est
980 2617 1083 2699 igitur
1115 2616 1168 2680 hio
1221 2618 1301 2683 haec
1329 2619 1543 2701 interrogatio
1566 2617 1638 2700 plus
1662 2618 1887 2683 vehementiae
1908 2628 2007 2702 atque
2029 2622 2192 2687 efficaciae

198 2704 424 2787 amplificatio:
459 2705 594 2788 perinde
624 2725 661 2769 ac
691 2706 719 2766 si
749 2703 887 2767 diceret:
921 2703 1064 2766 Tametsi
1094 2702 1168 2764 uni·
1221 2705 1334 2781 habet,
1368 2725 1464 2786 quam
1495 2704 1668 2767 affirmatio
1695 2703 1844 2786 simplex.
1895 2705 1956 2768 Est
1985 2715 2091 2770 autem
2122 2707 2190 2772 He·

199 2811 316 2855 versus
346 2790 433 2856 orbis
461 2792 493 2853 in
521 2790 658 2854 exitium
682 2797 826 2852 vestrum
860 2788 1038 2870 conspiret,
1072 2797 1168 2868 atque
1221 2788 2054 2871 18888181888888118888888(188881888118811818.
2087 2791 2190 2856 'Pran-

199 2876 424 2942 liberationem
449 2874 602 2940 ecclesiae
624 2895 716 2938 meae
735 2873 895 2955 impedire
917 2881 1063 2950 conetur,
1085 2870 1167 2935 nibil
1221 2876 1320 2939 situm
1349 2875 1384 2940 in
1413 2875 1539 2940 deserto
1568 2873 1778 2956 promittens,
1812 2874 1926 2939 alludit
1956 2875 1996 2939 ad
2025 2875 2191 2942 desertum

200 2972 309 3026 tamen
332 2963 458 3026 efficiet.
494 2959 582 3041 Quia
603 2981 668 3024 nou
688 2959 784 3023 modo
807 2959 895 3023 viam
916 2957 1168 3023 invenietDeus
1220 2960 1303 3025 illud
1336 2959 1421 3044 quod
1452 2962 1539 3025 inter
1569 2958 1725 3024 Iudaeam
1754 2969 1787 3024 et
1814 2959 2018 3044 Babylonem
2047 2963 2191 3027 medium

199 3068 256 3129 per
285 3046 421 3130 abyssos
453 3045 508 3110 ubi
541 3047 648 3111 visum
682 3045 796 3123 luerit,
829 3044 885 3109 sed
919 3042 1104 3126 profligabit
1136 3052 1169 3106 et
1221 3058 1307 3111 erat:
1332 3048 1409 3129 quia
1431 3046 1471 3112 de
1494 3044 1598 3110 reditu
1622 3045 1735 3128 populi
1756 3046 1976 3110 concionatur.
2016 3047 2095 3111 Ideo
2118 3050 2191 3114 viae

199 3143 324 3197 evertet
346 3152 459 3197 omues
481 3131 636 3196 adversos
658 3138 811 3194 conatus:
843 3129 1026 3212 etquidem
1049 3129 1169 3193 eosita
1221 3132 1370 3216 adiungit
1399 3133 1543 3196 flumina.
1594 3130 1680 3196 Nam
1708 3131 1771 3196 iter
1801 3131 1945 3198 faciendo
1978 3153 2035 3214 per
2066 3133 2191 3198 aridam

199 3228 352 3295 conteret,
376 3227 411 3282 ut
427 3218 463 3281 18
481 3226 647 3299 posterum
669 3237 704 3281 se
722 3235 788 3279 non
810 3217 956 3281 efferant.
990 3213 1075 3278 Nam
1095 3213 1168 3277 fieri
1221 3220 1399 3302 regionem,
1418 3218 1474 3282 siti
1492 3237 1637 3283 arescere
1656 3236 1693 3282 ac
1710 3217 1816 3300 perire
1833 3219 2026 3299 8818188881.
2056 3219 2192 3302 Ρ88818·

200 3316 320 3387 881881,
350 3312 386 3367 81
408 3303 463 3386 881
485 3305 518 3367 18
542 3323 606 3367 888
627 3301 748 3384 praelio
770 3300 876 3366 victus
903 3301 1003 3365 fuerit
1024 3299 1168 3365 redinte·
1221 3326 1278 3369 rea
1306 3303 1468 3368 Dominus
1499 3323 1598 3385 aquas
1628 3312 1661 3367 et
1689 3304 1799 3367 omnia
1827 3302 1867 3366 ad
1897 3311 2112 3368 commeatum
2135 3327 2191 3369 ne·

200 3399 272 3473 gret
300 3388 332 3452 in
362 3389 465 3453 altero
494 3387 597 3465 vires,
631 3396 728 3470 atque
758 3388 904 3469 superior
934 3385 1061 3451 evadat.
1104 3385 1170 3450 Hic
1221 3390 1360 3455 cessaria
1400 3388 1684 3471 suppeditaturum
1725 3409 1758 3452 se
1793 3387 1886 3468 dicit,
1926 3387 2060 3471 perinde
2093 3409 2130 3453 ae
2163 3391 2191 3454 si

199 3484 307 3539 autem
331 3475 493 3539 Dominus
514 3481 706 3558 perpetuam
730 3473 900 3538 victoriam
922 3473 1100 3555 promittit:
1123 3471 1170 3536 sic
1222 3475 1358 3541 diceret:
1395 3475 1581 3556 Prosequar
1621 3494 1679 3537 vos
1714 3474 1848 3551 viatico,
1887 3483 1925 3537 ut
1957 3495 2010 3537 me
2042 3473 2123 3538 duco
2156 3476 2190 3538 18

199 3562 283 3625 euim
320 3558 431 3626 hostes
463 3570 663 3644 prostratum
694 3558 734 3621 iri
763 3560 938 3641 significat,
973 3569 1008 3621 ut
1035 3556 1169 3620 omnino
1221 3563 1360 3643 patriam
1384 3559 1533 3625 redeatis.
1570 3557 1635 3625 Sed
1659 3558 1789 3622 videtur
1811 3557 2000 3624 immodicus
2022 3579 2093 3623 esse
2115 3580 2191 3642 pro·

200 3648 462 3730 exstinguantur.
505 3644 551 3710 Et
573 3647 633 3710 lini
655 3643 870 3709 similitudine
892 3643 997 3726 magis
1018 3643 1172 3723 exprimit
1221 3648 1330 3730 pheta,
1360 3656 1458 3727 atque
1488 3643 1693 3726 hyperbolice
1722 3644 1853 3708 omnino
1874 3643 1972 3726 loqui,
2002 3643 2080 3709 dum
2103 3653 2190 3710 tant·

199 3733 343 3796 subitum
363 3733 506 3796 hostium
529 3732 708 3796 interitum.
741 3731 827 3796 Nam
844 3730 950 3794 linum
969 3727 1082 3792 ardere
1100 3728 1169 3810 qui·
1222 3753 1319 3816 opere
1340 3730 1564 3796 liberationem
1588 3729 1673 3794 hano
1691 3729 1827 3794 extollit.
1862 3727 1930 3793 Nec
1948 3732 2034 3795 enim
2052 3730 2190 3814 legimus

200 3817 272 3882 dem
297 3819 464 3882 ³011¹0⁰rfl
486 3827 599 3899 1101681.
623 3815 680 3882 8θᾶ
704 3817 853 3897 Protinus
875 3814 1089 3880 consumitur·
1221 3837 1377 3884 conversa
1405 3818 1439 3880 in
1466 3815 1655 3898 sanguinem
1678 3816 1824 3892 flumina,
1854 3813 2005 3880 tenebras
2026 3816 2060 3879 in
2082 3837 2191 3881 aerem

287 3903 336 3968 18.
360 3900 425 3986 (Ne
445 3903 648 3967 recordemini
663 3900 835 3988 88188888.)
871 3899 1043 3964 Hactenus
1065 3906 1170 3963 osten·
1222 3924 1360 3987 sparsas,
1389 3900 1624 3985 primogenitos
1649 3921 1769 3979 caesos,
1797 3900 1942 3965 immissa
1963 3900 2086 3965 insecta
2106 3922 2190 3983 quae

201 3988 248 4051 dit
271 3988 431 4071 propheta
461 3998 583 4070 quanta
612 3987 711 4051 188811
741 3986 885 4070 88188118
907 3985 971 4050 Ι)81
993 3986 1027 4048 18
1050 3984 1169 4067 888818
1221 3999 1321 4053 totam
1352 3988 1516 4071 regionem
1539 3984 1672 4068 depasta
1693 3987 1767 4065 sint,
1798 3995 1831 4051 81
1853 3985 1916 4049 8118
1937 3985 2093 4051 eiusmodi
2114 4008 2189 4070 por·

192 4072 382 4151 liberando,
421 4094 507 4138 nunc
541 4072 703 4155 significat
736 4074 844 4137 omnia
877 4068 1050 4151 miracula,
1086 4090 1169 4151 quae
1221 4081 1329 4149 teuta,
1362 4094 1444 4155 quae
1476 4072 1509 4135 in
1542 4071 1694 4154 Aegypto
1727 4071 1925 4138 acciderunt
1977 4070 2068 4135 Nihil
2101 4072 2189 4137 enim

200 4158 291 4224 Deus
321 4158 421 4224 edidit
449 4159 483 4222 18
506 4160 612 4240 prima
641 4156 698 4220 1118
727 4158 949 4241 redemptione
979 4155 1073 4240 parvi
1101 4176 1167 4220 mo·
1223 4161 1286 4224 tale
1315 4159 1349 4223 iu
1371 4157 1541 4241 Babylone
1570 4159 1691 4223 editum
1721 4164 1778 4221 est.
1824 4156 1912 4236 Quid
1934 4176 2012 4240 ergo
2035 4158 2094 4222 sibi
2117 4158 2191 4223 vult

201 4245 304 4309 menti
337 4245 437 4310 fuisse
469 4264 548 4326 prae
581 4243 813 4325 insignioribus
852 4263 935 4326 8888
967 4242 1065 4325 88818
1097 4251 1170 4324 8881
1221 4246 1301 4310 18888
1323 4265 1410 4308 nova
1432 4241 1635 4327 redemptio?
1679 4242 1753 4308 Hoc
1772 4263 1885 4307 omnes
1906 4243 1973 4307 1888
1995 4243 2190 4324 interpretes

200 4329 326 4395 edenda
343 4341 453 4395 erant:
477 4350 593 4413 nempe
615 4338 741 4394 tantam
762 4329 832 4392 fore
849 4329 985 4412 gloriam
1009 4326 1170 4393 secundae
1220 4331 1415 4397 christianos
1448 4330 1554 4413 coegit
1586 4327 1777 4410 simpliciter
1809 4326 1896 4393 hunc
1928 4328 2035 4394 locum
2066 4329 2105 4392 de
2134 4328 2189 4393 ad·

201 4415 300 4480 huius
327 4416 527 4480 liberationis
550 4424 587 4479 ut
608 4415 749 4498 priorem
778 4413 869 4478 illam
898 4416 1056 4480 obscuret.
1100 4412 1168 4478 Nec
1220 4424 1323 4482 ventu
1345 4415 1469 4482 Christi
1498 4413 1717 4498 interpretari.
1762 4411 1836 4493 Qua
1863 4414 1896 4477 in
1924 4435 1959 4477 88
1982 4413 2070 4478 haud
2093 4412 2190 4479 dubie

202 4502 290 4564 enim
312 4501 386 4565 vult
408 4502 490 4565 tanti
513 4501 663 4566 beneficii
693 4501 898 4564 immemores
928 4520 999 4565 esse
1021 4499 1167 4576 Iudaeos,
1221 4503 1293 4567 18181
1327 4512 1413 4566 8881.
1463 4501 1638 4567 Falluutur
1669 4501 1747 4564 item
1776 4498 1906 4576 Iudaei,
1940 4520 2039 4581 quum
2069 4499 2108 4564 ad
2138 4522 2189 4564 re·

201 4585 284 4668 quod
303 4585 452 4652 omnibus
470 4587 607 4653 saeculis
626 4586 794 4669 celebrari,
817 4586 1045 4667 perpetuisque
1067 4587 1169 4648 moni·
1221 4588 1440 4671 demptionem
1462 4586 1685 4671 babylonicam
1707 4585 1918 4668 restringunt.
1953 4585 2042 4669 Ergo
2063 4595 2101 4649 ut
2122 4586 2188 4649 iam

202 4673 321 4737 mentis
342 4673 526 4755 consignari
549 4673 653 4738 iussit.
692 4671 779 4736 Nam
802 4678 835 4735 et
857 4671 950 4734 initio
972 4670 1054 4754 legis
1077 4691 1167 4753 prae·
1220 4674 1389 4755 aliquoties
1416 4673 1537 4751 monui,
1566 4692 1661 4735 omne
1683 4679 1810 4753 tempus
1831 4669 1912 4734 illud
1934 4671 2019 4753 quod
2040 4669 2188 4752 redemp-

143 4835 145 4839 ,
200 4758 289 4822 18188
317 4759 352 4821 18
383 4757 471 4822 18888
501 4757 649 4823 modum:
683 4759 755 4840 Ego
785 4778 858 4822 sum
886 4755 1048 4821 Dominus
1078 4757 1168 4821 Deus
1221 4761 1342 4825 tionem
1365 4758 1591 4844 babylonicam
1614 4765 1788 4838 sequutum
1808 4765 1867 4839 est,
1889 4777 1990 4839 usque
2008 4755 2048 4819 ad
2065 4755 2189 4820 Christi

202 4852 287 4916 tuus,
310 4844 364 4926 881
386 4850 418 4907 18
440 4843 539 4907 eduxi
561 4843 600 4908 de
619 4856 707 4909 terra
721 4842 875 4926 Aegypti,
899 4841 1051 4906 dedomo
1071 4844 1169 4907 servi·
1221 4845 1407 4924 adventum,
1425 4844 1521 4911 simul
1540 4843 1594 4907 hic
1611 4841 1840 4925 comprehendi
1858 4841 1963 4907 debet.
1995 4841 2190 4922 Redemptio

201 4929 291 4994 tutis.
325 4928 420 4994 Filiis
442 4929 539 4993 etiam
562 4948 581 4991 8
602 4931 748 5010 patribus
770 4929 831 4994 boc
853 4928 981 5011 saepius
1002 4927 1169 5005 inculcari,
1221 4952 1262 4995 ex
1292 4932 1457 5016 Aegypto,
1490 4928 1581 4994 velut
1614 4929 1719 5012 prima
1751 4927 1903 4993 ecclesiae
1932 4926 2085 4989 nativitas
2113 4926 2188 4990 tuit:

203 5024 299 5096 atque
333 5014 503 5096 nepotibus
537 5024 570 5078 et
599 5016 737 5096 posteris
770 5015 810 5078 de
838 5035 938 5078 manu
970 5013 1005 5076 18
1035 5035 1170 5078 manum
1221 5016 1297 5100 quia
1315 5016 1425 5100 populi
1445 5036 1561 5097 corpus
1578 5015 1748 5079 collectum
1763 5023 1819 5088 est,
1840 5023 1872 5079 et
1887 5010 2030 5077 stabilita
2045 5011 2188 5090 ecclesia,

203 5100 288 5164 tradi
317 5099 429 5165 voluit.
479 5100 554 5166 Hoc
584 5101 686 5185 igitur
718 5121 778 5184 per
810 5100 1086 5183 comparationem
1119 5102 1168 5163 in·
1222 5103 1313 5167 cuius
1336 5101 1427 5166 88118
1449 5112 1526 5166 8818
1548 5102 1670 5182 8888188
1693 5106 1771 5164 erat
1805 5098 1896 5163 Haeo
1915 5107 2023 5160 autem
2039 5097 2188 5163 liberatio

203 5186 307 5270 telligi
330 5185 439 5251 debet:
462 5187 733 5269 quemadmodum
757 5186 837 5251 illud
859 5185 1019 5250 Ieremias
1041 5184 1168 5271 (8818
1223 5209 1288 5251 non
1312 5188 1521 5270 restringitur
1538 5185 1578 5249 ad
1598 5197 1726 5267 tempus
1743 5204 1807 5266 quo
1826 5183 1963 5266 populus
1980 5203 2021 5247 ex
2036 5183 2188 5270 Aegypto

203 5273 287 5338 Ecce
309 5271 377 5337 dies
400 5274 545 5353 veniunt,
574 5273 681 5355 inquit
704 5271 874 5348 Dominus,
901 5281 934 5336 et
955 5292 1022 5335 non
1046 5272 1170 5338 dicetur
1223 5272 1313 5357 abiit,
1334 5271 1391 5339 sed
1413 5274 1621 5338 continuatur
1641 5291 1744 5353 usque
1766 5268 1807 5332 ad
1828 5268 2065 5350 possessiouem
2082 5281 2189 5335 terrae
