4784 5970
190 339 252 405 175
1072 335 1122 401 IN
1144 334 1310 402 ISAIAM
1934 388 1937 395 .
2142 329 2203 396 176

189 527 309 593 habere
332 547 396 590 non
419 525 555 609 possint.
587 524 637 591 Ac
656 525 773 591 merito
791 544 868 590 sanc
886 525 920 590 in
938 525 1027 608 ipsos
1044 524 1160 590 acerbe
1209 500 1310 590 tunae
1343 521 1428 589 hanc
1458 522 1684 590 liberationem
1712 522 1876 589 tribueret
1929 519 1969 589 Si
2002 528 2197 605 quaeratur,

189 613 366 691 invehitur,
389 621 551 677 eteorum
575 612 790 694 pervicaciam
807 622 948 678 accusat.
982 611 1053 676 Dec
1070 610 1160 675 enim
1209 630 1268 676 cur
1299 607 1460 673 idolorum
1494 611 1692 675 mentionem
1729 608 1828 675 faciat
1865 606 2050 692 propbeta,
2094 626 2195 690 quum

189 719 321 764 manum
344 698 523 781 porrigenti
546 698 751 774 obstiterunt,
775 706 872 780 atque
894 697 997 780 ipsius
1019 695 1160 780 gratiam
1210 696 1308 760 unius
1330 693 1394 760 Dei
1422 693 1546 760 cultum
1573 695 1689 760 Iudaei
1718 696 1966 778 profiterentur:
1998 689 2195 776 respondeo,

188 790 400 867 respuerunt:
423 782 565 849 reditum
587 783 649 847 sibi
671 783 703 847 in
723 782 880 848 Iudaeam
902 781 1095 866 permissum
1119 780 1161 845 iri
1211 781 1258 846 sic
1280 781 1344 845 iam
1368 779 1560 864 depravatos
1582 780 1684 847 inisse
1711 779 1946 846 consuetudine
1974 779 2142 864 gendum,
2165 794 2195 842 et

188 890 255 936 non
273 866 463 935 credebant:
481 877 515 933 et
534 890 633 951 quum
652 870 812 952 patefacta
828 879 877 934 est
892 870 955 948 via,
976 869 1031 934 vix
1050 867 1161 950 paucis
1212 866 1428 949 degenerasse
1449 866 1482 930 in
1506 868 1764 949 superstitiones,
1794 876 1831 931 ιιι
1853 863 1917 931 Dei
1940 884 2081 966 prorsus
2104 863 2194 929 obliti

189 957 320 1021 animus
343 953 499 1020 redeundi
521 955 594 1020 fuit.
641 955 706 1020 Alii
729 952 792 1019 sibi
814 954 931 1019 melius
953 975 1024 1020 esse
1047 953 1160 1018 existi·
1212 962 1330 1018 essent.
1376 951 1451 1032 Qua
1474 951 1514 1017 de
1536 973 1572 1018 re
1597 952 1808 1037 conqueritur
1830 949 1993 1029 Ezechiel,
2024 950 2063 1015 in
2084 970 2127 1015 sa
2149 950 2195 1014 vi·

190 1042 325 1108 mebant
359 1041 396 1104 in
425 1040 602 1124 Babylone,
636 1060 733 1123 quam
763 1040 927 1106 molestias
955 1051 988 1105 et
1019 1038 1161 1123 pericula
1213 1038 1302 1102 sione
1328 1058 1394 1120 qua
1415 1037 1589 1103 videbatur
1618 1039 1682 1104 sibi
1704 1037 1941 1122 lerosolymam
1971 1040 2194 1113 transvertas,

189 1129 317 1193 itineris
349 1125 468 1191 subire.
512 1126 580 1191 Alii
614 1125 863 1208 suspicabantur
897 1133 1003 1192 astute
1031 1124 1114 1190 edici
1143 1145 1162 1188 a
1212 1123 1434 1189 sanctuarium
1455 1124 1519 1188 Dei
1541 1123 1643 1189 variis
1664 1122 1761 1188 idolis
1790 1132 2046 1206 conspurcatum
2068 1122 2192 1187 intueri

191 1215 280 1299 Oyro
314 1220 351 1276 ut
383 1211 542 1277 redirent:
577 1220 613 1276 ut
647 1210 781 1278 detectis
808 1232 921 1277 eorum
950 1211 1079 1286 animis,
1109 1209 1161 1274 vel
1213 1207 1306 1294 (Oap.
1329 1208 1372 1295 8).
1416 1208 1492 1273 Non
1515 1208 1573 1275 abs
1595 1232 1630 1276 re
1652 1210 1754 1295 igitur
1775 1208 1816 1275 ad
1839 1229 1941 1273 unum
1963 1206 2078 1274 Deum
2102 1215 2191 1273 auto·

190 1298 388 1384 opprimeret
409 1298 505 1380 ipsos,
530 1297 579 1362 vel
603 1297 717 1363 durius
740 1307 912 1364 tractaret:
936 1317 1040 1380 neque
1058 1296 1162 1363 consi·
1212 1316 1282 1359 rem
1315 1297 1402 1378 ipsos
1435 1301 1584 1373 revocat,
1619 1307 1656 1360 ut
1688 1296 1728 1360 ab
1761 1315 1799 1361 eo
1831 1315 1866 1360 se
1899 1293 2091 1377 redemptos
2126 1313 2192 1359 esse

190 1385 348 1451 derabant
376 1382 456 1449 baec
479 1405 498 1448 a
518 1383 590 1447 Deo
614 1382 788 1466 praedicta,
818 1384 999 1448 necessario
1021 1394 1162 1448 ventura
1213 1389 1404 1465 agnoscant.
1668 1415 1672 1423 ·
2213 1428 2216 1439 .

189 1492 269 1548 osse,
303 1490 362 1534 nec
395 1488 490 1551 posse
524 1468 591 1534 ulla
623 1468 791 1534 hominum
823 1469 970 1551 potentia
1000 1467 1162 1551 impediri.
1299 1466 1363 1552 (Ne
1389 1467 1468 1548 forte
1492 1465 1603 1552 ditos.)
1647 1465 1820 1550 Significat
1851 1465 2098 1532 inexcusabiles
2127 1464 2192 1530 fore

190 1558 247 1624 Sic
268 1555 377 1638 itaquo
399 1554 520 1636 accipio
541 1555 621 1620 istas
650 1555 885 1637 praedictiones
915 1553 956 1618 de
978 1554 1094 1636 quibus
1116 1554 1162 1617 lo·
1214 1552 1361 1629 Iudaeos,
1381 1551 1442 1616 nisi
1459 1555 1638 1635 agnoscant
1656 1551 1850 1618 beneficium
1867 1551 1940 1631 Dei,
1959 1570 2064 1633 quum
2084 1549 2192 1616 emissi

190 1644 300 1726 quitur
322 1640 489 1722 propheta,
514 1649 550 1704 ut
571 1651 685 1705 vetera
707 1640 837 1723 quidem
861 1639 994 1705 oracula
1015 1659 1162 1722 compre·
1215 1639 1340 1702 luerint
1369 1660 1387 1701 e
1417 1638 1586 1703 servitute.
1632 1637 1728 1719 Quod
1758 1638 1845 1703 enim
1875 1645 1942 1701 tam
1973 1638 2076 1721 longo
2106 1637 2192 1719 prius

191 1726 397 1804 hendantur,
441 1725 557 1807 quibus
596 1725 759 1809 praedixit
799 1727 960 1791 Dominus
1000 1725 1162 1807 Abrahae,
1215 1735 1360 1806 tempore
1382 1723 1583 1806 praedictum
1607 1733 1686 1802 crat,
1716 1723 1849 1789 fortuito
1870 1720 2017 1790 accidere
2047 1742 2119 1787 nou
2140 1741 2191 1805 po-

191 1833 303 1880 semen
325 1812 394 1875 eius
416 1812 581 1893 captivum
601 1812 679 1890 fore,
702 1821 813 1894 postea
831 1832 908 1876 vero
926 1810 1164 1876 restituendum
1216 1812 1290 1875 tuit,
1335 1810 1398 1874 Dei
1421 1809 1522 1892 igitur
1544 1810 1794 1891 praescientiam
1824 1809 1997 1892 coniungit
2027 1829 2108 1874 cum
2130 1807 2192 1871 vir·

191 1902 225 1964 in
249 1897 421 1981 pristinam
450 1897 642 1962 libertatem.
688 1897 815 1963 Deinde
844 1918 903 1962 suo
933 1896 1045 1961 ordine
1074 1917 1164 1963 acce·
1217 1906 1302 1961 tute:
1336 1914 1374 1960 ac
1407 1916 1472 1958 non
1502 1904 1628 1960 tantum
1659 1894 1740 1961 haec
1768 1896 1808 1960 ab
1842 1896 1912 1977 ipso
1940 1894 2107 1978 praevisa,
2139 1891 2192 1958 sed

192 1981 357 2049 dentalia
381 1982 543 2059 vaticinia,
568 1983 770 2065 quaestiam
795 1982 1163 2064 diversotemporese-
1216 1982 1314 2046 etiam
1337 1982 1491 2064 praestita
1513 2002 1583 2045 esse
1605 1981 1779 2065 significat.
1819 1982 1883 2047 Hic
1905 1988 2018 2046 autem
2041 1978 2139 2063 quasi
2159 1978 2192 2043 ιιι

193 2081 294 2154 quota
328 2078 422 2134 sunt:
457 2089 532 2132 nam
568 2067 628 2134 hoc
662 2069 768 2152 ipsum
799 2069 937 2134 subinde
966 2069 1040 2134 aliis
1069 2079 1165 2150 atquc
1216 2066 1348 2150 speculo
1381 2065 1473 2132 nobis
1506 2067 1662 2131 statuitur
1693 2067 1819 2150 ingenii
1850 2066 1955 2132 nostri
1991 2064 2192 2150 malignitas,

192 2156 266 2222 aliis
293 2153 495 2235 temporibus
523 2155 751 2219 confirmatum
778 2166 837 2219 est.
882 2154 973 2218 Nihil
1004 2173 1083 2236 ergo
1104 2175 1163 2218 un·
1217 2174 1300 2234 quac
1322 2173 1451 2235 semper
1480 2154 1644 2237 excogitat
1672 2152 1833 2236 quomodo
1855 2153 1964 2218 Deum
1993 2151 2118 2236 spoliet
2138 2169 2193 2216 sua

192 2261 290 2325 quam
314 2239 494 2303 aDomino
517 2239 720 2321 praedictum
741 2260 813 2304 esse
830 2239 975 2304 ostendit
991 2238 1077 2322 quod
1100 2260 1165 2303 non
1217 2238 1321 2303 laude.
1378 2236 1516 2318 Quoties
1548 2238 1600 2303 vel
1634 2239 1728 2304 nobis
1760 2239 1947 2321 opitulator,
1974 2238 2028 2303 vel
2062 2235 2135 2302 nlla
2159 2237 2193 2300 iu

193 2335 330 2394 eventus
352 2324 399 2388 rei
421 2325 656 2406 comprobaret.
1217 2335 1311 2408 parte
1333 2323 1513 2388 beneficum
1541 2345 1576 2388 se
1605 2333 1759 2408 praestat,
1790 2325 1882 2407 quasi
1912 2330 2066 2406 porrecta
2096 2342 2193 2387 manu

279 2411 310 2475 4.
344 2408 443 2493 (Quia
464 2411 593 2492 coynooi
614 2410 696 2492 qaod
718 2410 820 2475 daras
840 2409 910 2495 sie.)
951 2410 1004 2475 Ad
1029 2408 1167 2473 verbum
1218 2409 1259 2474 ad
1293 2430 1327 2473 se
1360 2431 1419 2474 nos
1451 2409 1582 2475 invitat.
1636 2410 1768 2475 Interea
1801 2407 1960 2486 mundus,
1992 2408 2091 2493 quasi
2122 2407 2193 2474 data

193 2504 253 2575 est,
277 2497 416 2577 Propter
437 2496 520 2559 scire
540 2516 659 2572 meum,
682 2495 733 2559 vel
757 2516 868 2561 amco
890 2496 982 2562 scire.
1016 2495 1081 2560 Hic
1098 2493 1166 2558 Do·
1218 2516 1316 2578 opera
1341 2496 1498 2578 refragari
1523 2494 1602 2559 velit
1632 2495 1694 2560 alio
1725 2496 1853 2563 derivat
1874 2494 1961 2578 quod
1982 2515 2002 2560 a
2025 2493 2101 2560 Deo
2123 2512 2194 2577 pro·

193 2585 303 2649 minus
325 2589 466 2644 testatur
484 2602 542 2663 per
561 2580 752 2663 prophetam
770 2603 805 2646 se
823 2583 864 2647 ob
881 2580 1035 2646 duritiem
1054 2581 1165 2663 populi
1217 2583 1338 2646 fectum
1362 2591 1428 2644 est:
1452 2591 1488 2646 ut
1511 2581 1659 2645 videmus
1681 2582 1716 2645 in
1739 2586 1861 2666 papatu
1880 2580 1990 2646 omnia
2006 2579 2071 2645 Dei
2097 2580 2192 2645 bene·

194 2671 233 2735 de
260 2666 356 2732 rebus
384 2667 504 2731 tuturis
533 2666 702 2749 loquutum
731 2688 818 2732 esse:
847 2688 884 2733 ac
914 2668 941 2731 si
972 2667 1102 2743 diceret,
1132 2687 1167 2729 se
1218 2669 1292 2733 ficia
1321 2667 1443 2732 sanctis
1477 2667 1614 2733 mortuis
1648 2669 1784 2750 perinde
1812 2665 1950 2733 adscribi
1979 2685 2019 2732 ac
2046 2665 2077 2733 si
2104 2664 2194 2729 Deus

193 2749 317 2839 plus'ei
337 2753 538 2835 praestitisse
556 2773 654 2835 quam
672 2752 819 2832 dedebat,
843 2775 907 2817 non
928 2752 1014 2837 quod
1033 2753 1166 2818 unicum
1218 2756 1321 2818 altum
1342 2772 1494 2817 somnum
1517 2751 1683 2818 dormiret.
1718 2752 1828 2834 Quare
1847 2773 1977 2820 necesse
1995 2760 2048 2818 est
2068 2751 2193 2835 fulgere

193 2844 283 2906 hunc
316 2840 414 2901 finem
448 2839 656 2920 spectaverit:
692 2840 768 2921 quia
800 2840 922 2905 seimus
954 2839 1165 2922 praecipuum
1219 2839 1384 2905 doctrinae
1409 2838 1587 2917 lucernam,
1617 2859 1700 2920 quae
1730 2839 1884 2905 iudicium
1915 2846 2066 2904 nostrum
2093 2844 2192 2921 regat

193 2926 359 2990 doctrinae
382 2943 475 2986 usum
500 2923 540 2987 ad
563 2926 632 3005 pios
655 2925 777 3000 referri,
801 2925 856 3007 qui
873 2924 998 3007 placide
1016 2922 1057 2988 ad
1075 2922 1165 2987 obse·
1219 2925 1304 2989 Nam
1326 2926 1361 2988 in
1384 2925 1536 3007 operibus
1560 2924 1623 2988 Dei
1646 2923 1890 2990 considerandis
1911 2942 2086 3007 perperam
2110 2942 2192 2988 sem·

194 3012 306 3094 quium
328 3010 514 3085 flectuntur,
547 3021 577 3071 et
602 3009 741 3074 libenter
771 3011 943 3075 obediunt:
974 3010 1030 3074 sed
1053 3010 1165 3086 Isaias,
1219 3033 1277 3093 per
1300 3010 1490 3087 errabimus,
1514 3009 1576 3074 nisi
1599 3010 1669 3090 ipsc
1693 3012 1790 3075 verbo
1812 3031 1872 3075 suo
1895 3010 2095 3093 praeluceat
2130 3005 2192 3074 Sed

195 3098 246 3162 cui
263 3095 430 3178 negotium
447 3107 516 3156 orat
532 3115 606 3157 cum
622 3094 813 3176 praefractis
830 3095 1027 3172 hominibus,
1049 3095 1167 3158 merito
1219 3115 1308 3161 nune
1330 3115 1458 3177 quoque
1480 3095 1590 3160 multis
1612 3096 1699 3161 idem
1727 3097 1888 3180 contingit
1916 3096 2000 3178 quod
2033 3096 2069 3159 in
2099 3101 2192 3180 gente

196 3181 289 3260 dicit,
319 3179 381 3243 nisi
409 3178 599 3243 insanabilis
621 3186 708 3244 esset
729 3201 841 3245 eorum
871 3180 1032 3262 pravitas,
1058 3179 1166 3244 Deum
1220 3203 1279 3247 sua
1309 3180 1455 3262 deplorat
1478 3179 1598 3257 Isaias,
1631 3191 1667 3245 ut
1696 3205 1736 3247 ne
1759 3182 1917 3246 admoniti
1947 3179 2079 3264 quidem
2110 3178 2193 3244 idola

195 3267 317 3350 optimo
340 3263 482 3328 remedio
505 3286 598 3329 usum
622 3285 691 3330 esse
714 3266 826 3330 multis
848 3264 985 3330 subinde
1004 3265 1167 3330 vaticiniis
1220 3266 1281 3332 sibi
1313 3266 1470 3330 fabricare
1499 3264 1665 3344 desinant,
1696 3287 1778 3349 quae
1808 3269 1952 3333 vestiant
1979 3265 2047 3333 Dei
2073 3265 2192 3351 spoliis

195 3354 301 3437 legem
335 3371 427 3415 suam
461 3349 707 3432 comprobando.
759 3350 1041 3432 Quemadmodum
1067 3351 1168 3433 igitur
1220 3354 1319 3418 Olera
1348 3371 1425 3415 voce
1455 3352 1567 3415 testati
1595 3365 1673 3416 sunt
1694 3354 1814 3419 Petrus
1836 3362 1870 3417 et
1892 3352 2035 3418 Ioannes
2064 3374 2103 3419 sc
2133 3371 2193 3415 non

195 3441 304 3504 futura
326 3436 535 3518 praedixerat
563 3438 719 3519 patribus,
748 3438 794 3501 ita
816 3457 851 3502 se
873 3438 1012 3502 eundem
1035 3457 1167 3502 cursum
1220 3439 1346 3503 meritis
1368 3441 1426 3501 aut
1447 3437 1566 3518 pietate
1588 3460 1647 3503 sua
1674 3439 1831 3505 miracula
1852 3438 1947 3505 edere
1969 3437 2049 3523 (Act
2070 3437 2103 3522 3,
2127 3436 2193 3519 ID:

195 3525 286 3607 sequi
316 3521 472 3600 ostendit,
502 3530 541 3585 ut
567 3523 781 3605 pervicaciam
811 3522 922 3608 populi
952 3532 985 3587 et
1014 3522 1166 3586 duritiem
1221 3525 1370 3588 videmus
1401 3533 1509 3587 tamen
1540 3532 1576 3587 ut
1604 3525 1727 3589 invitos
1761 3536 1794 3589 et
1827 3524 2026 3590 reluctantes
2060 3532 2194 3589 onerent

196 3612 305 3675 vincat
327 3609 379 3672 vel
410 3606 562 3672 emolliat.
608 3609 777 3675 Cervioem
808 3630 919 3674 eorum
946 3629 1075 3674 meam
1103 3608 1167 3671 fer·
1221 3611 1375 3692 papistae.
1410 3609 1482 3673 lltsi
1505 3619 1615 3674 autem
1639 3630 1723 3692 quae
1741 3611 1898 3675 eveniunt
1915 3631 1981 3674 non
2003 3618 2082 3675 ante
2102 3629 2193 3693 prae·

197 3716 288 3760 reum
312 3703 418 3758 vocat:
442 3694 520 3775 quia
540 3695 625 3759 flecti
649 3695 770 3776 nequit.
815 3695 918 3760 Nervi
940 3694 1071 3776 quidem
1094 3693 1168 3758 duri
1221 3697 1299 3761 dicit
1309 3695 1411 3769 Deus,
1421 3715 1487 3758 non
1504 3695 1614 3760 minus
1630 3705 1740 3760 tamen
1756 3696 1797 3760 ad
1813 3695 2033 3761 damnandam
2050 3707 2195 3762 nostram

196 3792 284 3857 sunt,
314 3779 371 3842 sed
402 3787 510 3842 tamen
540 3779 681 3845 flexiles:
710 3780 763 3844 hic
792 3780 918 3846 nullum
946 3782 1068 3845 flexum
1098 3800 1169 3845 esse
1220 3781 1489 3865 ingratitudinem
1518 3781 1642 3846 valebit
1671 3782 1752 3863 legis
1784 3790 1817 3845 et
1844 3780 2009 3865 evangelii
2038 3779 2194 3865 docmina,

198 3866 292 3931 dicit:
315 3865 389 3946 quia
409 3873 487 3927 sunt
508 3864 668 3930 indomiti.
701 3864 803 3930 addit
822 3867 954 3948 frontem
974 3885 1110 3929 aeneam
1133 3875 1170 3928 ut
1221 3888 1318 3949 quam
1336 3867 1364 3931 si
1382 3885 1488 3948 opera,
1507 3886 1645 3948 quorum
1664 3877 1814 3932 autorem
1829 3888 1864 3933 se
1879 3867 1946 3933 illic
1960 3867 2078 3933 asserit
2095 3867 2194 3943 Deus,

197 3948 433 4032 impudentiam
467 3960 566 4014 notet.
623 3951 696 4014 Duo
729 3962 838 4015 autem
873 3961 950 4016 sunt
983 3950 1101 4034 quibus
1133 3952 1168 4014 in
1221 3953 1383 4018 vaticiniis
1406 3960 1524 4015 testata
1547 3961 1664 4017 essent.

197 4036 303 4102 officio
326 4035 459 4099 retineri
477 4055 667 4118 possumus:
691 4037 842 4117 primum,
860 4039 888 4100 si
907 4037 1027 4103 dociles
1045 4057 1169 4118 sumus,
1306 4039 1336 4102 6.
1370 4037 1533 4120 (Audisti.-
1560 4039 1631 4103 vtae
1653 4038 1782 4122 annio.)
1824 4038 1913 4103 Hinc
1940 4038 2049 4122 magis
2070 4039 2194 4122 perspi·

198 4127 232 4186 et
254 4129 340 4186 recte
362 4122 508 4184 monenti
531 4131 586 4186 aut
615 4122 699 4186 iusta
730 4123 939 4206 praecipienti
968 4124 1170 4204 obtempere-
1220 4145 1316 4189 cuum
1349 4133 1407 4200 est,
1442 4122 1635 4205 prophetam
1666 4122 1756 4207 loqui
1790 4124 1829 4188 de
1861 4122 1977 4190 exsilio
2010 4124 2135 4201 futuro,
2166 4131 2197 4188 et

198 4227 288 4273 mus:
322 4204 456 4287 deinde,
489 4208 517 4270 si
551 4227 654 4289 quum
687 4209 722 4270 in
756 4208 898 4289 aliquam
932 4207 1170 4289 turpitudinem
1222 4209 1442 4291 redemptione
1475 4229 1558 4291 qnae
1591 4219 1705 4293 postea
1739 4217 1920 4293 sequutura
1947 4218 2035 4274 erat:
2069 4210 2106 4274 in
2136 4229 2197 4293 quc

197 4293 281 4375 lapsi
309 4311 431 4367 sumus,
466 4301 579 4374 tangat
607 4313 665 4356 nos
698 4295 862 4376 ingenuus
894 4293 1007 4376 pudor,
1041 4305 1078 4356 ut
1110 4313 1169 4357 nos
1222 4294 1328 4360 voluit
1361 4303 1432 4357 tum
1463 4294 1512 4357 sui
1544 4296 1698 4377 temporis
1728 4294 1923 4375 hominibus,
1956 4306 2027 4361 tum
2058 4295 2197 4378 posteris

197 4379 274 4444 facti
308 4376 410 4442 nostri
438 4379 610 4459 poeniteat.
661 4377 726 4444 Ubi
755 4379 835 4443 haec
863 4378 991 4461 desunt,
1025 4377 1170 4460 perditae
1221 4379 1404 4446 consulere:
1436 4389 1473 4443 ut
1501 4380 1528 4443 si
1558 4401 1622 4445 non
1649 4382 1889 4463 proficerentii
1919 4381 1973 4464 qui
2002 4390 2083 4447 tunc
2106 4383 2195 4446 vive·

198 4463 360 4546 nequitiae
381 4461 512 4545 signum
535 4476 592 4529 est.
636 4465 729 4528 Haeo
750 4464 851 4546 igitur
881 4463 945 4528 duo
974 4473 1170 4547 argumenta
1222 4466 1309 4545 bant,
1328 4465 1504 4550 posteritas
1521 4467 1638 4531 saltem
1654 4468 1778 4532 monita
1792 4468 2004 4550 resipisceret
2036 4466 2096 4532 Fit
2110 4467 2197 4532 enim

198 4549 382 4632 deploratae
400 4547 508 4631 gentis
527 4549 659 4628 notavit,
684 4548 770 4632 quod
788 4549 935 4614 indocilis
953 4558 1048 4629 esset,
1071 4557 1170 4631 atque
1222 4571 1455 4634 saepenumero
1489 4560 1524 4614 ut
1555 4551 1787 4635 prophetarum
1824 4552 1973 4618 doctrina
2007 4566 2197 4634 praesentes

196 4633 380 4719 impudens.
422 4633 467 4696 Et
489 4642 600 4698 tamen
625 4636 787 4700 Dominus
810 4656 910 4719 quum
933 4635 1028 4699 aliter
1048 4634 1171 4700 mederi
1222 4647 1321 4719 atque
1354 4636 1526 4701 audientes
1560 4657 1674 4720 parum
1709 4647 1857 4703 moveat:
1899 4637 2065 4703 interdum
2099 4638 2198 4704 etiam

197 4742 263 4785 non
292 4727 407 4803 potest,
437 4720 591 4802 pravitati
622 4741 749 4803 qnoque
781 4728 913 4785 nostrae
946 4739 1087 4803 cousque
1121 4721 1170 4784 in·
1222 4721 1362 4788 ludibrio
1385 4721 1558 4787 habeatur:
1582 4724 1701 4805 posteri
1721 4744 1798 4788 vero
1816 4724 1947 4789 meliore
1964 4723 2077 4789 animo
2093 4725 2199 4807 ipsam

198 4804 319 4889 dulget,
343 4813 381 4870 ut
403 4805 443 4869 de
464 4806 580 4870 tuturis
598 4807 694 4872 rebus
710 4806 890 4871 admonitos
907 4806 993 4872 velit.
1027 4806 1080 4870 Ita
1101 4827 1170 4871 sese
1222 4806 1406 4872 admittant
1442 4805 1536 4887 Quod
1556 4809 1700 4890 aspicere
1717 4809 1817 4886 iubet,
1836 4809 1986 4875 nonnulli
2003 4809 2197 4875 existimant

199 4891 434 4974 quodammodo
457 4891 556 4955 vertit
579 4893 613 4954 in
635 4913 748 4956 omnes
769 4903 889 4975 partes,
917 4901 953 4957 ut
982 4911 1043 4957 nos
1072 4891 1113 4957 ad
1135 4912 1170 4958 se
1222 4893 1416 4976 prophetam
1439 4893 1485 4957 ita
1506 4903 1659 4958 eventum
1680 4894 1727 4958 rei
1749 4914 1940 4978 proponere,
1962 4914 2000 4961 ac
2018 4897 2049 4960 si
2068 4895 2198 4974 diceret,

199 4987 327 5042 revocet
349 4988 448 5059 atque
470 4976 505 5041 in
529 4978 616 5041 viam
639 4977 783 5044 reducat.
1222 4979 1304 5043 nihil
1327 5000 1347 5043 a
1368 4978 1441 5043 Deo
1459 4976 1581 5044 dictum
1600 5000 1670 5045 esse
1687 4981 1780 5045 cuius
1801 4981 1921 5046 veritas
1938 5001 2005 5046 non
2022 4988 2198 5047 constaret.

284 5062 313 5127 5.
347 5061 560 5147 (Annutdiaoi
592 5062 673 5149 titt.)
725 5064 850 5129 Iterum
885 5064 1000 5147 repetit
1034 5062 1170 5128 eandem
1224 5063 1289 5130 Sed
1302 5084 1362 5148 ego
1378 5064 1462 5129 hanc
1477 5064 1651 5130 dictionem
1670 5077 1726 5132 ΠιΓι
1744 5065 1839 5131 aliter
1850 5066 2058 5149 interpretor,
2070 5087 2199 5151 nempe,

199 5149 404 5224 sententiam,
427 5158 586 5232 utquam
608 5149 747 5232 populus
769 5158 899 5233 ereptus
917 5161 1002 5216 esset
1024 5171 1042 5214 e
1061 5147 1170 5233 Baby·
1223 5149 1334 5230 Quum
1357 5150 1520 5216 Dominus
1541 5150 1695 5235 loquutus
1717 5151 1771 5232 sit,
1800 5151 1900 5218 officii
1920 5151 1971 5218 tui
1994 5156 2047 5219 cst
2075 5172 2200 5238 expeu-

199 5233 283 5313 lcne,
306 5244 495 5316 agnosceret
517 5236 710 5302 beneficium
732 5235 806 5315 Dei,
830 5257 890 5302 nec
911 5235 1005 5302 idolis
1028 5244 1086 5301 aut
1107 5234 1171 5299 for·
1223 5235 1300 5302 dere
1321 5238 1430 5316 verba,
1455 5244 1487 5301 et
1509 5244 1542 5302 te
1564 5243 1726 5302 attentum
1755 5238 1919 5321 praebere
1963 5236 2062 5306 Unde
2091 5240 2200 5308 obser·
