4784 5970
132 398 193 464 601
859 393 910 461 IN
932 394 1182 462 maumam.
1224 394 1324 461 csP.
1347 392 1408 459 lv,
2071 391 2135 458 602

132 583 322 668 hypocritae
344 602 458 648 rursus
479 579 657 646 blanditias
679 577 741 644 sibi
770 578 832 644 hoo
861 585 1034 662 praetextu
1048 613 1049 617 =
1063 579 1110 644 la·
1163 584 1231 642 tum
1254 579 1324 645 iore
1345 601 1513 664 pavorem,
1544 587 1580 645 ut
1606 599 1673 645 non
1695 578 1792 645 modo
1815 591 1976 663 quaerant
2006 581 2140 664 propin·

132 672 232 747 ciunt,
263 669 428 750 quianon
451 673 569 749 putant
592 662 934 746 Deumserioloqui:
964 663 1021 729 sed
1051 684 1110 746 pu·
1163 684 1245 745 quos
1278 687 1439 747 recessus,
1473 666 1529 749 qui
1561 665 1689 750 fugient
1719 685 1763 730 ex
1793 667 1862 730 suis
1896 664 2049 743 urbibus,
2082 666 2139 731 sed

132 762 205 820 tant
234 775 304 820 esse
333 753 425 836 quasi
455 750 732 827 terriculamenta,
762 769 846 831 quae
875 748 982 814 solent
1008 749 1111 814 incuti
1162 759 1375 834 perrumpant
1395 754 1430 817 in
1453 771 1582 817 summa
1609 752 1780 816 cacumina
1809 752 1980 827 montium,
2009 765 2046 816 ut
2072 752 2140 818 illic

133 840 261 924 pueris:
300 837 379 905 dicit
410 857 444 903 ee
474 837 631 921 ωριιιιιει.
686 833 827 900 Dixerat
860 854 896 900 se
928 833 1110 916 loquutum,
1161 834 1287 900 lateant
1308 838 1395 901 inter
1416 839 1558 913 arbores,
1586 835 1679 919 quasi
1700 836 1789 900 inter
1817 836 1937 901 nubes:
1968 835 2085 901 deinde
2105 843 2142 902 ιιι

132 944 250 1007 nempe
295 945 395 1005 quum
443 923 621 1005 respiceret
669 919 861 1003 prophetas:
912 941 1002 985 nuno
1052 941 1112 1004 per
1162 921 1328 987 mancam
1360 923 1396 986 ia
1427 942 1523 1005 nepes
1551 925 1755 1004 praeruptae,
1788 942 1905 1004 nempe
1935 923 2013 1004 qnia
2042 922 2141 987 aliter

132 1009 295 1094 cogitandi
323 1007 460 1074 verbum
499 1004 655 1089 intelligit
692 1005 886 1089 deprompta
929 1027 1001 1072 esse
1029 1006 1112 1070 vati·
1162 1026 1228 1070 non
1261 1007 1425 1090 putabunt
1456 1028 1493 1073 se
1524 1014 1612 1072 tutos
1644 1006 1713 1072 fore
1747 1007 1787 1072 ab
1816 1005 1961 1073 hostium
1992 1009 2139 1073 incursu.

132 1095 227 1174 cinia,
254 1095 374 1177 quibus
396 1093 648 1159 denuntiaverat
671 1090 737 1155 illis
766 1091 903 1156 exitium
926 1112 967 1155 ex
991 1111 1110 1157 arcano
1161 1090 1283 1157 Postea
1303 1093 1451 1177 adiungit
1472 1112 1576 1157 macc
1594 1090 1688 1157 arbee
1706 1093 1774 1175 fore
1791 1091 1964 1173 castiore,
1981 1097 2017 1157 at
2033 1092 2141 1158 aulbts

131 1201 190 1247 suo
211 1180 358 1245 oonsilio.
402 1178 486 1256 Hoc,
515 1178 632 1260 inquit,
661 1175 747 1258 apud
771 1196 823 1240 me
853 1175 1019 1242 decretum
1050 1186 1110 1242 est.
1162 1178 1205 1242 sit
1226 1179 1261 1242 in
1283 1177 1351 1244 illie
1372 1177 1537 1244 habitator.
1571 1176 1733 1243 Videmus
1755 1176 1949 1261 prophetam
1972 1177 2036 1244 hnc
2059 1198 2141 1243 sem·

131 1265 252 1332 Postea
275 1264 434 1348 adiungit,
460 1263 533 1329 Noa
550 1262 717 1345 poenituit,
745 1265 774 1325 et
794 1281 855 1326 aco
883 1268 1045 1326 convertor
1072 1261 1112 1326 ob
1162 1262 1383 1347 pertendere,
1406 1274 1442 1328 ut
1460 1272 1652 1345 permoveat
1665 1262 1815 1342 Iudaeos,
1838 1263 1895 1345 qui
1913 1263 2022 1329 surdis
2044 1271 2141 1329 erant

130 1350 201 1415 boc:
242 1349 382 1433 denique
413 1348 556 1415 ostendit
588 1350 653 1412 iam
688 1345 834 1412 addictos
867 1367 938 1411 esse
970 1347 1111 1412 Iudaeos
1163 1348 1307 1428 auribus,
1329 1349 1477 1415 etcorde
1497 1346 1637 1432 lapideo,
1660 1347 1708 1413 ita
1726 1357 1850 1413 utnon
1868 1349 2031 1414 sentirent
2053 1350 2140 1413 mala

130 1437 235 1514 morti,
259 1457 300 1501 ne
322 1436 514 1501 existiment
534 1454 628 1516 posse
650 1431 771 1516 placeri
791 1433 899 1497 Deum
919 1435 1111 1518 quantisper
1162 1452 1237 1510 sua,
1268 1444 1302 1500 et
1330 1434 1441 1500 Deum
1471 1437 1570 1501 etiam
1603 1453 1717 1501 secure
1750 1443 2012 1512 contemnerent,
2045 1453 2083 1500 ac
2111 1435 2139 1499 si

130 1532 369 1603 prosequentur
392 1539 451 1585 sua
474 1519 563 1594 vitia,
592 1519 744 1602 quoniam
776 1518 943 1583 decretum
973 1518 1016 1583 sit
1038 1518 1111 1583 Deo
1162 1529 1294 1600 pactum
1318 1520 1400 1601 ipsis
1422 1531 1508 1586 esset
1529 1540 1603 1586 cum
1627 1530 1748 1599 morte,
1778 1520 1877 1586 sicuti
1907 1519 1985 1585 alibi
2008 1519 2138 1584 dicitur.

131 1609 218 1689 ipsos
240 1607 386 1688 perdere,
413 1626 473 1671 nec
496 1614 626 1669 tantum
648 1604 756 1686 palam
782 1604 848 1668 hoo
869 1602 1111 1670 denuntiaverit
1164 1604 1284 1669 Postea
1305 1605 1485 1690 subiungit,

131 1712 189 1774 per
219 1690 404 1773 prophetas,
437 1691 494 1756 sed
525 1691 624 1754 etiam
659 1690 745 1772 apud
774 1711 810 1755 se
838 1688 999 1754 statuerit.
1043 1690 1110 1754 Per

131 1798 252 1841 nomen
273 1776 492 1860 poenitentiae
514 1774 710 1858 intelligitur
732 1775 881 1854 mutatio,
909 1773 1000 1839 Deus
1020 1775 1108 1838 enim
1247 1775 1300 1840 30.
1334 1775 1378 1841 Et
1406 1781 1441 1840 ιιι
1468 1776 1597 1857 perdito
1630 1774 1700 1860 (aut
1730 1774 1870 1861 vastata)
1904 1776 1982 1858 quid
2010 1776 2138 1858 fomes?

131 1882 198 1926 non
232 1876 281 1926 est
314 1861 476 1927 obnoxius
510 1860 740 1943 poenitentiae,
773 1860 850 1941 quia
883 1857 966 1922 nihil
1000 1859 1107 1943 ipsum
1164 1859 1316 1941 Quamvis
1343 1866 1372 1926 te
1393 1861 1511 1927 induas
1541 1860 1668 1942 coccino,
1700 1863 1846 1943 quamuis
1874 1866 1903 1926 te
1929 1882 2020 1927 ornes
2047 1883 2140 1928 orno·

129 1947 224 2012 latet:
247 1946 302 2012 sed
326 1947 470 2030 loquitur
492 1945 637 2010 hnmano
660 1964 760 2027 more,
783 1952 822 2008 ut
843 1963 949 2027 nuper
968 1943 1052 2008 dixi:
1076 1955 1110 2010 et
1160 1947 1273 2012 mentia
1293 1948 1370 2011 cari
1399 1945 1465 2031 (rel
1488 1945 1664 2012 monilibus
1686 1948 1809 2025 aureis,
1841 1954 1879 2011 ut
1900 1946 1956 2012 elii
1979 1947 2138 2033 vertunt),

129 2033 274 2098 secundo
294 2033 396 2097 verbo
426 2031 554 2097 tollitur
581 2031 688 2094 omnis
716 2028 921 2113 ambiguitas,
954 2031 1107 2112 quoniam
1159 2033 1305 2111 quamvis
1325 2033 1504 2116 diotimus
1524 2032 1596 2113 saco
1618 2028 1689 2116 (aut
1711 2032 1831 2116 etybio,
1853 2040 1891 2096 ut
1913 2032 1968 2097 alii
1990 2033 2138 2120 vertunt)

130 2118 217 2196 dicit,
243 2116 318 2182 Noa
339 2121 498 2183 memor
519 2115 558 2180 ob
579 2135 630 2181 eo:
657 2115 718 2180 hoc
739 2125 797 2194 est,
829 2134 894 2179 non
926 2115 1109 2182 retractabo
1160 2116 1263 2184 oculos
1283 2123 1361 2198 tres,
1381 2119 1506 2200 frustra
1525 2121 1554 2181 tc
1572 2116 1729 2182 decorabo
1750 2115 1806 2201 (ad
1827 2116 1974 2197 verbum,
1996 2117 2138 2201 pulchri·

129 2202 215 2267 hano
236 2204 443 2269 sententiam.
490 2198 655 2282 Sequitur,
1159 2201 1294 2286 licabis),
1317 2202 1578 2269 cbmrancbuctur
1595 2207 1622 2266 tc
1640 2208 1793 2268 amotores
1809 2204 1866 2286 tui,
1890 2204 2029 2268 ananam
2049 2209 2137 2269 tuam

1110 2315 1114 2322 ·
1158 2293 1313 2368 quaem.

215 2372 267 2438 29.
290 2373 323 2437 A
344 2392 413 2438 occe
434 2371 549 2454 equitis
564 2375 593 2437 et
609 2369 778 2436 iaculantis
795 2389 873 2434 orca
893 2370 991 2454 {rapiet
1008 2373 1109 2437 comis

52 2532 56 2539 ,
129 2459 256 2524 civitas:
279 2458 488 2540 pcnetrbbrmt
517 2456 585 2536 (vel
614 2454 853 2541 ingredientur)
879 2457 915 2520 irc
942 2458 1109 2522 caesor
1244 2457 1310 2523 Hic
1332 2456 1468 2524 insultat
1496 2457 1633 2523 liberius
1662 2457 1822 2540 propheta
1844 2457 1989 2537 ludaeis,
2019 2467 2057 2523 ut
2078 2458 2133 2523 de·

127 2543 208 2627 (alii,
237 2544 273 2607 in
300 2545 419 2609 nultos:
453 2554 531 2618 0³:12
559 2543 722 2625 significat
751 2542 938 2622 densitates,
964 2550 1002 2606 ut
1029 2554 1108 2607 sunt
1159 2542 1247 2607 iiciat
1280 2564 1393 2609 eorum
1427 2544 1615 2626 superbiam
1649 2553 1683 2609 et
1715 2544 1852 2608 fastum:
1886 2543 1940 2608 hio
1962 2543 2049 2608 enim
2074 2544 2135 2608 init

126 2630 199 2694 loca
236 2627 405 2694 arboribus
442 2626 614 2709 perplexa,
655 2626 821 2709 significat
857 2626 956 2690 etiam
993 2628 1106 2694 nubes.
1159 2648 1295 2711 scopus,
1332 2639 1370 2693 nt
1401 2630 1581 2712 corrigeret
1612 2630 1704 2693 illam
1738 2627 1925 2711 superbiam
1958 2647 2023 2710 qua
2056 2628 2133 2693 elati

128 2714 242 2779 Potius
266 2714 319 2778 hio
341 2714 492 2778 existimo
514 2712 617 2794 accipi
638 2730 697 2793 pro
720 2709 873 2790 nubibus,
902 2711 979 2794 quia
998 2713 1105 2795 seqni-
1159 2721 1255 2777 erant
1283 2713 1442 2780 adversus
1464 2712 1583 2779 Deum.
1628 2715 1720 2779 Pieri
1741 2714 1775 2776 id
1798 2733 1865 2776 non
1895 2722 2025 2796 poterat
2052 2714 2133 2797 quin

127 2797 206 2884 tur),
229 2799 394 2864 &tendent
409 2799 445 2864 ia
461 2817 557 2877 rupes
580 2796 728 2880 (postea),
752 2797 855 2861 omnic
872 2797 983 2862 duitas
999 2796 1107 2863 relicto
1159 2798 1321 2880 propheta
1353 2798 1450 2864 altius
1479 2799 1683 2884 insurgeret:
1718 2820 1756 2864 ac
1778 2798 1890 2863 multis
1919 2799 2034 2883 figuris
2056 2800 2132 2865 illn-

127 2886 193 2964 ert't,
216 2889 243 2948 et
264 2883 371 2950 nauus
391 2885 442 2948 cir
462 2882 617 2948 ιαιιιαιον
637 2883 672 2946 ia
692 2881 770 2947 illic.
1158 2890 1280 2949 straret
1301 2904 1394 2950 suam
1417 2885 1608 2949 orationem.
1652 2884 1715 2949 Ilst
1735 2884 1837 2968 igitur
1859 2882 1920 2950 hoc
1942 2884 2034 2967 quasi
2064 2886 2132 2967 epi·

1157 2968 1335 3051 phonema:
1370 2970 1543 3051 exclamat,
1580 2969 1664 3052 Quid
1684 2974 1720 3034 tu
1743 2968 1843 3051 faties
1866 2969 2022 3050 perdita?
2056 2991 2132 3037 nam

214 3053 326 3135 Quum
359 3053 438 3119 dicit
469 3075 490 3119 c
522 3072 599 3133 voce,
636 3059 694 3115 aut
725 3053 875 3136 strepitu,
908 3054 1046 3134 equitum
1078 3061 1107 3120 et
1157 3053 1270 3119 Iudaei
1292 3054 1401 3121 adhuc
1418 3055 1523 3120 inflati
1542 3064 1638 3120 erant
1652 3054 1718 3118 Dei
1732 3063 1932 3138 contemptu,
1955 3076 2014 3120 nec
2030 3057 2132 3122 animi

126 3141 363 3225 ropidariorum
389 3140 458 3221 fore
485 3138 624 3204 omnium
650 3138 772 3222 sapam,
800 3138 965 3222 significat
994 3138 1105 3207 hostes
1157 3160 1270 3206 eorum
1293 3140 1419 3207 subacti
1441 3152 1544 3206 erant.
1590 3139 1703 3221 Quum
1726 3160 1803 3224 ergo
1826 3139 1932 3205 adhuc
1956 3150 2060 3207 staret
2081 3143 2132 3206 in·

126 3232 220 3292 tanto
252 3227 377 3307 impetu
412 3232 582 3302 venturos,
616 3234 654 3287 nt
687 3244 750 3288 non
786 3223 927 3289 audeant
958 3224 1104 3307 ipsorum
1157 3225 1329 3292 domabilis
1356 3227 1411 3292 ille
1444 3227 1564 3306 fastus,
1598 3226 1679 3291 haec
1702 3226 1787 3290 ratio
1809 3237 1860 3290 est
1891 3247 1951 3291 cnr
1972 3227 2133 3309 propheta

126 3311 345 3393 praesentiam
368 3314 559 3391 exspectare
580 3307 706 3391 Iudaei,
732 3309 809 3391 quia
835 3309 947 3375 statim
976 3309 1041 3375 hnc
1070 3320 1103 3376 at
1156 3311 1333 3389 exclamet,
1366 3311 1416 3378 Tu
1439 3313 1584 3396 perlito,
1617 3312 1695 3394 quid
1722 3310 1848 3393 fociae?
1879 3311 2005 3394 inquit:
2039 3314 2132 3394 quasi

125 3397 204 3461 illue
221 3396 406 3480 diffugient,
429 3407 605 3478 antequam
625 3395 691 3459 sint
708 3393 883 3460 vulnerati.
915 3393 993 3459 Vox
1015 3397 1104 3461 enim
1156 3396 1280 3463 diceret
1310 3400 1433 3463 trustra
1466 3419 1521 3464 cos
1553 3397 1616 3462 sibi
1649 3396 1806 3474 blandiri,
1843 3395 1904 3460 sibi
1938 3398 2131 3479 promittere

125 3482 179 3547 hic
195 3483 370 3565 opponitur
386 3480 576 3547 vulneribus
592 3478 682 3545 haud
698 3478 804 3544 dubie.
837 3479 967 3546 Scimus
983 3492 1104 3562 quanta
1155 3482 1332 3547 hincinde
1354 3482 1491 3562 auxilia,
1525 3483 1678 3565 quoniam
1706 3481 1772 3546 sint
1795 3479 1966 3563 desperati.
2011 3482 2132 3547 Postea

125 3568 276 3650 superbia
310 3576 491 3650 turgercnt.
544 3565 652 3649 Igitur
686 3564 847 3648 propheta
876 3563 1002 3630 deridet
1030 3588 1103 3650 per·
1156 3567 1261 3651 addit,
1287 3567 1454 3649 Qteomois:
1482 3568 1528 3632 sic
1550 3568 1637 3632 enirn
1661 3568 1862 3650 interpretor
1883 3585 1950 3630 uno
1972 3577 2131 3632 contextu

125 3673 256 3717 versam
285 3654 525 3729 confidentiam,
560 3672 625 3734 qua
653 3660 748 3715 crant
775 3649 936 3726 inebriati,
970 3659 1007 3714 ut
1037 3673 1103 3716 non
1155 3652 1244 3718 hunc
1266 3673 1406 3718 versum.
1452 3653 1500 3717 Et
1521 3651 1676 3717 videntur
1703 3651 1785 3716 mihi
1815 3661 1904 3717 recte
1931 3652 2053 3716 sentire
2074 3654 2130 3736 qui

124 3748 306 3803 metuerent
323 3737 389 3801 Dei
406 3736 573 3802 iudicium.
614 3735 717 3816 Solae,
738 3734 856 3817 inquit,
878 3733 1011 3800 bodium
1029 3742 1105 3802 stre-
1155 3758 1222 3802 non
1256 3736 1409 3803 dividunt
1441 3737 1522 3802 haee
1553 3738 1733 3821 prophetae
1767 3737 1878 3802 verba.
1928 3735 2014 3801 Nam
2050 3737 2130 3804 illud

118 3824 210 3904 ptus
231 3842 286 3887 voe
313 3822 531 3908 expavefacta,
564 3824 611 3886 ita
638 3829 674 3885 ut
702 3840 816 3884 omnes
843 3820 941 3885 urbes
972 3821 1104 3888 relictae
1155 3833 1241 3888 esset
1270 3821 1422 3907 frigidius
1454 3821 1541 3906 quod
1572 3821 1628 3887 alii
1661 3823 1818 3898 afferunt,
1853 3820 1948 3902 Quae
1980 3845 2067 3889 nnnc
2096 3832 2130 3888 te

124 3909 164 3974 ab
188 3907 302 3974 ineolis
326 3927 397 3972 sese
424 3908 512 3971 ultro
543 3904 674 3985 dedant,
704 3926 809 3988 neque
838 3905 925 3971 enim
955 3906 1041 3971 muri
1068 3929 1104 3973 se
1154 3929 1269 3988 ornas,
1299 3928 1383 3991 quae
1412 3929 1501 3974 nune
1523 3917 1556 3972 te
1579 3908 1678 3973 vestis
1699 3909 1839 3987 coccino,
1868 3928 1952 3990 quae
1974 3918 2007 3973 te
2031 3928 2129 3974 ornes

123 3993 315 4059 defendent:
340 3993 406 4057 imo
428 4000 526 4057 erunt
547 4003 679 4074 apertae
700 4003 822 4074 portae.
867 3990 982 4074 Fugiat
1004 3993 1104 4076 ipitur
1154 4004 1271 4059 ornatu
1294 4014 1402 4072 aureo,
1432 4015 1517 4076 quae
1539 3993 1649 4059 oculos
1670 4002 1743 4058 tuos
1764 3993 1874 4075 pingis
1896 3991 2014 4077 stybio,
2039 4006 2071 4059 et
2093 3998 2127 4058 in

124 4081 226 4145 omnis
256 4080 385 4144 civiter.-
418 4079 479 4143 hoc
507 4086 566 4154 est,
600 4097 712 4141 omnes
740 4076 889 4141 civitates
918 4076 1101 4161 diffugient.
1155 4100 1276 4145 vanum
1298 4079 1501 4145 interiiciunt
1518 4078 1677 4162 copulam,
1699 4098 1781 4160 quae
1799 4098 1931 4143 sensum
1949 4080 2129 4163 prophetae

123 4165 220 4247 Quod
251 4165 402 4249 adiungit
429 4165 585 4228 continuo
615 4172 698 4244 post,
728 4160 906 4229 Accenderat
932 4162 969 4226 ia
996 4162 1102 4245 nabes,
1154 4165 1343 4247 corrumpit.
1387 4162 1574 4231 Cohaerent
1602 4165 1704 4248 igitur
1728 4164 1808 4228 haec
1837 4164 1947 4229 omnia
1974 4167 2061 4229 inter
2083 4188 2127 4243 se,

125 4251 177 4315 vel
201 4253 235 4315 in
259 4251 446 4327 densitates,
477 4249 517 4313 de
539 4247 692 4313 hostibus
718 4256 829 4329 posset
855 4247 992 4330 exponi:
1022 4247 1102 4314 adeo
1154 4260 1187 4316 et
1209 4271 1310 4316 unum
1341 4262 1390 4314 est
1420 4251 1598 4336 principale
1620 4250 1774 4329 verbum,
1806 4268 1924 4333 nempe
1954 4251 2078 4332 frastra
2099 4257 2128 4315 te

123 4337 193 4400 fore
223 4336 326 4419 agiles
355 4347 387 4400 et
417 4344 569 4399 strenuos
603 4341 640 4398 nt
673 4353 731 4415 per
760 4333 864 4399 nubes
890 4331 1037 4412 volitent,
1069 4344 1102 4400 ct
1153 4356 1258 4402 ornos.
1303 4335 1349 4399 Et
1377 4335 1450 4400 ideo
1480 4335 1642 4419 particula
1670 4348 1702 4401 ι)
1733 4333 1830 4399 debet
1861 4334 1982 4400 resolvi
2011 4336 2047 4399 in
2070 4337 2127 4400 ad-

123 4442 222 4502 rupee
251 4418 512 4487 transscendent.
561 4418 636 4485 Uno
665 4430 775 4483 temen
805 4426 962 4484 contextu
992 4419 1101 4503 legere
1153 4420 1317 4500 verbium,
1347 4423 1505 4503 quamvis.
1551 4419 1647 4501 Quod
1670 4430 1780 4484 autem
1802 4420 1948 4485 referunt
1971 4421 2032 4485 hoc
2054 4422 2126 4503 qui-

122 4507 217 4579 malo,
239 4506 274 4570 in
297 4505 376 4590 iuga
397 4503 525 4588 trepida
547 4525 612 4570 non
635 4504 704 4568 lore
727 4504 830 4569 nubes
847 4501 980 4569 Iudaeis
1002 4507 1101 4571 nimis
1154 4508 1228 4571 dam
1251 4505 1293 4571 ad
1315 4508 1551 4584 caeremonias,
1584 4503 1701 4588 quibus
1735 4505 1925 4589 hypocritae
1951 4514 2069 4587 putant
2091 4527 2126 4570 ee

124 4593 259 4657 arduas:
296 4591 450 4672 quoniam
488 4590 632 4655 culmina
669 4591 828 4654 montium
865 4604 961 4671 saepe
997 4590 1100 4657 obsita
1152 4592 1279 4675 protegi
1302 4600 1416 4657 eontra
1437 4591 1501 4657 Dei
1523 4591 1690 4669 indicium,
1719 4592 1817 4655 nimis
1838 4599 1989 4655 coactum
2011 4600 2070 4668 est,
2094 4604 2126 4657 ct

122 4688 199 4743 sunt
226 4676 336 4741 densis
363 4676 542 4752 arboribus,
576 4685 614 4739 nt
643 4674 711 4740 sint
740 4673 808 4739 illic
840 4673 996 4739 obscurae
1029 4697 1099 4740 um·
1152 4698 1288 4760 prorsus
1321 4676 1475 4745 alienum.
1519 4676 1646 4741 Verum
1679 4675 1810 4758 quidem
1844 4684 1909 4755 est,
1942 4675 2125 4759 hypocritis

123 4763 218 4827 brae:
241 4769 350 4844 potest
371 4761 418 4825 ita
433 4763 553 4844 exponi
567 4761 667 4839 locus,
688 4759 773 4842 quod
793 4759 971 4843 fugientiu
987 4760 1100 4843 sylvas
1152 4783 1281 4844 semper
1310 4763 1529 4828 caeremonias
1562 4782 1633 4826 esse
1666 4761 1838 4843 speluncas
1872 4759 2055 4837 latronum,
2088 4774 2125 4826 nt

122 4848 249 4912 densas.
295 4845 463 4928 Quidquid
485 4847 539 4925 sit,
571 4866 638 4910 non
669 4843 804 4909 dubium
835 4853 885 4910 est
913 4847 992 4926 quin
1023 4867 1098 4929 pro·
1152 4846 1228 4913 alibi
1251 4845 1451 4912 videbimus:
1484 4847 1541 4912 sed
1564 4846 1625 4912 hoc
1647 4847 1718 4912 loco
1740 4844 1901 4928 propheta
1929 4847 2063 4929 respicit
2083 4847 2123 4911 ad

122 4932 221 5015 pheta
242 4930 297 4997 hic
319 4933 390 4995 loca
411 4931 541 4996 excelsa
570 4930 734 5015 designet:
765 4929 837 4994 ideo
864 4931 985 4995 certior
1015 4943 1100 4997 esset
1151 4933 1372 4998 meretricium
1395 4940 1555 5009 ornatum,
1583 4933 1659 5014 quia
1681 4931 1833 5015 populus,
1857 4936 1894 4994 nt
1916 4940 1993 4996 ante
2016 4933 2123 4997 visum

121 5037 247 5100 sensus,
270 5017 297 5082 si
320 5017 464 5099 placeret
486 5018 626 5081 retinere
650 5036 769 5080 nomen
788 5015 893 5080 nubis.
927 5014 1098 5096 Quantum
1152 5027 1218 5099 est,
1254 5017 1372 5084 similis
1405 5025 1477 5082 erat
1513 5017 1678 5083 adulterae
1711 5017 1853 5081 mulieri.
1908 5016 2001 5081 Deus
2034 5019 2123 5081 enim

121 5103 253 5167 adrem
276 5103 381 5185 ipsam
404 5108 539 5184 spectat,
571 5101 719 5168 videmus
748 5101 826 5183 quid
850 5100 946 5166 velit:
980 5123 1098 5186 nempe
1151 5125 1279 5171 sacrum
1302 5103 1444 5185 coniugii
1467 5103 1579 5167 foedus
1601 5103 1772 5188 pepigerat
1793 5123 1867 5168 cum
1889 5101 1971 5166 illis:
1998 5103 2123 5168 defece·

122 5188 232 5253 hostcs
264 5208 325 5252 sua
353 5188 546 5270 pernicitate
572 5207 667 5270 pares
697 5188 765 5252 fore
796 5186 923 5269 aquilis,
955 5195 993 5251 ut
1022 5209 1099 5271 pro·
1150 5199 1242 5256 rant:
1276 5210 1355 5273 ergo
1377 5188 1434 5253 illa
1457 5189 1593 5272 perfidia
1619 5189 1734 5254 similis
1763 5189 1826 5253 init
1849 5186 2022 5254 defectioni
2050 5210 2122 5254 mu·

120 5275 237 5356 fligent
259 5271 417 5338 Iudaeos:
441 5274 494 5338 vel
518 5274 603 5356 quod
626 5273 732 5357 magis
754 5282 921 5355 receptum
942 5280 1004 5354 est,
1026 5284 1097 5340 tan·
1149 5276 1238 5342 lieris
1261 5274 1436 5352 adulterae,
1460 5294 1543 5358 quae
1565 5275 1680 5339 relicto
1703 5274 1820 5338 marito
1844 5284 1984 5357 vagatur
2005 5274 2071 5339 huo
2089 5284 2123 5339 et
