4784 5970
137 353 200 418 605
876 355 926 421 IN
948 354 1198 422 maculant.
1242 353 1343 421 OAP.
1361 354 1404 419 V.
2075 353 2140 418 606

131 543 226 608 ⁴aiom
253 543 364 626 defecit
391 543 502 607 animo
529 562 599 608 meo
625 545 754 626 prepter
781 543 998 625 interfectores.
1048 544 1114 611 Hie
1165 551 1243 609 tune
1265 545 1338 608 visa
1366 543 1431 608 luit
1461 543 1582 610 habere
1614 542 1726 608 sedem
1759 564 1851 609 suam
1882 551 1916 606 et
1938 539 2139 607 domicilium

136 628 296 711 propheta
318 627 493 713 signifieat,
515 629 612 692 etiam
630 628 657 692 si
673 626 728 692 alii
744 646 859 694 omnes
876 630 1060 695 caecutiant
1077 631 1113 695 in
1164 629 1405 713 lerosolymae,
1441 627 1514 694 ideo
1546 629 1601 694 hio
1635 630 1726 694 Deus
1758 630 1922 695 convertit
1954 645 2138 692 sermonem

136 712 219 794 luce,
241 721 353 779 tamen
371 712 432 780 sibi
450 713 664 797 conspicuum
683 731 755 779 esse
770 713 851 779 illud
866 713 931 780 Dei
946 713 1113 794 iudicium,
1165 735 1261 780 suum
1291 725 1406 781 contra
1434 716 1548 780 urbem
1580 714 1687 793 illam,
1721 735 1805 797 quae
1838 712 2000 779 retinebat
2032 710 2140 779 adhue

136 797 222 880 qued
243 799 411 879 ridebant,
440 799 495 864 rel
517 800 632 866 saltem
661 818 721 882 pro
744 799 848 865 nihilo
869 798 1033 866 ducebant
1054 803 1114 865 im·
1165 801 1307 883 speeiem
1329 801 1472 882 aliquam
1493 800 1686 877 sanctitatis,
1709 813 1744 864 ct
1762 799 1945 866 excellebat
1965 817 2046 879 prae
2066 797 2140 862 aliis

136 883 229 967 probi
266 892 301 949 et
336 884 497 950 scelerati.
556 883 648 950 Dicit
683 885 825 950 onmem
860 905 954 950 suom
989 887 1115 968 delicere
1165 885 1310 951 urbibus.
1355 884 1445 950 Dicit
1474 887 1586 971 igitur,
1620 884 1789 968 Inquirile,
1821 885 1929 964 videa
1961 883 2139 968 cepeoses'te,

130 973 261 1051 prepter
277 969 463 1054 interfectos,
485 976 520 1035 et
537 978 646 1035 umen
665 968 811 1035 nendum
829 972 987 1053 quispiam
1005 971 1114 1037 luerat
1165 971 1309 1053 inspicite
1330 991 1373 1036 ea
1389 972 1448 1036 erit
1465 973 1526 1036 eir.
1559 971 1728 1036 Permittit
1745 970 1798 1038 hie
1816 970 1973 1036 iudicium
1995 966 2139 1033 mortali·

136 1054 345 1122 interiectus:
378 1056 436 1120 sed
458 1058 493 1120 in
516 1055 578 1121 hae
600 1053 756 1138 loquendi
788 1056 896 1140 figura
926 1054 1019 1122 docet
1051 1057 1113 1122 sibi
1166 1056 1244 1121 bus:
1278 1057 1370 1140 quasi
1392 1055 1529 1134 diceret,
1561 1055 1683 1121 Adsint
1705 1078 1833 1122 omnes:
1868 1056 1897 1121 si
1919 1054 2036 1120 volunt
2057 1050 2140 1117 mihi

135 1139 201 1204 iam
220 1140 360 1225 proponi
379 1149 457 1206 ante
474 1140 585 1206 oeulos
607 1161 690 1223 quae
710 1139 784 1206 aliis
802 1153 897 1207 erant
914 1142 1114 1226 abscondita,
1165 1140 1280 1206 Iudaei
1309 1162 1420 1207 creare
1442 1141 1618 1221 invidiam,
1649 1153 1682 1206 et
1703 1152 1887 1224 queruntur
1908 1140 1949 1205 de
1971 1139 2073 1203 nimie
2095 1138 2140 1202 ri·

136 1232 168 1288 et
189 1223 263 1291 ideo
285 1247 351 1292 non
374 1224 550 1293 movebant
571 1245 685 1291 eorum
707 1227 843 1293 animos.
889 1226 1060 1310 Sequitur,
1166 1247 1261 1311 gere,
1293 1227 1387 1309 quasi
1416 1226 1643 1292 inhumaniter
1664 1249 1684 1292 a
1705 1248 1758 1292 me
1780 1231 1972 1303 tractentur,
2007 1225 2140 1288 veniant

1165 1313 1351 1394 quicunque
1372 1333 1444 1378 esse
1465 1314 1582 1380 v‘elunt
1603 1311 1735 1388 iudices,
1764 1312 1942 1395 inquirant,
1973 1311 2138 1376 scisciten-

1166 1407 1230 1476 tur,
1252 1407 1497 1481 pertententur:
1521 1397 1578 1463 ubi
1596 1408 1705 1464 autem
1724 1398 1786 1464 beo
1806 1403 2008 1480 compertum
2031 1394 2138 1470 fuerit,

1165 1504 1208 1547 ne
1230 1504 1333 1548 unum
1366 1483 1498 1566 quidem
1521 1485 1631 1550 virum
1662 1506 1733 1549 esse
1766 1485 1906 1560 iustum,
1939 1481 2017 1565 quid
2050 1479 2138 1546 aliud

1166 1577 1331 1653 superest,
1368 1569 1430 1633 uisi
1454 1579 1491 1633 ut
1514 1569 1591 1634 urbs
1614 1569 1672 1634 illa
1701 1571 1837 1653 pereat?
1871 1589 1947 1634 uam
1976 1566 2054 1650 quid
2082 1567 2139 1631 fiet

437 1640 577 1709 CAPUT
604 1640 815 1723 QUINTUM.
1165 1675 1239 1719 cum
1270 1653 1407 1738 perditis
1429 1664 1463 1719 et
1485 1654 1672 1737 deploratis,
1703 1654 1766 1720 nisi
1790 1665 1828 1719 ut
1849 1653 2007 1719 indicium
2030 1672 2139 1716 meum

1165 1751 1280 1806 contra
1309 1741 1397 1823 ipsos
1420 1744 1616 1806 exerceam?
1647 1740 1679 1806 N
1682 1763 1744 1806 une
1773 1759 1851 1823 ergo
1881 1749 2033 1804 tenemus
2062 1757 2138 1802 con·

223 1823 252 1887 1.
277 1822 415 1890 arcuere
430 1843 492 1904 per
512 1824 584 1888 eius
611 1823 681 1909 (alii
705 1833 848 1902 vertunt,
871 1825 1035 1907 inquirite,
1059 1827 1112 1889 vel
1164 1824 1273 1889 silium
1307 1826 1496 1908 prophetae.
1546 1825 1629 1890 Vult
1661 1826 1750 1891 euim
1784 1826 1838 1890 hic
1873 1823 2044 1890 occludere
2080 1841 2138 1886 ora

135 1908 316 1990 explorate,
350 1908 404 1973 vel
437 1912 634 1993 investigate
664 1929 722 1991 per
744 1909 828 1994 rias)
859 1910 1051 1994 Ierusolm,
1085 1916 1113 1976 et
1163 1909 1304 1988 Iudaeis,
1334 1922 1502 1975 eteorum
1532 1911 1713 1977 calumnias
1735 1910 1893 1991 refellere,
1922 1931 1963 1974 ne
1985 1909 2058 1973 Deo
2081 1908 2138 1972 eb·

133 1994 242 2077 ridde,
265 1996 401 2077 opedam
426 1994 494 2079 (bic
515 1995 603 2060 enim
626 2007 663 2062 to
686 2005 736 2061 est
758 1994 939 2061 hortantis:
962 1996 1111 2077 proxime
1163 2006 1321 2079 strepant,
1351 1996 1402 2061 vel
1426 2000 1581 2061 accusent
1603 1998 1758 2062 iudicium
1781 1997 1861 2079 eius,
1889 1997 1983 2077 quasi
2005 1993 2137 2058 medum

136 2100 232 2144 versu
256 2079 368 2144 debuit
386 2081 483 2157 verti,
507 2101 605 2156 nunc,
630 2101 692 2145 vae
714 2102 803 2147 nuno
826 2079 931 2164 mihi),
953 2085 981 2146 et
1001 2096 1126 2164 eoquo-¹
1163 2083 1316 2147 excedat:
1346 2089 1380 2146 et
1400 2081 1543 2147 ostendit
1564 2085 1663 2147 etiam
1685 2083 1713 2148 si
1736 2080 1776 2146 ad
1799 2080 1930 2147 veniam
1958 2097 2139 2161 propensus
2234 2094 2237 2101 ’

134 2165 218 2245 scite,
240 2171 270 2231 et
289 2167 440 2249 inquirite
460 2166 495 2230 ia
516 2166 595 2231 eicie
616 2167 685 2230 cios
713 2164 761 2252 (in
784 2166 935 2248 compitis
957 2167 1041 2253 eius)
1068 2187 1112 2231 oo
1163 2167 1207 2230 sit
1225 2167 1327 2245 Dens,
1350 2188 1417 2232 non
1440 2188 1511 2233 esso
1534 2178 1644 2232 tamen
1667 2167 1774 2233 loeum
1799 2166 1922 2244 veniae,
1944 2175 1978 2230 et
1999 2164 2138 2230 clemen·

134 2251 298 2316 invenietis
325 2252 444 2334 elram,
478 2271 522 2316 aa
548 2252 609 2317 erit
636 2253 691 2332 qui
719 2253 820 2333 societ
847 2251 1003 2317 iudicium
1036 2253 1112 2338 (hee
1164 2253 1243 2317 tiam
1266 2254 1335 2319 eius
1357 2252 1487 2319 excludi
1511 2253 1551 2318 ab
1574 2253 1630 2318 illa
1656 2263 1725 2318 tam
1754 2252 1882 2334 perdita
1910 2250 2137 2323 obstinatione,

136 2347 199 2412 est,
231 2336 488 2419 rectitudinem),
521 2338 579 2418 qui
610 2344 743 2419 quaeret
774 2340 944 2417 νινιῗιαιιιιι,
978 2344 1005 2402 et
1031 2359 1111 2420 per·
1163 2359 1263 2420 quum
1286 2339 1352 2404 iam
1377 2338 1487 2403 nullus
1517 2348 1603 2404 esset
1625 2339 1676 2404 vir
1698 2337 1920 2421 lerosolymae
1953 2336 2011 2419 qui
2041 2333 2138 2401 recti·

134 2440 203 2486 eom
227 2420 288 2487 illi.
1164 2423 1272 2488 tudini
1302 2421 1456 2489 studeret.
1501 2423 1567 2491 Hie
1590 2436 1702 2490 tamen
1729 2430 1838 2505 posset
1859 2422 1954 2488 obiici
1982 2420 2137 2503 quaestio,

1163 2528 1221 2572 cur
1240 2508 1326 2573 dieat
1344 2508 1510 2585 Ieremias,
1534 2530 1575 2574 ne
1593 2531 1698 2576 unum
1719 2509 1852 2592 quidem
1875 2529 1970 2591 posse
1993 2505 2139 2589 reperiri,

220 2593 294 2659 Hoo
318 2614 424 2669 versu,
449 2592 722 2675 quemadmodum
745 2604 778 2658 et
800 2591 872 2657 aliis
890 2593 1110 2676 sequentibus,
1164 2614 1263 2674 quum
1287 2596 1356 2677 ipse
1375 2594 1596 2677 Ieroselymae
1619 2605 1714 2673 esset,
1737 2595 1874 2660 haberet
1896 2595 1994 2657 etiam
2016 2592 2138 2657 socium

135 2678 277 2743 ostendit
298 2679 390 2744 Deus
412 2699 447 2742 se
469 2700 535 2743 non
559 2698 630 2744 esse
652 2677 752 2743 nimis
772 2678 925 2761 rigidum,
946 2678 1001 2744 vel
1019 2698 1110 2745 seve·
1163 2679 1298 2744 Baruelr
1319 2692 1352 2744 et
1374 2679 1456 2744 alies
1476 2680 1648 2762 quosdam,
1678 2680 1719 2745 de
1742 2681 1861 2762 quibus
1881 2688 1995 2762 postea
2017 2677 2137 2743 videbi·

135 2785 219 2842 rum,
248 2765 397 2847 quamvis
419 2773 568 2828 extrema
589 2764 762 2829 denuntiet
787 2763 908 2846 populo
938 2784 1005 2842 suo,
1034 2766 1112 2847 quia
1165 2786 1237 2829 mus
1259 2787 1318 2831 sue
1340 2765 1419 2830 loce.
1464 2765 1571 2829 Erant
1600 2766 1704 2849 igitur
1723 2766 1758 2830 in
1783 2767 1864 2831 urbe
1894 2763 2043 2830 nonnulli
2070 2762 2138 2828 veri

135 2869 248 2913 eorum
272 2849 399 2913 malitia
422 2868 557 2930 prorsus
579 2851 621 2914 sit
644 2849 846 2927 insanabilis,
876 2869 982 2932 neque
1010 2852 1112 2932 pessit
1164 2850 1229 2914 Dei
1250 2851 1405 2916 cultores:
1430 2860 1462 2914 et
1479 2861 1644 2933 superstes
1666 2859 1737 2916 erat
1758 2851 1867 2916 adhue
1888 2850 1924 2915 in
1945 2849 2137 2932 quibusdam

135 2935 276 2999 inveniri
300 2934 364 2999 alia
385 2935 476 2999 ratio.
523 2932 653 3001 Scimus
676 2935 763 3001 enim
786 2934 863 3017 quid
886 2955 984 3018 saepe
1012 2945 1111 3001 teste·
1164 2936 1282 3018 pietas,
1316 2937 1466 3019 quamvis
1495 2940 1582 3001 esset
1610 2938 1752 3021 exiguus
1782 2955 1948 3001 numerus.
1998 2932 2140 2999 Videtur

135 3027 189 3085 tur
211 3020 448 3103 inscriptura,
478 3041 595 3103 nempe
617 3043 651 3087 se
674 3041 746 3086 esse
775 3019 972 3103 patientem,
1003 3031 1036 3086 et
1057 3043 1112 3086 ex·
1164 3042 1242 3105 ergo
1270 3021 1332 3088 boe
1362 3043 1433 3087 esse
1466 3022 1722 3104 hyperbolicum.
1768 3020 1835 3089 Sed
1867 3020 2046 3087 notandum
2079 3028 2138 3098 est,

135 3115 301 3189 spectare,
335 3105 414 3170 dum
437 3107 630 3188 resipiscant
659 3114 852 3188 peccateres.
898 3104 1010 3186 Quum
1033 3128 1111 3191 erge
1164 3106 1358 3190 prophetam
1377 3107 1430 3171 hio
1445 3128 1520 3173 eum
1539 3108 1660 3190 populo
1677 3128 1786 3192 agere,
1807 3109 1957 3190 sepositis
1978 3107 2138 3172 fidelibus.

135 3191 227 3258 Deus
249 3191 372 3275 passim
395 3190 599 3256 commendet
620 3212 713 3257 suam
736 3191 955 3270 elementiam,
983 3202 1016 3256 et
1037 3213 1111 3275 pro·
1164 3191 1238 3258 Hoc
1260 3201 1298 3258 ut
1319 3193 1439 3258 clarius
1471 3194 1544 3271 fiat,
1579 3194 1740 3259 tenendus
1769 3200 1820 3259 est
1841 3194 1932 3260 loeus
1953 3192 2010 3258 ille
2032 3190 2139 3257 Isaiae

135 3277 245 3343 mittat
266 3297 302 3343 se
324 3277 394 3340 fere
409 3275 616 3356 exorabilem,
639 3279 737 3342 etiam
753 3277 904 3358 pessimis
921 3277 1111 3361 quibusque,
1164 3279 1272 3362 eapite
1293 3283 1409 3344 octavo
1430 3276 1476 3364 (v.
1501 3277 1569 3364 16):
1595 3276 1744 3362 Obsigna
1765 3279 1882 3363 legem,
1905 3287 1938 3343 et
1959 3278 1981 3342 li
2007 3300 2026 3343 a
2048 3277 2139 3342 testi·

135 3364 163 3429 si
185 3362 394 3445 resipiscant:
417 3381 518 3444 quum
542 3362 629 3427 ultro
650 3363 748 3428 etiam
770 3371 923 3429 occurrat
937 3365 1113 3446 peccatori·
1165 3367 1311 3429 monium
1341 3364 1511 3446 discipulis
1539 3365 1630 3432 meis.
1674 3364 1740 3430 Ubi
1766 3366 1854 3429 euim
1877 3363 1968 3428 videt
2025 3384 2081 3428 eus
2103 3383 2139 3426 se

134 3449 205 3527 bus,
228 3457 338 3531 posset
359 3447 422 3513 boe
443 3445 548 3512 videri
570 3448 757 3526 absurdum,
780 3448 837 3514 nbi
858 3450 1005 3533 exsurgit
1021 3458 1114 3515 tanta
1164 3450 1327 3514 inutiliter
1344 3451 1476 3514 mittere
1494 3449 1696 3532 prophetam,
1720 3457 1753 3514 et
1768 3451 1889 3514 frustra
1907 3448 2051 3514 laborem
2069 3447 2140 3512 eius

134 3536 309 3618 asperitate
351 3542 466 3599 eontra
499 3534 668 3600 eeclesiam
699 3554 803 3600 suam.
859 3532 960 3615 Atqui
992 3537 1113 3601 seimus
1164 3537 1312 3601 consumi
1335 3535 1423 3616 apud
1443 3534 1594 3600 hemines
1617 3533 1771 3616 perditos,
1792 3534 1888 3617 Ligu,
1911 3533 2030 3615 iuquit,
2052 3534 2141 3598 testi·

135 3642 233 3704 quam
268 3620 443 3702 praefracti
473 3619 541 3684 sint
573 3620 682 3702 impii:
717 3622 825 3702 itaque
859 3638 927 3683 nen
960 3619 1114 3685 dubitant
1163 3621 1329 3702 monium,
1359 3629 1392 3683 et
1413 3620 1550 3703 obsigna
1571 3620 1676 3704 legem
1700 3620 1788 3684 inter
1810 3618 1993 3702 discipulos.
2039 3616 2141 3682 Vide·

135 3706 343 3788 expostulare
365 3725 439 3770 eum
455 3703 538 3788 Dee,
561 3712 595 3769 et
610 3705 697 3769 ultro
712 3723 879 3770 accersere
892 3705 929 3767 in
944 3704 1112 3784 iudicium,
1164 3725 1239 3769 mus
1260 3711 1298 3769 ut
1317 3702 1409 3769 Deus
1431 3704 1524 3787 quasi
1545 3724 1694 3771 seorsum
1717 3705 1850 3789 colligat
1871 3724 1991 3786 pancos
2012 3703 2085 3769 illes
2106 3703 2141 3767 in

136 3792 227 3873 quasi
266 3790 340 3855 illos
377 3789 554 3856 crudeliter
588 3795 752 3855 tractaret.
806 3789 904 3854 Hane
938 3790 1040 3873 igitur
1071 3790 1112 3855 eb
1164 3789 1281 3871 quibus
1304 3789 1473 3855 residuum
1496 3801 1567 3855 erat
1589 3790 1721 3872 pietatis
1753 3810 1881 3866 semen,
1914 3791 1980 3854 imo
2003 3791 2037 3854 iu
2059 3810 2141 3871 quo·

134 3895 267 3942 eausam
291 3893 381 3940 nune
403 3876 546 3940 ostendit
563 3875 654 3940 Deus
669 3874 732 3939 sibi
753 3895 820 3939 uon
843 3895 916 3940 esse
936 3875 1112 3958 integrum,
1164 3897 1237 3940 rum
1259 3876 1381 3941 animis
1403 3875 1535 3959 vigebat
1562 3876 1671 3957 aliqua
1693 3875 1817 3959 religio.
1862 3875 1937 3941 Non
1960 3882 2057 3941 erant
2078 3877 2140 3959 igi-

134 3963 305 4047 ignoseere
328 3960 466 4044 popule:
490 3960 601 4024 Etiam
624 3961 652 4025 si
673 3961 783 4040 velim,
810 3960 925 4042 inquit,
950 3980 1015 4025 non
1039 3981 1112 4043 pes-
1164 3968 1220 4026 tur
1245 3960 1294 4024 illi
1317 3982 1336 4025 e
1357 3961 1484 4043 populo.
1530 3958 1586 4026 Sic
1615 3959 1714 4025 etiam
1742 3961 1900 4026 Ieremias
1931 3980 1998 4025 nen
2029 3972 2141 4026 censet

136 4069 219 4113 sum.
257 4045 421 4129 Loquitur
444 4044 577 4127 quidem
599 4045 803 4126 humanitus,
825 4044 883 4111 sed
899 4045 960 4111 hae
975 4046 1112 4124 ratione,
1164 4066 1269 4129 neque
1290 4046 1436 4120 Barneb,
1464 4066 1572 4129 neque
1594 4045 1674 4111 alios
1696 4047 1730 4112 in
1754 4047 1873 4129 populo
1895 4046 2049 4132 reprobo:
2082 4045 2139 4112 sed

135 4132 409 4214 quemadmodum
441 4130 526 4208 dixi,
568 4131 710 4196 ostendit
748 4152 784 4197 se
824 4139 966 4196 tentasse
999 4150 1113 4197 omnes
1164 4131 1342 4215 alloquitur
1359 4133 1466 4214 ipsum
1486 4153 1612 4214 eorpus,
1630 4132 1907 4215 quemadmodum
1926 4131 2047 4197 dictum
2067 4133 2139 4197 fuit.

136 4219 222 4297 vias,
254 4220 448 4301 priusquam
471 4216 512 4282 ad
535 4216 686 4281 ultimam
710 4216 917 4282 sevemtatem
940 4215 1111 4282 descende
1164 4218 1232 4282 Alii
1255 4219 1342 4281 enim
1365 4219 1431 4281 iam
1460 4224 1556 4282 e'rant
1586 4219 1728 4300 separati
1760 4239 1827 4282 non
1860 4227 1989 4283 tuntum
2019 4237 2139 4282 arcano

136 4318 202 4369 ret:
226 4324 343 4369 verum
367 4302 450 4368 nibil
472 4301 610 4366 remedii
633 4301 774 4384 amplius
797 4322 867 4368 esse
889 4300 1114 4385 indesperata
1164 4301 1228 4368 Dei
1251 4301 1381 4376 iudicio,
1415 4301 1472 4367 sed
1505 4312 1618 4385 aperta
1646 4304 1818 4369 sententia.
1863 4303 1942 4368 Ideo
1965 4323 2042 4368 vere
2064 4322 2139 4385 pro-

137 4389 249 4472 pepuli
271 4389 407 4454 malitia.
452 4387 498 4452 Et
519 4386 583 4453 hoe
605 4388 704 4452 etiam
727 4387 850 4472 optime
872 4387 975 4453 verba
1002 4390 1112 4470 expri·
1164 4387 1310 4466 nuntiat,
1339 4387 1388 4452 Ne
1408 4409 1508 4453 caum
1528 4389 1652 4469 quidem
1674 4410 1748 4454 esse.
1792 4388 1950 4472 Spectare
1971 4388 2059 4452 enim
2083 4388 2138 4455 de·-

135 4486 241 4550 muut,
266 4473 410 4555 Girusde,
432 4474 550 4556 inquit,
570 4492 632 4553 per
652 4474 723 4538 eius
745 4472 932 4550 semeles,
955 4477 984 4537 et
1004 4474 1113 4555 uidete,
1164 4474 1279 4539 bemus
1312 4493 1387 4539 eum
1417 4473 1535 4556 quibus
1568 4485 1646 4539 tunc
1675 4483 1761 4541 esset
1789 4475 1838 4539 illi
1866 4484 2040 4541 certamen.
2085 4473 2138 4539 Ab

136 4561 266 4642 obsecre,
289 4560 464 4642 cognoscite,
486 4559 638 4641 inquisite
654 4578 715 4640 per
736 4559 842 4624 omnio
863 4560 1005 4642 compito.
1050 4559 1113 4624 Po·
1164 4580 1231 4624 uua
1261 4567 1352 4641 parte
1379 4579 1437 4624 rex
1460 4568 1494 4624 et
1515 4558 1707 4640 consiliarii,
1741 4569 1777 4624 ut
1804 4571 1899 4626 erent
1928 4560 2034 4625 inflati
2064 4581 2138 4642 pro·

137 4655 222 4711 terat
244 4666 309 4710 une
333 4644 564 4711 verbodicere
587 4643 760 4710 Ieremias:
785 4643 822 4710 Si
845 4658 993 4726 repertus
1015 4644 1115 4709 inerit
1164 4643 1383 4723 missionibus,
1406 4665 1487 4727 quas
1510 4655 1619 4709 tamen
1642 4644 1725 4710 ialso
1746 4645 1786 4710 ad
1808 4667 1843 4711 se
1866 4647 2049 4723 trahebant,
2072 4667 2137 4710 non

136 4733 189 4796 vir
211 4751 297 4795 unus
320 4731 354 4794 iu
377 4730 467 4807 urbe,
489 4751 550 4814 ego
573 4739 708 4812 paratus
730 4749 786 4795 ere
809 4729 850 4794 ad
868 4730 1112 4814 ignoscendum.
1163 4729 1323 4814 putabant
1349 4732 1421 4795 fieri
1443 4750 1547 4813 pesse,
1577 4741 1613 4795 nt
1635 4752 1779 4814 unquam
1809 4731 1994 4798 concideret
2017 4731 2138 4796 solium

137 4815 204 4883 Sed
226 4814 321 4880 Deus
344 4815 398 4881 hic
420 4815 585 4897 permittit
613 4815 672 4880 teti
693 4814 816 4880 munde
844 4815 1011 4897 inquirere
1039 4813 1112 4880 dili·
1163 4815 1321 4881 Davidis:
1354 4816 1447 4882 Hace
1480 4814 1611 4898 requies
1643 4837 1716 4881 mea
1746 4817 1782 4881 in
1809 4817 1974 4882 saeculum
2006 4816 2137 4883 saeculi.

136 4912 252 4988 genter
281 4909 313 4966 et
345 4900 459 4966 sedule
493 4900 599 4983 qualis
631 4901 676 4966 sit
706 4909 812 4966 status
845 4900 937 4966 urbis
970 4909 1112 4986 sauctae,
1164 4899 1330 4981 Quamdiu
1358 4911 1456 4966 erunt
1484 4901 1547 4977 sol,
1582 4911 1615 4966 et
1641 4902 1722 4967 luna
1743 4904 1776 4967 iu
1800 4903 1899 4981 coelo,
1932 4915 2030 4969 erunt
2056 4902 2138 4967 mihi

137 5007 255 5072 nempe
289 5007 372 5068 quae
395 4986 456 5051 hoe
478 4986 575 5051 titulo
609 4986 821 5070 gloriabatur.
865 4985 963 5051 Nune
992 4995 1111 5070 autem,
1163 4993 1271 5065 testes,
1305 4996 1342 5051 ut
1372 5007 1539 5067 nunquam
1568 4987 1741 5053 intercidat
1770 5008 1881 5053 semen
1912 4997 2003 5054 tuum
2034 4987 2137 5074 (Psal.

137 5072 413 5156 quemadmodum
435 5081 468 5136 et
486 5072 638 5156 proxime
660 5092 769 5148 versu,
792 5092 978 5137 sermonem
1001 5072 1113 5156 dirigit
1164 5072 1237 5156 132,
1254 5071 1311 5151 14;
1330 5071 1418 5137 Psal.
1436 5071 1486 5151 89,
1502 5072 1568 5159 37).
1602 5075 1733 5138 Armati
1754 5085 1848 5138 erant
1867 5074 1986 5140 talibus
2008 5075 2136 5159 elogiis:

29 5172 33 5179 ·
137 5167 252 5225 eontra
269 5156 518 5244 lerosolymam.
549 5157 725 5240 [loquutus
744 5160 849 5223 fuerat
866 5157 907 5222 de
925 5157 997 5222 aliis
1015 5159 1111 5223 etium
1163 5158 1219 5224 sed
1242 5158 1520 5241 quemadmodum
1549 5160 1739 5244 hypocritae
1769 5159 1848 5225 falso
1871 5157 2053 5225 obtendunt
2072 5158 2136 5224 Dei

137 5245 254 5311 vicinis
277 5244 428 5309 urbibus:
451 5243 681 5326 sedquoniam
705 5245 860 5310 sauctitas
882 5243 983 5309 totius
1005 5251 1112 5310 terrae
1163 5245 1403 5328 promissiones,
1420 5245 1466 5308 ita
1482 5244 1580 5310 etiam
1597 5245 1774 5311 nebulones
1789 5246 1837 5310 illi
1854 5244 2017 5311 iactabant
2028 5247 2135 5312 Deum
