4784 5970
202 361 264 427 317
1057 361 1209 427 CAPUT
1232 358 1342 426 LVII.
2132 364 2195 431 318

203 555 302 632 atque
323 552 476 617 convenit
498 571 572 616 oum
595 551 668 616 aliis
688 551 870 631 scripturae
896 550 991 628 locis,
1026 551 1080 614 ubi
1111 551 1175 614 ista
1225 549 1521 630 interpretationes.
1567 550 1659 616 Inter
1681 549 1760 614 alias
1784 551 1863 615 haec
1883 552 2118 633 congruentior
2147 556 2195 617 vi·

203 634 267 700 duo
289 637 443 721 coniungi
471 635 593 702 solent:
627 636 807 701 Dominum
837 633 985 700 habitare
1014 636 1046 699 in
1075 635 1173 714 coelo,
1198 688 1201 697 .
1226 633 1340 698 detur:
1381 635 1531 716 spiritum
1565 634 1716 700 videlicet
1749 634 1840 699 indui
1873 656 2006 718 corpore
2039 643 2193 720 tanquam

203 731 237 786 11
258 742 366 786 rernm
390 722 607 787 humanarum
630 742 751 798 curam,
776 722 965 803 praesertim
990 740 1067 785 vero
1090 720 1174 786 filio·
1198 716 1200 765 t
1226 729 1330 784 veste:
1364 720 1453 783 unde
1481 722 1580 786 etiam
1610 741 1725 805 corpus
1755 719 2000 786 tabernaculum
2030 731 2063 785 11
2091 725 2194 789 veluti

201 827 285 887 rum,
307 806 438 884 habere,
460 808 556 873 sicuti
580 828 683 890 nuper
705 807 809 892 attigi.
1226 804 1427 871 domicilium
1450 807 1584 888 spiritus
1614 816 1760 873 vocatur.
1805 806 1841 872 Si
1871 805 1955 871 hanc
1984 807 2193 892 significatio·

288 892 458 977 (Habitant
479 894 514 956 ia
529 892 759 977 perpetuitate.)
803 892 872 958 Nos
894 912 974 957 vero
1005 891 1173 957 instabiles
1225 911 1301 954 nem
1324 890 1508 974 recipimus,
1530 892 1653 975 duplex
1675 893 1737 955 erit
1759 912 1885 957 sensus.
1926 892 2082 957 Nonnulli
2107 897 2193 959 enim

201 999 325 1054 sumus,
349 977 575 1044 transierimus
598 978 661 1044 huo
684 986 781 1061 atque
810 979 888 1043 illuo
916 977 1024 1043 studia
1053 990 1173 1061 nostra,
1225 976 1313 1041 huuc
1345 977 1451 1042 locum
1492 977 1532 1042 de
1571 979 1687 1043 ultima
1726 978 1967 1043 resurrectione
2006 990 2194 1062 exponunt:

202 1084 261 1129 neo
282 1064 317 1129 in
339 1084 413 1129 eum
433 1064 532 1129 defixi
548 1070 684 1128 1111111
701 1064 802 1127 animi
820 1064 934 1140 nostri,
958 1085 1052 1146 quern
1072 1063 1171 1128 semel
1224 1062 1359 1144 spiritus
1380 1062 1536 1142 induetur,
1558 1064 1590 1127 id
1610 1072 1669 1142 est,
1690 1068 1860 1145 postquam
1879 1065 1997 1128 exierit
2016 1087 2034 1128 a
2053 1086 2195 1146 corpore,

201 1149 346 1233 amplexi
367 1171 493 1215 111111.
527 1147 668 1231 Separat
684 1169 763 1232 ergo
781 1148 890 1213 Deum
909 1148 949 1214 ab
968 1148 1171 1215 hominibus:
1223 1149 1342 1212 iterum
1366 1148 1400 1211 in
1424 1149 1538 1229 ipsum,
1562 1150 1708 1214 velutin
1731 1147 1928 1214 domicilium
1951 1170 2047 1214 suum
2066 1151 2193 1216 redibit.

201 1237 278 1319 qnia
300 1236 335 1300 in
357 1235 452 1300 illum
474 1235 565 1300 nulla
584 1233 670 1300 cadit
691 1233 911 1299 obumbratio:
933 1254 994 1299 nos
1012 1256 1089 1300 vero
1108 1256 1171 1299 uon
1223 1233 1276 1297 Ito
1297 1234 1360 1297 erit
1381 1246 1610 1316 argumentum
1634 1255 1652 1299 1
1674 1235 1796 1299 maiore
1819 1234 1858 1299 ad
1882 1237 1999 1317 miuus,
2022 1236 2093 1320 Ego
2112 1258 2193 1301 mor·

201 1342 315 1388 sumus
338 1342 375 1386 11
397 1322 579 1386 1111111111
605 1329 641 1385 ut
670 1331 825 1403 perpetuo
855 1340 1004 1385 curemus
1033 1342 1086 1386 eos
1116 1321 1172 1403 qui
1224 1328 1281 1383 tua
1302 1338 1437 1402 corpora
1459 1320 1637 1384 suscitabo:
1671 1342 1730 1386 cur
1752 1340 1830 1403 ergo
1853 1342 1920 1398 vos,
1949 1324 2077 1386 tametsi
2099 1323 2195 1387 semi·

201 1407 323 1471 auxilio
346 1415 456 1472 nostro
478 1426 559 1489 opus
581 1405 711 1471 habent.
758 1405 906 1472 8111111111
933 1406 1049 1472 111111.
1088 1420 1171 1497 nup
1224 1410 1379 1482 mortuos,
1406 1404 1438 1468 in
1461 1405 1629 1471 meliorem
1652 1408 1754 1471 vitam
1779 1427 1843 1470 non
1867 1406 2060 1471 restituam?
2107 1408 2195 1473 Alter

199 1492 364 1557 interdum
387 1514 444 1575 pro
467 1492 589 1575 templo
611 1492 782 1575 accipitur:
817 1492 869 1556 hic
894 1512 969 1556 vero
997 1513 1056 1574 pro
1082 1492 1172 1558 coelo
1224 1510 1349 1568 sensus,
1373 1511 1468 1573 quern
1492 1503 1676 1574 sequuntur
1697 1500 1730 1556 et
1757 1492 1828 1571 alii,
1859 1493 2035 1574 simplicior
2064 1494 2129 1558 erit
2157 1516 2194 1561 ac

200 1579 281 1661 ipso.
331 1578 490 1645 Videmus
520 1598 673 1659 quorsum
704 1576 868 1641 Dominus
899 1599 933 1642 se
961 1587 1108 1643 sanctum
1139 1589 1172 1643 et
1224 1574 1349 1641 melior.
1392 1577 1561 1641 Remotior
1583 1579 1670 1643 enim
1693 1578 1825 1642 videtur
1846 1598 1865 1643 1
1887 1588 2042 1643 contextu
2065 1579 2122 1644 illa
2144 1581 2193 1645 11-

201 1665 426 1747 sanctiorque
449 1663 566 1729 excelsi
591 1663 813 1730 lociincolam
842 1674 951 1727 vocet:
985 1684 1110 1747 nempe,
1133 1673 1173 1730 ut
1225 1663 1416 1745 terpretatio
1439 1662 1480 1728 de
1494 1663 1611 1727 ultima
1627 1665 1875 1728 resurrectione.
1909 1664 1981 1748 Ego
1995 1665 2195 1731 circumdedi

201 1763 359 1834 quantum
383 1770 403 1815 1
425 1750 518 1815 nobis
542 1748 682 1825 differat,
712 1758 745 1813 et
767 1769 864 1830 quam
887 1747 1053 1814 dissimilis
1076 1758 1171 1814 natu·
1225 1768 1357 1832 corpore
1376 1748 1538 1830 spiritum,
1562 1771 1599 1814 ac
1614 1751 1641 1813 si
1658 1750 1791 1826 diceret,
1815 1750 1887 1834 Ego
1903 1750 2054 1815 homines
2069 1754 2194 1817 creavi:

199 1857 256 1901 rae
279 1835 337 1909 sit,
368 1836 600 1918 intelligamus.
645 1834 810 1899 Eximiam
835 1853 931 1915 porro
960 1833 1038 1899 hinc
1060 1855 1172 1900 conso-
1224 1833 1350 1899 habebo
1371 1835 1474 1917 igitur
1496 1836 1642 1917 ipsorum
1665 1856 1786 1899 curam.
1819 1836 1891 1918 Ego
1909 1856 1985 1900 vero
2000 1835 2194 1918 prophetam

199 1922 354 1987 lationem
378 1921 544 2003 percipere
566 1920 731 2004 debemus,
754 1918 839 2001 quod
860 1918 1022 1984 Dominus
1046 1920 1173 1986 miseris
1225 1921 1377 1983 existimo
1400 1918 1499 1984 altius
1521 1918 1747 1985 conscendere.
1781 1920 1887 1984 Docet
1908 1922 1994 1985 enim
2015 1920 2193 1988 Dominum

201 2007 315 2073 adesse
332 2005 431 2070 velit:
456 2007 521 2070 imo
544 2005 744 2070 domicilium
769 2006 829 2069 sihi
852 2006 938 2069 inter
956 2005 1044 2087 ipsos
1063 2007 1172 2090 eligat,
1225 2016 1291 2068 tum
1321 2004 1496 2068 clementer
1527 2017 1624 2086 atque
1653 2006 1862 2088 indulgenter
1892 2006 2058 2071 nobiscum
2088 2030 2194 2092 agere,

200 2092 296 2158 modo
318 2093 442 2157 11111111
464 2101 641 2175 agnoscant
664 2092 811 2157 miserias
833 2111 917 2155 suas.
952 2090 1062 2157 Variis
1084 2094 1171 2156 enim
1225 2089 1309 2172 quod
1334 2100 1539 2173 perspectum
1564 2089 1681 2154 habeat
1704 2111 1801 2173 quam
1821 2090 1942 2156 debiles
1958 2103 2055 2174 atque
2070 2093 2193 2158 infirmi

199 2178 439 2244 calamitatibus
472 2188 667 2259 premuntur
701 2177 797 2241 mali:
831 2175 886 2239 sed
921 2177 1043 2242 feroces
1075 2188 1172 2259 atque
1224 2175 1342 2240 simus:
1377 2176 1645 2259 quemadmodum
1675 2178 1771 2240 etiam
1801 2176 1875 2241 aliis
1905 2178 2086 2259 scripturae
2116 2179 2194 2244 locis

199 2265 275 2330 elati
299 2284 369 2327 1111
392 2284 458 2327 111
477 2262 637 2327 11111111.
670 2262 843 2327 1111111111
863 2262 1085 2345 propinquum
1104 2263 1173 2326 1111
1224 2261 1421 2326 ostenditur:
1460 2271 1497 2325 ut
1525 2260 1656 2325 Psalmo
1688 2262 1749 2327 103
1778 2262 1822 2348 (v.
1847 2262 1888 2326 13
1909 2262 1986 2347 sq.):
2028 2263 2192 2344 Quemad-

198 2350 260 2416 sibi
283 2349 393 2413 Deum
417 2349 606 2431 sperabunt.
651 2346 791 2430 Oportet
813 2349 901 2411 enim
932 2348 1072 2412 humiles
1101 2350 1170 2412 ani·
1224 2347 1358 2410 modum
1397 2358 1489 2428 pater
1527 2350 1700 2413 miseretur
1740 2348 1897 2426 filiorum,
1945 2351 1991 2412 111
2030 2349 2193 2415 Dominus

198 2458 269 2501 mos
288 2456 324 2501 11
342 2456 417 2499 1111
440 2434 580 2499 deiectos
602 2454 683 2516 esse,
707 2432 826 2516 siquid
847 2433 952 2498 aDeo
970 2433 1173 2498 allevationis
1225 2433 1408 2496 timentium
1432 2434 1549 2515 ipsum.
1593 2432 1696 2498 Novit
1717 2434 1932 2499 conditionem
1957 2446 2113 2513 nostram,
2142 2458 2193 2500 rc-

199 2528 395 2603 exspeotcnt.
441 2520 531 2603 Ergo
554 2518 594 2583 ad
617 2520 784 2584 exanimes
805 2540 909 2600 usque
931 2518 1105 2596 descendit,
1138 2531 1173 2584 ut
1225 2517 1362 2582 cordans
1385 2517 1470 2600 quod
1492 2517 1600 2600 pulvis
1630 2541 1751 2583 sumus.
1797 2521 1950 2585 Hominis
1981 2529 2071 2585 aetas
2100 2522 2193 2586 foeno

198 2608 301 2671 vitam
333 2626 453 2670 novam
487 2605 653 2687 inspirans
687 2604 727 2669 de
759 2605 889 2688 integro
929 2624 985 2669 eos
1026 2616 1171 2688 generet.
1225 2604 1339 2668 similis
1361 2614 1426 2682 est,
1455 2606 1615 2685 floretque
1638 2613 1675 2668 ut
1696 2606 1754 2670 flos
1784 2607 1818 2668 in
1846 2626 1932 2688 agro.
1977 2606 2069 2669 Idem
2093 2609 2191 2671 etiam

199 2693 324 2757 Iterum
348 2700 457 2755 autem
480 2691 672 2755 nominatim
695 2691 829 2772 spiritus
848 2691 990 2768 humilis,
1014 2703 1046 2753 et
1066 2691 1171 2755 cordis
1224 2689 1355 2753 Psalmo
1372 2689 1412 2753 78
1436 2689 1479 2774 (v.
1497 2690 1539 2754 38
1554 2689 1630 2774 sq.):
1651 2689 1727 2772 Ipse
1749 2700 1856 2754 tamen
1879 2690 1920 2754 ad
1939 2691 2192 2756 misericordiam

198 2778 309 2842 afflicti
332 2777 532 2841 mentionem
555 2777 642 2853 facit,
665 2785 703 2840 ut
724 2774 783 2840 has
805 2776 1036 2857 promissiones
1058 2776 1098 2839 ad
1117 2798 1171 2841 eos
1225 2794 1421 2856 propensus,
1462 2777 1621 2857 propitius
1655 2776 1716 2839 tuit
1756 2775 1921 2858 iniquitati
1962 2798 2092 2860 eornm,
2134 2799 2192 2843 111

198 2865 363 2948 pertinere
393 2863 535 2927 sciamus
565 2864 621 2943 qui
648 2862 684 2924 in
712 2860 951 2926 calamitatibus
981 2861 1048 2925 suis
1077 2882 1170 2943 prae·
1224 2858 1417 2942 disperdidit
1433 2881 1497 2943 eos,
1513 2875 1546 2924 et
1562 2880 1796 2941 saepenumero
1812 2863 1976 2926 revocavit
1990 2866 2071 2926 iram
2088 2885 2192 2940 suam,

197 2949 294 3014 111111
317 2956 348 3012 11
365 2958 574 3013 contumaces
596 2968 661 3010 non
683 2956 797 3011 erunt:
819 2947 875 3027 qui
898 2946 1034 3029 denique
1052 2947 1171 3012 ferocia
1224 2966 1284 3010 neo
1307 2966 1435 3011 omnem
1454 2947 1754 3011 excandescentiam
1772 2969 1864 3011 suam
1881 2948 2047 3031 excitavit,
2070 2969 2193 3013 memor

198 3035 284 3101 omni
310 3033 457 3116 deposita
478 3043 666 3097 mansuetos
687 3042 720 3097 et
742 3030 884 3097 humiles
901 3053 936 3096 sc
958 3032 1169 3115 praebebunt.
1224 3029 1311 3113 quod
1333 3052 1407 3095 caro
1431 3041 1541 3097 111111
1563 3032 1635 3114 ipsi,
1659 3044 1691 3096 11
1713 3044 1831 3097 ventus
1854 3034 1908 3114 qui
1931 3034 1996 3098 abit
2020 3054 2079 3099 nec
2097 3035 2191 3098 redit.

286 3120 335 3184 16.
365 3117 534 3204 (Quoniam
557 3139 619 3183 11111
647 3119 682 3183 ia
704 3116 913 3202 peponum.)
957 3119 1171 3200 Prosequitur
1223 3116 1315 3181 Idem
1338 3117 1418 3181 mihi
1442 3118 1572 3182 videtur
1595 3117 1647 3182 hic
1669 3117 1755 3181 velle
1777 3120 1946 3203 propheta,
1970 3140 2007 3184 ac
2029 3120 2057 3184 si
2073 3121 2193 3185 diceret

198 3206 334 3273 eandem
358 3205 557 3270 doctrinam:
586 3205 662 3286 quia
684 3204 824 3268 difficilis
847 3204 946 3268 huius
969 3203 1015 3268 rei
1038 3224 1170 3287 persna-
1223 3202 1402 3268 Dominus:
1436 3203 1520 3268 Nolo
1543 3204 1684 3286 experiri
1707 3205 1792 3268 vires
1816 3225 1904 3268 meas
1927 3227 2000 3270 cum
2030 3207 2192 3271 1111111111

198 3291 347 3368 1111111,
382 3311 481 3372 quum
513 3291 546 3354 in
575 3289 657 3354 duro
689 3288 746 3353 illo
776 3289 890 3354 exsilio
921 3289 1080 3354 sentirent
1108 3291 1170 3355 sibi
1223 3289 1358 3371 spiritu,
1392 3291 1482 3372 quasi
1505 3310 1578 3355 cum
1610 3287 1711 3354 herba
1739 3300 1796 3353 aut
1825 3290 1902 3353 tolio
1933 3311 2016 3373 quae
2046 3293 2193 3372 protinus

198 3379 353 3443 infestum
369 3396 439 3441 1111
450 3374 576 3439 Deum:
599 3386 632 3439 et
650 3376 707 3440 vix
725 3384 860 3457 possent
877 3385 1008 3458 gustum
1028 3376 1168 3457 aliquem
1224 3385 1432 3452 evanescent,
1466 3375 1494 3439 11
1526 3375 1674 3439 ardorem
1710 3376 1787 3439 solis
1821 3378 2049 3457 persenserint.
2124 3390 2193 3453 imit*

198 3465 322 3548 gratiae
345 3460 409 3526 Dei
431 3464 608 3543 concipere,
638 3459 727 3524 unde
748 3460 939 3543 colligerent
962 3462 1089 3525 animos
1112 3471 1168 3525 aut
1225 3460 1373 3524 nonnulli
1396 3467 1564 3542 exponunt
1586 3460 1742 3524 Deficiet:
1776 3472 1809 3524 et
1838 3462 1918 3524 satis
1947 3460 2087 3543 quadrat
2141 3464 2193 3528 uic

198 3549 416 3616 sublevarent.
461 3544 613 3612 Occurrit
635 3547 737 3630 igitur
759 3546 918 3628 propheta
945 3546 1021 3611 huio
1044 3545 1169 3611 dubita·
1223 3546 1302 3611 loco.
1342 3545 1504 3627 Spiritum
1527 3545 1614 3609 enim
1638 3555 1784 3609 nostrum
1808 3546 1945 3610 deficere
1973 3567 2105 3611 necesse
2133 3557 2192 3632 est,

199 3636 294 3700 tioni:
317 3644 413 3716 atque
436 3632 579 3697 ostendit
601 3633 815 3715 temporarias
844 3632 911 3695 1111
940 3652 1059 3713 poenas
1090 3652 1170 3714 quas
1224 3631 1279 3695 ubi
1302 3629 1465 3694 Dominus
1487 3632 1664 3711 potentiam
1695 3632 1729 3692 in
1761 3651 1819 3693 nos
1849 3652 1942 3695 suam
1973 3634 2102 3696 exserit.
2147 3633 2194 3698 Ut

198 3720 325 3804 passuri
347 3728 434 3795 sunt,
458 3738 518 3781 neo
540 3727 697 3801 perpetuo
719 3718 838 3781 iratum
862 3717 942 3798 ipsis
964 3716 1073 3780 Deum
1093 3719 1168 3782 tore.
1224 3725 1331 3780 autem
1355 3716 1529 3780 verborum
1552 3715 1808 3797 significationes
1831 3716 1864 3780 in
1895 3717 2001 3782 medio
2028 3717 2193 3800 relinqua-

198 3805 308 3870 Deum
331 3803 459 3886 quidem
481 3803 601 3867 habere
619 3803 833 3868 iustissimam
851 3801 1011 3866 irascendi
1030 3821 1170 3885 causam,
1223 3822 1311 3883 mos,
1359 3801 1438 3866 satis
1477 3811 1604 3864 constat
1644 3799 1738 3865 nobis
1786 3801 1958 3866 consilium
2005 3804 2193 3887 prophetae.

198 3891 254 3957 sed
279 3899 388 3954 tamen
411 3908 578 3953 cessurum
601 3888 671 3953 iure
692 3909 759 3963 suo,
788 3909 824 3952 ae
847 3887 1059 3953 remissurum
1083 3886 1170 3969 quod
1223 3884 1378 3950 Ostendit
1401 3887 1487 3951 11111
1510 3887 1582 3950 1111
1605 3887 1697 3950 nobis
1720 3885 1881 3971 indulgeri
1912 3887 2041 3965 aDeo,
2072 3911 2109 3955 11
2132 3891 2193 3954 mi·

198 3978 332 4060 exigere
355 3974 521 4056 potuisset.
566 3972 744 4056 Coniungit
767 3973 876 4056 itaque
903 3974 985 4038 iram
1009 3973 1073 4037 Dei
1095 3991 1168 4037 cum
1223 3993 1285 4036 nus
1307 3992 1420 4036 severe
1442 3972 1496 4056 agi
1525 3973 1559 4036 in
1589 3972 1790 4055 corrigendis
1820 3974 1907 4038 vitiis
1937 3974 2072 4050 nostris,
2106 3976 2192 4058 quod

196 4061 420 4128 moderatione
441 4079 505 4141 qua
528 4057 679 4122 sublevat
701 4058 831 4139 fideles,
865 4080 905 4123 ne
935 4059 1054 4122 animis
1083 4059 1169 4121 fran-
1222 4058 1421 4122 infirmitatis
1445 4068 1574 4122 nostrae
1595 4061 1754 4122 rationem
1778 4060 1907 4139 habeat,
1936 4080 2071 4142 eamque
2093 4062 2190 4126 susti·

197 4157 327 4234 gantur.
361 4146 447 4210 Nam
470 4147 531 4209 etsi
554 4144 768 4209 ratiocinatur
789 4164 808 4208 1
826 4142 889 4208 Dei
909 4154 1036 4222 natura,
1059 4154 1168 4207 tamen
1222 4163 1299 4207 1111
1321 4162 1359 4206 11
1381 4141 1553 4207 sublevare
1577 4144 1664 4208 velit.

198 4233 239 4299 11
262 4232 431 4299 eeclesiam
462 4228 669 4312 peculiariter
696 4228 850 4313 dirigitur
880 4231 960 4294 haec
987 4229 1167 4311 promissio.
1308 4228 1358 4291 lt.
1388 4226 1534 4313 (Propter
1559 4229 1775 4315 iniquitatem.)
1820 4230 1884 4295 Hic
1913 4233 2122 4314 conqueritur
2151 4233 2192 4297 de

197 4319 307 4384 Huius
329 4338 406 4402 ergo
428 4316 609 4381 sententiae
632 4317 664 4379 in
684 4317 839 4381 extremis
859 4316 1019 4400 angustiis
1040 4334 1169 4397 semper
1222 4313 1388 4378 obstinata
1408 4315 1519 4396 populi
1542 4316 1686 4379 malitia:
1720 4327 1817 4397 atque
1846 4316 1988 4381 ostendit
2010 4317 2190 4382 Dominum

198 4404 383 4468 meminisse
407 4403 569 4476 debemus,
600 4421 641 4465 ne
663 4402 817 4465 infestum
849 4402 940 4466 nobis
962 4400 1082 4477 Deum,
1112 4410 1169 4464 aut
1221 4400 1435 4465 iustissimam
1458 4399 1611 4465 habuisse
1633 4421 1761 4465 1111111
1785 4423 1845 4465 cur
1861 4404 1964 4485 ipsum
1983 4403 2028 4467 sic
2044 4404 2189 4486 puniret:

197 4499 353 4573 perpetuo
395 4488 602 4571 litigaturum
643 4507 712 4551 1111
753 4486 918 4551 nobiscum
962 4486 1167 4550 arbitremur.
1220 4486 1325 4550 itaut
1347 4485 1387 4550 de
1409 4487 1584 4551 immodica
1606 4486 1675 4550 eius
1699 4488 1836 4551 saevitia
1858 4489 2012 4570 conqueri
2036 4511 2100 4552 non
2118 4510 2190 4572 pos-

197 4574 293 4656 Quod
318 4582 426 4638 autem
449 4573 544 4637 irasci
567 4571 675 4637 Deum
699 4571 817 4655 tradit,
846 4593 906 4655 per
926 4573 1166 4637 concessionem
1220 4573 1272 4636 sit.
1316 4585 1399 4650 11113,
1423 4573 1477 4637 1111
1500 4571 1696 4655 cupiditatis,
1719 4573 1774 4636 1111
1793 4576 1950 4638 avaritiae
1969 4584 2111 4639 vertunt.
2152 4576 2190 4638 Si

196 4661 357 4745 loquitur,
391 4662 424 4722 11
453 4679 512 4741 pro
541 4679 638 4722 sensu
668 4658 777 4723 111111
806 4667 952 4722 nostrae:
994 4659 1071 4739 quis
1102 4678 1166 4721 uon
1221 4658 1391 4722 avaritiae:
1426 4657 1660 4741 synecdochica
1687 4657 1837 4740 loquutio
1866 4661 1944 4723 erit:
1979 4662 2101 4742 species
2130 4681 2189 4743 pro

196 4744 1167 4826 11111111111111111111111111111111111111111111111111
1220 4764 1353 4827 genere:
1387 4753 1438 4808 est
1460 4745 1546 4809 enim
1570 4745 1641 4808 fons
1664 4744 1752 4808 unde
1776 4745 1861 4808 mala
1890 4747 1999 4809 omnia
2027 4747 2188 4811 oriuntur.

196 4854 294 4916 quam
322 4830 414 4895 nobie
443 4830 573 4894 iratum.
620 4831 664 4895 111
690 4828 821 4914 prodest
849 4830 945 4894 etiam
980 4829 1040 4893 hcc
1069 4849 1167 4893 sensu
1222 4829 1286 4895 Sed
1310 4830 1507 4912 generaliter
1530 4829 1674 4910 accipere
1696 4851 1869 4912 possumus
1891 4851 1951 4912 pro
1981 4832 2068 4894 omni
2098 4833 2189 4915 cupi·

196 4919 298 5003 tangi,
322 4919 376 5000 qui
399 4936 459 4979 nos
482 4913 523 4978 ad
541 4917 776 4997 poenitentiam
795 4914 929 4980 erudiat.
965 4914 1016 4978 Ad
1036 4924 1166 4997 captum
1221 4914 1331 4979 ditate.
1366 4915 1461 4995 Quod
1484 4915 1572 4979 enim
1595 4915 1708 4979 multis
1730 4927 1762 4980 11
1784 4918 1883 4980 variis
1900 4917 1988 4979 vitiis
2004 4917 2189 4981 laborarent

195 5005 297 5089 igitur
319 5008 467 5066 nostrum
490 5000 692 5066 solummodo
714 5023 778 5066 non
810 5000 850 5065 ad
874 5000 979 5065 Deum
1009 5001 1090 5066 haec
1119 5000 1166 5064 lo·
1219 5000 1341 5079 Iudaei,
1364 5002 1436 5064 ideo
1456 5002 1616 5076 Dominus
1638 5002 1740 5066 iratus
1763 5014 1827 5066 est:
1851 5016 1947 5084 atque
1969 5022 2088 5082 poenas
2110 5004 2189 5084 ipsis

195 5089 314 5173 quendi
338 5089 440 5153 forma
462 5087 575 5150 referri
596 5085 701 5151 debet.
1221 5108 1337 5171 graves
1369 5087 1500 5150 inflixit.
1556 5085 1757 5150 Nominatim
1792 5108 1870 5151 vero
1909 5088 2189 5168 concupiscentiae

169 5215 177 5225 ·
281 5175 382 5263 (Nam
403 5169 560 5256 spiritus.)
603 5172 725 5237 Reddit
746 5174 903 5238 rationem
926 5192 984 5236 cur
1010 5183 1166 5255 perpetuo
1220 5173 1417 5237 mentionem
1440 5173 1534 5254 iacit,
1563 5183 1599 5236 ut
1622 5174 1785 5255 significet
1808 5195 1872 5236 non
1896 5171 1968 5235 ideo
1992 5173 2090 5240 luisse
2113 5198 2188 5258 poe·

194 5261 381 5347 litigaturus
405 5281 469 5323 non
493 5258 545 5323 sit.
590 5259 678 5324 Sunt
701 5268 811 5324 antem
838 5259 948 5325 variae
978 5256 1075 5323 huius
1105 5258 1166 5323 loci
1220 5279 1294 5335 nas,
1325 5257 1411 5340 quod
1434 5259 1541 5341 palam
1564 5270 1672 5323 essent
1702 5258 1854 5340 improbi,
1886 5259 1941 5324 sed
1972 5281 2081 5326 coram
2104 5262 2186 5328 Deo.
