4784 5970
194 380 256 446 657
914 376 963 442 IN
983 375 1232 443 leuamen.
1273 374 1373 442 OAP.
1394 374 1454 441 Vl.
2114 377 2178 446 668

195 567 327 635 morbis.
360 566 463 632 Nemo
485 573 639 650 aegrotus
658 565 799 631 libenter
816 564 966 629 admittet
987 562 1159 630 eonsilium
1212 571 1430 645 pervenerant
1451 562 1493 629 ad
1515 576 1679 648 stuporem
1700 564 1807 642 illum,
1839 565 1878 633 de
1900 586 1964 650 qno
1985 567 2109 634 Paulus
2131 568 2178 633 lo·

197 653 311 719 medioi
333 652 394 731 eui,
416 652 444 717 si
466 650 636 734 prohibeat
657 672 752 716 nsum
774 670 887 716 eornm
909 649 1056 715 omnium
1079 667 1160 731 quae
1211 648 1337 731 quitur,
1371 669 1474 732 quum
1496 659 1589 717 voest
1610 649 1840 736 ἀπηλγηιιτας
1860 673 1916 719 ιιι
1943 655 2001 736 qni
2022 654 2178 720 obstinati

195 740 327 822 appetit.
371 737 461 818 Quid
482 737 584 822 igitur
610 737 748 836 faeiem?
775 743 925 835 praestat.
952 736 1034 834 mori
1063 754 1160 833 quam
1211 741 1290 800 eunt
1311 735 1345 798 in
1367 736 1438 835 suis
1452 733 1645 836 suolenhus,
1660 748 1695 802 et
1715 737 1773 819 qui
1795 759 1862 804 non
1884 737 2075 805 dieoernunt
2092 739 2179 805 inter

196 826 418 907 obtemperare
439 823 515 923 huie
536 822 678 889 oonsilio.
722 820 849 887 Deinde
870 821 926 886 ubr
948 819 1093 887 medreue
1112 840 1160 920 ιιι-
1212 826 1337 884 rentum
1360 832 1393 885 et
1414 840 1571 903 rnrquum,
1592 834 1680 887 rnter
1700 822 1811 888 album
1832 834 1867 889 et
1888 823 2020 923 nigrum
2042 822 2177 911 (llpbee.

199 909 251 975 bet
273 929 402 974 sumere
419 916 584 994 petronem
600 928 756 983 amaram,
778 928 839 990 ego
853 926 1038 971 evomerem
1053 913 1161 989 potrus
1212 903 1329 990 4,1e).
1374 905 1446 972 Heu
1475 926 1553 991 ergo
1579 928 1667 973 nuno
1695 908 1856 991 propbeta
1885 911 2049 994 signifieat
2078 929 2179 992 quum

196 996 319 1061 tendes
349 1013 419 1072 eor,
452 1013 548 1076 qnam
576 992 741 1059 haurirem
769 993 932 1076 potionem
954 991 1052 1057 illam.
1096 989 1161 1056 Ubi
1213 989 1307 1069 dieit,
1339 990 1457 1056 Aeaea
1481 990 1688 1057 mutuemini?
1729 992 1797 1060 Sed
1827 995 2042 1080 interrogatio
2074 995 2180 1079 magia

197 1081 295 1146 etiam
324 1078 521 1145 veniendum
557 1089 606 1144 est
633 1077 675 1143 ad
703 1077 858 1143 seeundas
887 1097 1004 1155 venae,
1037 1085 1071 1142 et
1099 1076 1163 1141 alia
1212 1075 1396 1159 emphatiua
1417 1083 1476 1156 eet,
1506 1097 1604 1159 quam
1625 1080 1653 1143 si
1675 1079 1815 1162 simplex
1836 1080 1951 1145 fuisset
1971 1080 2180 1163 exprobratio

197 1166 361 1234 aeerbiora
381 1164 534 1242 remedia,
556 1165 653 1232 sieuti
674 1173 752 1229 eunt
773 1164 920 1229 nauteria
941 1171 974 1227 ιι
992 1160 1161 1240 eiusmodi,
1213 1161 1265 1226 vel
1289 1161 1477 1227 affirmatio:
1510 1161 1635 1245 Ειίιιι,
1666 1163 1788 1246 inquit,
1816 1185 1878 1231 ιιι
1907 1163 2113 1231 maduerunt:
2143 1167 2178 1230 in

197 1272 226 1330 o,
255 1251 321 1315 illio
342 1251 443 1315 instat
465 1259 625 1335 aegrotus,
652 1259 685 1315 et
708 1248 813 1325 vellet,
836 1249 864 1314 si
886 1258 972 1313 esset
1000 1248 1063 1330 ipsi
1085 1247 1162 1313 libe·
1212 1248 1282 1330 ipso
1304 1246 1427 1330 pudore
1448 1248 1547 1313 etiam
1570 1248 1756 1314 neseierunt
1779 1248 1856 1332 quid
1885 1259 1970 1317 esset
1998 1260 2032 1315 ta
2080 1251 2087 1264 '
2120 1251 2179 1314 ali·

197 1357 280 1413 rum,
303 1336 467 1419 configere
489 1337 599 1401 oeulos
620 1334 755 1401 mediois
777 1333 853 1399 suis.
888 1331 984 1413 Quod
1007 1353 1084 1417 ergo
1107 1354 1161 1397 ex·
1213 1352 1277 1416 qua
1299 1333 1511 1399 vereoundia:
1535 1342 1640 1418 potest
1662 1334 1723 1399 hoe
1745 1354 1873 1418 quoque
1895 1336 2048 1401 relerria
2085 1335 2178 1400 uasti-

197 1421 356 1505 perientia
384 1422 417 1485 iu
448 1421 570 1488 morbis
598 1419 817 1503 corporalibus
843 1417 952 1499 doeet,
986 1418 1047 1484 hoo
1076 1416 1162 1483 idem
1255 1420 1361 1483 tiones
1382 1418 1498 1502 quibus
1520 1441 1585 1484 non
1608 1418 1737 1485 fuerant
1758 1421 1901 1487 snbaeti:
1934 1421 2027 1504 quasi
2048 1420 2179 1502 diaeret,

200 1529 295 1573 usum
318 1507 416 1573 babet
437 1508 469 1570 in
493 1507 598 1583 vitiis,
631 1515 669 1570 ut
690 1504 768 1570 dixi.
812 1503 938 1569 Volunt
965 1524 1078 1568 omnes
1100 1503 1161 1567 sibi
1235 1513 1290 1569 ata
1311 1523 1411 1587 opera
1438 1504 1673 1586 impudentiam
1702 1526 1796 1571 suam
1825 1505 1977 1590 prodere,
2010 1508 2084 1588 quia
2113 1526 2180 1571 non

198 1593 337 1675 imponi,
366 1602 400 1656 et
421 1593 467 1657 ita
488 1592 541 1671 fit,
572 1600 608 1657 ut
629 1599 782 1673 appetant
810 1589 986 1673 prophetas
1008 1589 1066 1672 qui
1087 1608 1162 1671 pro·
1213 1588 1427 1654 humilientur
1448 1591 1509 1655 snb
1531 1590 1595 1654 Dei
1617 1610 1733 1674 mann,
1768 1590 1935 1674 Proprium
1964 1593 2072 1659 oreae
2099 1593 2180 1659 tear

197 1677 331 1743 mittant
374 1678 483 1760 largas
526 1674 705 1742 vindemiae
744 1685 776 1740 et
812 1677 974 1757 copiosam
1012 1694 1162 1752 messem,
1212 1675 1360 1750 audentea
1383 1675 1497 1757 inquit,
1518 1675 1580 1742 boe
1601 1686 1660 1751 ιιι,
1683 1677 1749 1741 iam
1771 1698 1835 1742 non
1854 1675 2025 1762 disputabo
2040 1677 2180 1760 amplius

196 1760 1029 1932 tttttlt‘titillettltl⁰¹¹tttt⁹tttt’
1044 1779 1164 1910 ttttt
1213 1759 2009 1933 tti¹ltutt⁰tlttbt⁰⁰‘tttttitt,
2022 1783 2181 1915 titttt‘

196 1935 389 2018 propbetas,
421 1934 479 2016 qui
511 1933 601 2000 vobis
634 1933 866 1998 aeneionentnr
894 1929 934 1996 de
961 1932 1069 2013 opimo
1091 1951 1164 2013 pro·
1212 1931 1333 1996 dentes:
1365 1932 1458 2013 qnasi
1482 1931 1617 2010 diseret,
1652 1932 1724 2017 ligo
1746 1934 1825 1999 satis
1847 1942 1880 1998 et
1902 1954 2001 2016 snper
2029 1934 2095 2000 illis
2124 1933 2181 1998 de·

198 2030 319 2099 ventu,
353 2040 391 2085 ae
418 2020 608 2101 promittant
637 2036 732 2083 omne
761 2037 864 2101 genus
893 2017 1095 2081 affluentiae:
1130 2025 1164 2080 et
1213 2016 1361 2081 nuntiavi
1384 2015 1521 2082 bellum:
1545 2018 1573 2083 ei
1595 2018 1735 2084 inissent
1755 2016 1862 2085 adhue
1877 2019 2046 2097 sanabiles,
2070 2018 2182 2085 debuit

199 2127 265 2170 non
293 2104 395 2170 vultis
424 2105 511 2187 ipsos
541 2103 664 2168 stillare
696 2103 836 2183 malum,
867 2102 988 2185 inquit:
1022 2102 1083 2167 hoe
1103 2111 1163 2182 est,
1214 2101 1276 2168 hoe
1307 2101 1347 2165 ad
1369 2103 1614 2168 conversionem
1648 2103 1771 2184 valere,
1803 2105 1888 2185 quod
1923 2105 2017 2170 toties
2048 2106 2182 2169 fuerunt

199 2213 264 2255 non
285 2189 385 2257 vultis
408 2189 499 2255 vobis
521 2188 705 2254 denuntiari
731 2208 869 2272 poenae,
904 2184 1021 2271 quibus
1051 2195 1162 2251 tamen
1214 2187 1388 2252 admoniti:
1420 2187 1486 2252 imo
1507 2188 1605 2255 etiam
1628 2188 1714 2271 quod
1736 2189 1882 2272 asperius
1904 2190 1992 2273 ipsos
2014 2190 2181 2256 stimulavi

199 2277 290 2359 digni
313 2276 401 2340 estis.
445 2274 609 2355 Quoniam
640 2294 718 2358 ergo
747 2283 985 2357 eontemptores
1015 2272 1078 2338 Dei
1107 2293 1162 2338 un·
1214 2282 1251 2337 ut
1280 2273 1320 2337 ad
1351 2293 1402 2338 me
1432 2273 1598 2339 venirent:
1632 2293 1709 2358 ergo
1740 2294 1828 2339 nune
1856 2275 1987 2342 oessabo
2018 2296 2038 2340 a
2065 2275 2182 2354 verbis,

199 2363 294 2444 piunt
316 2359 480 2425 blanditiis
502 2379 537 2426 se
558 2359 711 2443 mulceri,
739 2371 771 2423 et
793 2359 945 2425 reiieiunt
965 2359 1102 2441 optima,
1131 2365 1164 2423 et
1214 2367 1248 2423 ιι
1274 2378 1436 2441 exsequar
1468 2357 1647 2426 vindictam
1679 2379 1803 2438 meam,
1836 2372 1875 2425 ut
1906 2362 2022 2426 edatur
2055 2370 2182 2443 strages

200 2447 340 2511 maxime
362 2445 518 2510 salutaria
533 2445 684 2521 remedia,
706 2444 784 2511 hine
798 2447 921 2510 fantum
936 2454 995 2521 ιιι,
1018 2447 1057 2508 nt
1070 2443 1163 2509 Deus
1214 2464 1311 2525 quam
1333 2444 1442 2509 meriti
1464 2452 1550 2510 sunt.
1594 2442 1640 2509 Et
1659 2451 1760 2523 mett,
1783 2447 1904 2529 inquit,
1933 2447 1969 2512 iet
1997 2446 2048 2512 die
2068 2447 2180 2511 ιιιιιι·

200 2532 240 2598 ab
262 2531 356 2596 initio
378 2530 539 2596 laxaverit
559 2532 707 2595 fraenum
726 2530 879 2607 Satanae,
902 2539 937 2593 ιι
957 2530 1004 2593 ita
1023 2528 1163 2613 grassati
1215 2530 1308 2595 tionis
1328 2530 1479 2610 meorum.
1519 2528 1564 2594 lit
1585 2549 1627 2594 ex
1649 2530 1710 2597 hoo
1731 2530 1872 2598 seeundo
1893 2532 2040 2597 membro
2062 2530 2182 2597 elarius

155 2633 157 2637 ·
199 2617 321 2682 fuerint
334 2617 537 2699 impostores,
559 2618 615 2698 qui
631 2615 785 2698 dioereut,
807 2614 880 2680 Puer
888 2634 973 2696 poe.-
993 2616 1048 2679 eed
1067 2634 1164 2696 saper
1215 2614 1430 2698 intelligimus
1451 2613 1529 2697 quid
1552 2615 1603 2694 sit,
1627 2623 1659 2680 et
1680 2616 1758 2698 qnid
1780 2617 1941 2701 signifieat
1961 2615 2078 2682 eadere
2095 2617 2182 2680 inter

198 2703 335 2768 ιιιιιιιιε
356 2701 418 2766 hoo
439 2710 498 2784 ιιι,
520 2700 602 2765 nibil
625 2710 675 2764 eet
696 2699 835 2765 solidum
856 2701 889 2765 in
906 2698 968 2763 hae
986 2700 1163 2778 sanatione,
1215 2699 1375 2782 uadentes,
1399 2720 1516 2782 nempe
1538 2699 1623 2782 quod
1645 2711 1743 2766 ruent
1763 2701 1796 2767 in
1819 2702 1871 2767 dis
1893 2701 2098 2781 visitationis,
2120 2701 2181 2767 hoo

200 2788 278 2853 dieit
300 2787 479 2865 Dominus,
507 2787 585 2867 quie
605 2806 666 2850 nen
694 2789 737 2850 ιιι
762 2805 838 2867 poe.
883 2784 1164 2865 Quemadmodum
1216 2795 1273 2865 est,
1295 2806 1397 2869 quum
1419 2786 1508 2850 Dens
1531 2786 1596 2850 iam
1619 2795 1748 2852 exserto
1769 2786 1877 2870 gladio
1898 2789 2008 2853 veniet
2030 2786 2072 2853 ad
2093 2787 2181 2870 ipsos

200 2893 263 2956 quo
284 2873 420 2955 quisque
442 2870 594 2936 audacior
615 2878 668 2937 est
691 2871 854 2935 intereos
883 2869 939 2952 qui
967 2870 1164 2951 profitentur
1216 2870 1406 2954 perdendos,
1430 2872 1485 2936 ubi
1506 2872 1661 2956 fatigatus
1683 2870 1783 2937 inerit
1804 2882 1852 2938 tot
1874 2873 2115 2939 monitionibus.

201 2958 403 3036 medicinam,
433 2967 466 3023 et
488 2965 597 3020 tamen
620 2964 699 3021 sunt
720 2957 811 3055 artis·
827 2955 977 3037 imperiti,
1007 2975 1045 3019 eo
1066 2954 1164 3019 etiam
1486 3041 1492 3055 ⁸

200 3064 307 3195 tttt
320 3040 747 3200 tttt‘tltutttttf
768 3039 1165 3210 tttttt‘ttltttllt
1216 3127 1289 3206 ιι,
1302 3039 1825 3209 *luitbttlbtdtdt
1846 3048 2182 3216 disiitei‘oii]

201 3223 278 3279 runt
299 3213 415 3279 Iudaei
437 3234 457 3276 a
478 3215 545 3278 suis
567 3210 787 3278 sacerdotibus
816 3220 849 3276 et
872 3210 1065 3276 doetoribne.
1109 3210 1164 3275 In·
1215 3213 1434 3294 qaoeeumoia
1454 3214 1496 3276 eit
1515 3219 1614 3280 rectu:
1635 3219 1663 3280 et
1684 3215 1836 3281 ambasiato
1857 3217 1893 3280 ia
1913 3236 1960 3296 ea,
1982 3220 2018 3280 ui
2038 3216 2181 3282 iuuenio-

202 3308 298 3376 terea,
320 3297 591 3381 quemadmodum
614 3297 693 3363 alibi
715 3297 837 3364 dietum
856 3297 926 3379 tuit,
949 3315 1014 3359 non
1030 3305 1165 3362 exeusat
1215 3299 1257 3362 tis
1284 3298 1420 3380 requiem
1448 3299 1573 3365 animae
1592 3305 1725 3367 ιιιινιιε
1745 3306 1773 3366 ιι
1790 3302 1947 3380 dixerunt,
1971 3299 2046 3365 Non
2066 3302 2181 3368 ibienue

201 3404 257 3449 ιιι
278 3385 370 3468 quasi
391 3393 502 3466 posset
523 3383 613 3449 reiiei
634 3383 731 3466 eulpa
752 3383 787 3447 in
815 3402 985 3464 perversos
1008 3381 1163 3448 deuteres.
1216 3382 1293 3460 (vel,
1317 3403 1382 3448 non
1403 3384 1661 3468 ambulabimus).

200 3470 297 3535 Unde
319 3470 405 3534 enim
428 3469 549 3536 fautum
570 3473 630 3548 est,
652 3478 690 3534 nt
711 3466 1011 3552 pseudoprophetae
1031 3469 1079 3533 ita
1093 3467 1165 3532 illos

201 3553 454 3621 festinaverint?
487 3575 604 3639 nempe
626 3554 702 3638 qnia
724 3555 863 3619 seientes
892 3561 925 3617 et
946 3550 1091 3617 volentes
1113 3572 1165 3634 pe·
1300 3552 1365 3617 Hie
1387 3553 1479 3618 doust
1500 3555 1673 3637 propbeta,
1700 3575 1766 3619 non
1795 3574 1888 3638 posse
1915 3558 2088 3621 extenuari
2112 3558 2180 3623 nul·

200 3643 334 3705 rierunt.
380 3640 542 3706 Nolebant
563 3642 649 3705 enim
673 3638 845 3705 admittere
866 3637 967 3702 bonos
989 3644 1023 3700 et
1044 3637 1165 3719 peritos
1217 3657 1290 3721 pam
1313 3638 1420 3720 populi
1447 3639 1539 3721 quasi
1567 3659 1678 3704 errore
1706 3650 1887 3722 peeeasset:
1920 3642 2072 3723 quoniam
2101 3644 2181 3708 satis

202 3726 360 3791 mediuos:
381 3726 453 3790 ideo
476 3727 620 3808 oportuit
641 3725 725 3789 tradi
748 3725 963 3789 narnifioibus.
998 3720 1166 3805 Sequitur,
1217 3742 1378 3807 superque
1411 3721 1595 3789 admonitus
1628 3744 1648 3789 a
1680 3724 1752 3790 Deo
1785 3725 1900 3791 luerat.
1954 3727 2079 3792 Fladem
2114 3729 2182 3795 lere

1217 3808 1379 3873 sententia
1397 3809 1516 3892 legitur
1535 3809 1621 3892 apud
1635 3810 1767 3889 Isaiam,
1789 3831 1857 3893 eap.
1873 3812 1915 3878 28
1937 3811 1980 3896 (v.
1996 3812 2067 3898 12):
2089 3813 2181 3880 Haeo

288 3895 337 3961 15.
371 3896 426 3960 Aa
447 3895 569 3976 eenfaai
589 3901 661 3960 eunt
689 3894 764 3977 (vel,
792 3913 832 3957 an
855 3892 971 3976 puduit
992 3893 1061 3980 eos)
1091 3894 1167 3975 quin
1217 3896 1352 3976 requies,
1376 3903 1409 3959 ιι
1430 3894 1612 3960 noluerunt.
1647 3894 1714 3961 Sed
1736 3896 1882 3978 pluribus
1900 3897 2007 3962 verbis
2021 3899 2181 3981 propheta

201 3981 460 4047 abominationem
474 3981 669 4063 patrarant?
693 3981 787 4046 etiem
807 3979 1073 4060 empedodes
1093 3979 1167 4065 (boo
1217 3989 1328 4044 noster
1348 3979 1516 4044 invehitur
1538 3991 1650 4046 eontra
1672 3979 1820 4057 Iudaeos,
1849 4003 1967 4065 nempe
1991 3984 2067 4066 quia
2088 3982 2180 4051 Deus

202 4074 260 4145 ιιι,
291 4066 375 4131 nibil
397 4086 529 4148 prorsus
550 4067 584 4129 in
608 4066 686 4148 ipsis
708 4065 771 4129 luit
797 4063 939 4147 pudoris,
968 4066 1069 4130 etiam
1091 4085 1166 4130 ern·
1217 4067 1344 4130 iusserit
1362 4085 1412 4130 ιιι
1432 4069 1516 4130 dere
1542 4087 1636 4148 saper
1663 4067 1745 4147 ιιιι,
1773 4067 1944 4147 adeptae,
1974 4070 2181 4150 disquirere

202 4153 331 4218 beeeere
353 4149 569 4235 neseierunt):
596 4155 760 4233 propterea
781 4152 888 4216 redeat
907 4151 988 4215 ieter
1017 4151 1167 4229 ιιιιιιιιι,
1217 4153 1255 4217 ιι
1286 4150 1426 4216 numidae
1456 4151 1575 4216 semitis
1606 4153 1756 4233 ιιιιιιιι.
1811 4151 2034 4218 similitudine
2066 4155 2179 4218 utitur.

202 4238 238 4301 ia
258 4242 392 4319 tempore
412 4237 601 4303 ιιιιιιιιιιιι
621 4256 727 4302 eoram
754 4240 858 4316 ruent,
890 4237 992 4319 inquit
1022 4235 1166 4302 Ieiovub.
1217 4237 1330 4319 Neque
1361 4238 1447 4300 enim
1476 4237 1639 4318 ambigere
1666 4257 1726 4301 nos
1755 4247 1880 4320 oportet
1912 4238 1968 4304 nbi
2000 4240 2053 4305 via
2086 4239 2180 4303 nobie

1217 4332 1346 4386 ostensa
1373 4321 1435 4385 fuit
1463 4341 1519 4385 ore
1549 4321 1621 4387 Dei.
1667 4320 1732 4388 Sed
1762 4323 1950 4407 ooarguitur
1977 4323 2087 4407 populi
2117 4323 2179 4387 im·

288 4408 359 4472 Iam
393 4408 554 4474 convertit
586 4407 741 4472 Ieremias
773 4427 955 4472 sermonem
989 4405 1029 4470 ad
1063 4415 1167 4472 totum
1218 4409 1338 4489 pietas,
1370 4405 1455 4490 quod
1484 4426 1549 4471 non
1582 4408 1699 4473 saltem
1730 4408 1894 4490 aperuerit
1924 4409 2049 4486 oeulos,
2080 4429 2180 4490 quum

203 4495 313 4577 populi
343 4514 469 4575 eorpus.
519 4493 674 4558 Proximo
703 4512 801 4557 versu
831 4499 958 4557 tantum
987 4492 1168 4558 sacerdotes
1219 4493 1309 4557 Deus
1330 4500 1525 4557 monstraret
1546 4494 1650 4572 viam,
1678 4502 1711 4557 et
1732 4494 1936 4576 permitteret
1963 4493 2101 4558 liberum
2123 4492 2179 4558 de·

203 4590 237 4643 et
257 4577 433 4662 propbetas
454 4599 628 4662 aggressus
650 4585 716 4643 eet:
751 4597 837 4642 nune
859 4578 1041 4660 generalius
1063 4577 1167 4659 loqui·
1218 4578 1346 4642 loetum.
1389 4576 1474 4642 Nam
1503 4576 1557 4642 hie
1577 4576 1686 4643 Deum
1715 4578 1840 4644 indnoit
1866 4600 1931 4644 non
1962 4579 2105 4660 praeeiee
2131 4579 2180 4644 iu·

204 4673 268 4740 tur,
291 4663 376 4745 quod
399 4663 519 4728 seilioet
540 4662 691 4729 exuerint
712 4683 840 4727 omnem
865 4662 1039 4744 pudorem:
1072 4664 1166 4739 llooe,
1218 4663 1356 4744 bentem,
1384 4662 1440 4727 sed
1461 4682 1534 4728 eum
1556 4671 1650 4727 tanta
1672 4662 1882 4747 indulgentia,
1914 4675 1950 4728 ut
1977 4663 2114 4729 liberum
2137 4666 2181 4730 sit

204 4749 320 4830 inquit,
348 4749 427 4813 eatis
449 4749 588 4814 eonvieti
611 4758 689 4814 sunt
711 4767 841 4813 suorum
865 4748 1032 4827 soelerum,
1063 4747 1166 4812 mani·
1217 4747 1343 4831 populo,
1367 4747 1487 4832 eligere
1508 4767 1605 4829 quam
1628 4748 1775 4830 probabit
1796 4751 1894 4829 viam,
1923 4758 1955 4812 et
1977 4749 2102 4830 putabit
2123 4772 2179 4833 op-

204 4838 287 4900 iesta
308 4842 359 4898 est
374 4836 519 4917 ipsorum
542 4835 700 4916 pravitas:
724 4842 887 4898 ettamen
910 4833 1019 4898 nullus
1041 4843 1090 4910 ιιι
1107 4852 1166 4914 pu·
1217 4835 1329 4897 timum
1346 4853 1432 4900 esse:
1460 4834 1515 4897 ubi
1537 4831 1627 4898 Deus
1646 4845 1715 4898 tam
1737 4833 1914 4901 elementer
1936 4834 2003 4916 agit
2024 4855 2099 4900 eum
2122 4836 2180 4900 he·

204 4920 280 4986 dor:
313 4920 491 5002 ignominia
523 4939 636 4984 eorum
669 4929 718 4985 eet
750 4921 785 4984 in
817 4930 988 5002 eonspeotu
1021 4918 1101 4985 eoeli
1134 4928 1168 4983 ιι
1216 4918 1358 4984 minibus
1380 4926 1412 4983 et
1435 4918 1638 4983 familiariter
1660 4918 1724 4984 illis
1745 4918 1896 5002 proponit
1917 4917 1994 5001 quid
2024 4919 2105 4984 utile
2127 4923 2178 4998 sit,

205 5016 328 5071 terrae:
352 5005 469 5090 angeli,
492 5013 525 5068 et
545 5007 651 5072 euneti
674 5004 827 5072 mortales
848 5014 947 5070 testes
962 5013 1040 5069 sunt
1054 5023 1166 5069 eorum
1217 5014 1314 5087 atque
1328 5003 1490 5086 expediat,
1507 5003 1587 5069 baeu
1601 5003 1723 5069 foedior
1738 5015 1787 5069 est
1802 5003 2011 5086 ingratitudo,
2027 5024 2180 5087 respuere

205 5092 393 5174 pravitatis:
427 5090 483 5157 sed
506 5101 583 5154 sunt
603 5088 710 5157 fronte
732 5091 922 5169 meretricia,
945 5111 1006 5157 neo
1028 5101 1166 5174 tangun-
1216 5090 1314 5153 talem
1338 5090 1400 5153 Dei
1422 5089 1670 5172 indulgentiam.
1715 5090 1877 5155 Tenemus
1899 5108 1976 5172 ergo
1998 5108 2085 5153 nuno
2106 5111 2178 5173 pro-

205 5191 260 5242 tur
287 5177 485 5262 ignominiae
512 5192 590 5241 snae
619 5196 726 5242 sensu.
776 5176 840 5243 His
867 5176 976 5242 verbis
1006 5176 1167 5261 signifieat
1216 5176 1333 5257 phetae
1355 5173 1526 5240 eonsilium
1554 5195 1653 5257 quum
1683 5176 1760 5241 dieit
1787 5173 1891 5240 Deam
1918 5174 2075 5255 loquubem
2103 5195 2178 5257 esee,

205 5263 413 5346 desperatum
445 5282 515 5327 esee
548 5261 671 5327 mulum
705 5263 828 5345 populi,
861 5264 1011 5345 quoniam
1045 5261 1167 5328 seilicet
1215 5266 1250 5326 at
1275 5263 1393 5325 eturertt
1420 5279 1514 5343 nuper
1545 5261 1633 5341 uiua,
1665 5265 1694 5327 et
1724 5259 1953 5326 baudement
1983 5259 2060 5342 quid
2093 5270 2179 5327 esset

307 5363 419 5420 Galeiae'
432 5379 526 5434 opero
555 5363 613 5420 Vel.
632 5363 791 5420 XXXVII.
1944 5358 1980 5412 42
