4784 5970
196 375 237 440 13
567 430 573 440 .
1062 372 1213 440 cAPU'r
1235 373 1311 442 xl..
2148 379 2190 443 14

195 571 296 633 retur.
338 565 540 648 Proponitur
562 583 641 648 ergo
664 561 810 639 verbum,
832 580 939 643 aquo
961 559 1170 627 nullomodo
1220 580 1308 627 mam
1331 566 1462 628 nostrae
1480 562 1653 644 felicitatis,
1675 583 1758 648 quae
1779 565 1814 628 in
1837 565 1906 630 sola
1923 564 2108 650 praesentia
2129 563 2193 631 Dei

197 650 433 719 deflectendum
456 655 522 715 est:
553 668 628 714 uam
651 649 679 714 si
702 648 754 713 vel
775 647 947 712 minimum
970 646 1169 724 aberremus,
1220 647 1379 713 consistit.
1423 648 1592 714 Bonorum
1614 649 1702 715 enim
1724 651 1869 716 omnium
1893 649 2060 716 cumulum
2082 671 2192 717 seeum

195 739 289 804 miris
322 735 520 820 labyrinthis
553 732 807 818 implicabimur,
841 751 902 797 neo
933 731 1036 796 ullam
1068 732 1170 796 extri·
1220 733 1326 797 affert.
1371 733 1514 814 Quodsi
1537 733 1639 812 absit,
1667 734 1751 800 nihil
1778 735 1871 801 uobis
1892 736 2041 802 miserius
2064 747 2121 802 aut
2142 735 2192 824 in·

196 823 292 890 candi
310 823 414 888 nostri
433 821 594 886 rationem
611 821 827 884 inveniemus.
856 820 1037 882 Aeternum
1059 825 1169 882 autem
1220 818 1349 884 felicius
1370 838 1441 885 esse
1462 829 1576 902 potest,
1599 831 1632 885 et
1652 821 1801 904 quamvis
1824 823 1961 887 affluant
1982 820 2067 886 hona
2087 825 2194 892 omnis

197 910 316 975 dicitur
347 908 500 987 verbum,
532 927 599 970 non
627 906 661 969 in
690 925 726 970 se
755 912 900 981 tantum,
933 902 990 968 sed
1020 903 1055 968 in
1077 901 1169 968 nobis
1221 904 1368 987 generis,
1401 915 1511 970 tamen
1543 907 1571 971 si
1604 905 1779 972 abalienati
1807 907 1910 973 simus
1938 928 1958 970 a
1983 906 2054 972 Deo
2082 912 2193 976 omnia

195 996 294 1079 ipsis:
316 991 401 1076 quod
423 992 598 1076 praecipue
619 988 799 1056 notandum
822 996 883 1068 est,
905 989 1059 1071 quoniam
1079 987 1169 1053 nulla
1221 989 1314 1054 nobis
1336 989 1370 1053 in
1392 990 1528 1055 exitium
1552 992 1637 1056 verti
1665 1010 1797 1058 necesse
1823 1002 1882 1058 est.
1926 992 2031 1058 Porro
2060 1014 2101 1059 ax
2129 996 2192 1061 oir-

196 1079 317 1163 alioqui
345 1077 386 1143 ad
415 1099 476 1143 nos
501 1077 678 1144 consolatio
699 1075 806 1140 redire
827 1082 945 1159 posset.
990 1077 1099 1156 Atque
1122 1074 1169 1139 sio
1220 1075 1417 1141 cumstantia
1449 1076 1628 1142 notandum
1661 1084 1725 1155 est,
1758 1077 1843 1141 nihil
1875 1080 1980 1162 magis
2013 1077 2090 1143 fidei
2122 1101 2194 1147 esse

196 1166 328 1242 Petrus,
362 1165 505 1246 optimus
537 1161 635 1227 huius
664 1160 725 1227 loci
758 1161 936 1244 interpres,
969 1179 1044 1224 eum
1075 1160 1170 1225 nohis
1220 1160 1422 1226 contrarium
1445 1180 1542 1242 quam
1554 1160 1595 1226 ad
1605 1171 1810 1246 praesentem
1824 1164 1871 1227 rei
1884 1171 2049 1247 aspectum
2061 1165 2193 1249 exigere

197 1248 420 1319 accommodat
441 1249 473 1334 (1
498 1249 561 1332 Dp.
585 1249 615 1328 1,
640 1246 683 1312 23
705 1245 777 1331 sq),
810 1264 910 1327 quum
939 1264 999 1309 noa
1029 1244 1089 1310 hoo
1118 1265 1169 1310 se·
1221 1266 1304 1328 quae
1331 1245 1424 1311 Deus
1452 1248 1627 1312 annuntiat
1655 1267 1713 1330 per
1741 1246 1916 1331 prophetes
1944 1268 2036 1328 suos,
2077 1252 2193 1334 quibus

196 1337 285 1402 mine
314 1333 554 1418 incorruptibili
584 1333 769 1417 regenerari
799 1330 890 1398 dicit:
922 1329 997 1409 hoc,
1026 1329 1170 1412 inquam,
1220 1342 1299 1396 tune
1319 1330 1543 1397 obmutescere
1565 1352 1696 1398 neeesse
1713 1332 1837 1412 fuisset,
1869 1334 1932 1400 nisi
1953 1345 1991 1400 ιιι
2014 1335 2077 1419 ipsi
2102 1356 2192 1402 meu·

196 1421 297 1488 verbo
337 1421 422 1503 qnod
463 1418 678 1502 praedicatur.
731 1415 828 1483 Unde
865 1414 1049 1500 colligimus
1081 1415 1167 1498 quod
1221 1426 1270 1482 tea
1292 1417 1480 1482 extulerant
1501 1437 1602 1501 supra
1630 1417 1808 1499 mundum,
1834 1420 1881 1483 ita
1909 1419 2048 1504 praediti
2070 1421 2193 1488 invicta

195 1527 301 1590 nuper
331 1505 413 1583 dixi,
445 1506 549 1569 vitam
578 1504 716 1569 mortuis
744 1511 892 1585 paratam
925 1520 1011 1580 esse,
1044 1503 1099 1583 qui
1128 1500 1169 1566 ad
1220 1501 1447 1586 magnitudine
1468 1511 1503 1567 et
1523 1505 1707 1569 constantia
1727 1505 1799 1570 ausi
1821 1505 1959 1570 fuissent
1980 1506 2061 1573 alios
2082 1526 2192 1573 seeum

196 1593 344 1659 canalem
380 1590 443 1657 sibi
471 1591 675 1674 propositum
706 1586 863 1653 sitibundi
891 1586 1059 1653 accedent:
1093 1587 1170 1669 quia
1221 1586 1379 1663 attollere,
1402 1588 1496 1651 utin
1518 1589 1615 1655 rebus
1638 1588 2110 1674 desperatisbenesperareut.
2146 1595 2192 1660 Et

196 1679 302 1743 virtus
333 1677 368 1741 in
392 1677 463 1741 Deo
492 1674 682 1742 abscondita
710 1672 928 1758 perverbum
949 1672 1043 1738 nobis
1065 1672 1169 1737 mani·
1220 1694 1299 1739 sane
1320 1672 1378 1738 ubi
1407 1674 1597 1755 praevalent
1622 1675 1731 1758 impii,
1759 1673 1903 1758 adeoque
1932 1676 2002 1759 ipsa
2031 1678 2190 1761 impietas,

196 1764 345 1829 testatur.
1220 1779 1284 1842 quo
1305 1759 1410 1842 magis
1431 1760 1552 1841 ubique
1574 1760 1756 1842 trepidatur
1783 1769 1816 1825 et
1845 1781 1910 1845 quo
1932 1763 2081 1828 miserior
2102 1764 2192 1830 ride-

281 1849 311 1913 9.
347 1846 489 1913 Aaceude
509 1847 544 1910 io
565 1847 721 1925 moutam)
757 1844 923 1928 Pergitin
942 1841 1054 1907 eodem
1072 1863 1169 1926 argu·
1221 1857 1277 1908 tur
1298 1843 1450 1919 ecclesia,
1480 1866 1517 1908 eo
1546 1847 1651 1930 magis
1679 1845 1836 1910 extollere
1866 1848 2022 1913 convenit
2050 1850 2190 1933 gratiam

195 1942 317 1999 mento.
372 1952 425 1996 am
444 1952 543 2013 quum
562 1933 653 2014 prius
670 1930 845 2014 prophetas
867 1949 902 1993 se
924 1927 1077 1993 daturum
1099 1949 1169 2010 pro·
1219 1929 1293 2008 Dei,
1315 1928 1449 2010 eiusque
1470 1931 1688 2012 praesentiam
1710 1929 1924 1996 demonstrari
1946 1931 2104 2000 fidelibus.

196 2021 324 2085 miserit
352 2018 531 2095 Dominus,
565 2019 619 2100 qui
648 2017 760 2099 populi
790 2014 955 2080 tristitiam
984 2022 1018 2078 et
1045 2025 1168 2078 metum
1307 2015 1357 2079 10.
1380 2012 1474 2099 (Ecce
1494 2014 1651 2081 Dominae
1667 2015 1806 2102 Iebooo.)
1840 2017 1982 2083 Brevem
2003 2019 2094 2084 illam
2117 2040 2191 2086 seu·

195 2105 464 2189 promissionibus
494 2103 659 2179 levarent,
688 2122 776 2167 nuno
803 2100 895 2164 iubet
925 2099 1062 2165 eandem
1092 2118 1168 2163 cou-
1221 2101 1358 2166 tentiam
1387 2100 1537 2183 pluribus
1570 2111 1725 2179 exornat,
1754 2103 1907 2184 quoniam
1936 2124 2018 2186 opus
2047 2103 2189 2171 habebat

198 2189 391 2256 solationem
415 2188 514 2253 latins
535 2187 662 2271 spargi:
691 2187 765 2269 quia
793 2207 853 2270 per
882 2192 983 2249 totam
1012 2183 1168 2249 Iudaeam
1220 2184 1328 2268 aliqua
1360 2186 1582 2268 expLioatioue.
1637 2187 1683 2251 Et
1715 2186 1959 2253 demonstrandi
1999 2188 2190 2256 adverbium

197 2277 278 2341 velit
299 2275 439 2358 gratiam
469 2293 562 2338 suam
592 2273 785 2337 diffundere.
830 2271 926 2335 Prius
948 2269 1168 2353 lerosolymae
1219 2272 1337 2336 iterum
1359 2282 1497 2354 usurpat
1519 2272 1724 2338 certitudinis
1746 2293 1937 2357 causaque
1959 2273 2191 2357 plusiiduoiae

197 2372 230 2426 et
242 2360 335 2429 Sioni
357 2380 448 2444 spem
464 2358 600 2424 dederat
609 2359 736 2424 faustae
751 2357 849 2422 huius
872 2355 1058 2440 legationis:
1082 2375 1169 2421 nuno
1220 2356 1319 2422 addat
1355 2357 1513 2421 bonorum
1552 2357 1680 2424 animia.
1736 2358 1873 2423 Planius
1908 2360 2009 2443 igitur
2047 2363 2191 2426 ostendit

197 2447 334 2512 eandem
353 2465 464 2510 vocem
494 2464 554 2528 per
582 2444 663 2509 alias
690 2444 787 2508 urbes
818 2443 928 2525 spargi
955 2451 988 2505 et
1016 2460 1169 2505 resonare
1220 2450 1381 2525 quantum
1411 2441 1502 2506 nobis
1529 2442 1674 2508 conferat
1701 2445 1886 2526 praesentia
1912 2446 1990 2511 Dei:
2019 2466 2057 2511 ac
2085 2450 2191 2531 primo

196 2535 305 2613 iubet,
336 2542 433 2615 atque
460 2531 521 2594 hoo
548 2529 683 2594 consilio
712 2529 887 2595 clamorem
917 2526 1036 2609 attolli,
1066 2537 1167 2591 etex
1221 2526 1351 2610 quidem
1374 2537 1551 2592 venturum
1573 2529 1680 2610 ipsum
1704 2528 1781 2594 dicit
1802 2549 1877 2595 cnm
1899 2532 2106 2610 fortitudine,
2135 2555 2191 2598 aa·

198 2618 285 2683 edito
318 2617 388 2682 loco
421 2616 586 2698 publicare
619 2614 785 2698 praecipit.
835 2612 1030 2694 Quanquam
1060 2621 1168 2677 autem
1221 2634 1284 2697 que
1306 2613 1440 2677 minime
1462 2615 1583 2689 etiosa,
1612 2613 1669 2679 sed
1695 2616 1748 2679 oui
1770 2616 1905 2681 effectus
1927 2617 1974 2681 ita
1996 2619 2189 2684 coniunctus

198 2703 309 2769 Sionis
331 2710 364 2767 et
384 2700 605 2783 lerosolymae
628 2701 757 2764 nomine
784 2698 869 2762 idem
899 2698 1070 2780 intelligit,
1101 2719 1168 2762 em·
1221 2708 1271 2763 est
1293 2718 1388 2780 quem
1410 2699 1596 2764 sentiamus.
1631 2684 1662 2765 ib
1688 2708 1820 2764 vertunt
1841 2722 1883 2764 ex
1904 2723 1939 2766 se
1961 2703 2046 2785 ipso:
2069 2704 2096 2768 si
2119 2704 2190 2785 quis

196 2787 329 2872 phatioa
351 2795 461 2851 tamen
484 2796 533 2850 est
555 2786 723 2867 repetitio:
754 2784 905 2866 qnoniam
928 2782 1081 2846 admonet
1103 2802 1168 2847 non
1221 2784 1260 2848 ad
1284 2783 1421 2847 verbum
1444 2784 1538 2847 malit
1558 2791 1704 2848 vertere:
1727 2785 1789 2850 Est
1811 2794 1943 2867 potens,
1971 2787 2024 2852 vel
2048 2808 2190 2871 regnans

197 2875 263 2938 alia
284 2872 322 2937 de
341 2890 438 2937 eausa
455 2869 650 2954 praecellere
669 2868 783 2933 urbem
801 2888 900 2932 unam
920 2868 992 2932 aliis
1008 2867 1169 2947 omnihus,
1221 2867 1291 2933 sibi.
1349 2865 1522 2951 Significat
1554 2877 1663 2933 autem
1696 2866 1805 2934 Deum
1838 2871 1899 2935 sihi
1931 2872 2096 2952 sulficere,
2128 2894 2190 2940 neo

197 2961 262 3024 nisi
284 2959 362 3040 quia
383 2957 450 3022 illic
472 2957 565 3021 Dens
586 2955 809 3020 sanctuarium
839 2952 902 3017 sibi
925 2953 1054 3036 delegit.
1100 2955 1168 3017 An·
1221 2954 1415 3036 cuiusquam
1444 2954 1566 3019 auxilio
1593 2955 1750 3039 indigere.
1800 2953 1893 3021 Idem
1923 2956 2043 3022 clarius
2071 2958 2190 3041 repetit

197 3043 428 3110 nuntiatricem
450 3061 547 3123 porro
570 3051 679 3121 vocat,
708 3039 786 3122 quia
807 3038 873 3104 illio
901 3046 942 3103 ex
972 3039 1053 3121 legis
1075 3057 1168 3120 prae·
1220 3060 1280 3122 per
1300 3058 1414 3104 vocem
1436 3038 1594 3106 mercedis
1612 3049 1645 3105 et
1664 3041 1780 3122 operis.
1823 3040 1909 3106 Nam
1927 3041 2079 3109 hebraico
2100 3064 2191 3109 more

197 3131 318 3213 scripto
340 3126 572 3194 erudiebantur
592 3125 777 3191 sacerdotes
806 3132 839 3189 et
865 3123 1000 3203 levitae,
1028 3125 1083 3205 qui
1110 3124 1168 3188 toti
1221 3145 1291 3189 rem
1312 3144 1411 3189 uuam
1433 3125 1483 3190 bis
1507 3124 1571 3189 diei
1593 3126 1672 3190 satis
1694 3126 1807 3191 tritum
1829 3136 1889 3192 est.
1933 3128 2061 3193 Merces
2083 3140 2191 3194 eutem

196 3215 316 3298 populo
337 3213 487 3296 magistri
517 3211 642 3289 forent,
672 3231 795 3292 suaque
822 3229 919 3292 opera
948 3217 1169 3293 propagarent
1220 3209 1339 3275 dicitur
1362 3229 1427 3273 non
1450 3212 1574 3275 meritis
1596 3210 1713 3294 debita,
1735 3210 1792 3277 ssd
1814 3211 1939 3277 iustitia
1961 3214 2041 3292 Dei,
2069 3234 2133 3296 qna
2155 3234 2190 3281 se

197 3301 311 3366 salutis
334 3298 525 3365 doctrinam.
564 3297 695 3362 Interea
716 3295 894 3360 notandum
913 3294 1088 3378 diligenter
1109 3295 1169 3360 hoo
1220 3308 1497 3360 remuneratorem
1520 3308 1591 3361 ease
1619 3303 1760 3362 testatur
1788 3298 1939 3363 omnibns
1969 3301 2024 3380 qui
2053 3320 2129 3365 vere
2157 3309 2191 3366 et

197 3385 339 3468 elogium
361 3393 425 3461 est,
448 3403 511 3465 quo
533 3383 702 3448 ecelesiam
724 3402 815 3447 suam
839 3382 976 3464 insignit
997 3379 1103 3457 Deus,
1126 3401 1169 3444 ne
1220 3402 1261 3445 ex
1284 3382 1488 3445 animosum
1511 3382 1674 3446 invocant.
1718 3383 1828 3464 Atque
1856 3383 1917 3448 hoo
1939 3385 2048 3448 valere
2071 3405 2191 3451 nomen

197 3483 286 3537 certa
307 3469 511 3534 discretionis
532 3473 610 3533 nota
631 3477 747 3533 careat.
792 3465 905 3549 Neque
927 3467 1012 3530 enim
1042 3467 1168 3530 censeri
1219 3478 1291 3534 ww
1313 3477 1477 3530 noverunt
1498 3486 1610 3531 omnes
1632 3466 1764 3550 linguae
1794 3467 1962 3533 hebraicae
1983 3467 2191 3534 mediocriter

197 3556 330 3623 ecelesia
344 3566 498 3634 meretur,
515 3554 572 3619 ubi
588 3573 654 3617 nou
670 3561 824 3635 personat
838 3551 986 3617 eoelestis
1002 3550 1169 3616 doctrinae
1219 3551 1325 3634 periti.
1362 3549 1501 3617 Summa
1517 3560 1575 3629 est,
1598 3550 1707 3616 Deum
1730 3573 1794 3616 non
1816 3562 1992 3619 venturum
2009 3563 2047 3619 ut
2068 3564 2191 3639 specte·

197 3641 404 3726 praedicatio.
459 3638 535 3719 Quo
574 3659 671 3704 seusu
711 3639 808 3702 etiam
839 3646 976 3702 vocatur
1013 3658 1033 3700 a
1064 3637 1169 3701 Paulo
1220 3647 1275 3701 tur
1296 3656 1316 3700 a
1338 3637 1430 3701 nohis
1452 3638 1586 3715 otiosus,
1605 3635 1661 3700 sed
1684 3646 1723 3701 ut
1743 3639 1900 3702 virtutem
1922 3659 2016 3703 suam
2043 3648 2189 3706 exserat:

179 3714 347 3793 ¹columna
375 3735 408 3790 et
437 3726 682 3791 firmamentum
709 3722 856 3788 veritatis
876 3722 920 3807 (1.
943 3723 1027 3786 [lim.
1050 3722 1081 3805 3,
1105 3721 1168 3806 15).
1219 3741 1354 3803 eamque
1375 3723 1437 3803 ipsi
1467 3723 1688 3804 experiamur:
1718 3722 1862 3805 adeoque
1886 3744 1945 3806 pro
1971 3744 2052 3791 voce
2082 3727 2191 3809 operis

197 3813 271 3878 Etsi
286 3813 374 3876 enim
386 3811 478 3876 Deus
492 3831 551 3893 per
566 3830 601 3874 se
616 3819 650 3874 et
665 3809 787 3890 absque
802 3807 971 3873 hominum
986 3808 1169 3872 ministerio
1219 3828 1284 3871 non
1306 3806 1391 3872 male
1414 3808 1590 3889 quadraret
1612 3807 1757 3873 effectus.
1801 3809 1900 3873 Multi
1920 3809 2072 3875 subtilius
2093 3831 2191 3894 expo·

197 3917 311 3981 regere
332 3917 391 3961 nos
413 3905 540 3981 posset,
570 3894 630 3960 has
652 3903 760 3958 tamen
783 3892 937 3958 ecelesiae
959 3911 1036 3957 suae
1058 3900 1169 3974 partes
1220 3901 1320 3975 nunt,
1361 3900 1458 3973 atque
1490 3892 1660 3974 pueriliter
1699 3892 1971 3978 philosophantur
2007 3899 2042 3961 in
2081 3897 2190 3962 verbis

197 3982 380 4059 mandavit,
421 3991 454 4045 et
492 3979 579 4062 apud
611 4000 684 4045 eam
717 3979 866 4060 deposuit
897 3977 1167 4043 inaestimabilem
1219 3978 1327 4060 operis
1348 3984 1382 4041 et
1403 3977 1578 4043 mercedis:
1609 3999 1646 4044 ac
1673 3979 1701 4044 si
1728 4000 1809 4062 opus
1838 3982 1993 4044 meritum
2020 3989 2113 4058 esset,
2136 3984 2189 4047 oui

196 4067 289 4133 verbi
311 4069 362 4132 aui
384 4065 584 4131 thesaurum.
620 4064 694 4146 Qua
715 4065 813 4129 etiam
835 4064 963 4128 ratione
983 4063 1060 4128 alibi
1083 4062 1168 4129 dice·
1219 4061 1409 4146 rependitur
1442 4083 1582 4129 meroes:
1622 4085 1722 4147 quum
1762 4064 1921 4148 propheta
1958 4065 2043 4130 nihil
2078 4068 2188 4132 miuus

198 4154 404 4237 turpiorum
434 4152 577 4215 omnium
607 4160 722 4214 mater.
766 4149 864 4216 Unde
892 4149 1054 4233 sequitur,
1084 4148 1168 4212 nihil
1219 4148 1384 4229 spectarit.
1428 4146 1520 4213 Idem
1543 4151 1631 4214 enim
1660 4149 1794 4233 repetit,
1821 4160 1859 4214 ut
1886 4151 1951 4215 iam
1979 4150 2100 4217 dictum
2128 4163 2187 4231 est,

195 4241 302 4323 magis
334 4246 580 4321 praeposterum
613 4256 683 4300 esse
715 4243 748 4298 et
780 4234 974 4313 absurdum,
1014 4255 1111 4317 quam
1149 4255 1169 4299 a
1219 4242 1316 4315 atque
1347 4234 1490 4299 fructum
1523 4235 1683 4300 adventus
1715 4234 1850 4300 Domini
1892 4235 2051 4313 declarat,
2091 4258 2187 4321 quem

196 4325 297 4389 mutis
312 4323 406 4388 idolis
423 4322 539 4387 iactari
556 4320 709 4387 ecclesiae
727 4340 857 4396 nomen,
876 4331 912 4385 ut
927 4322 966 4385 fit
982 4320 1017 4384 in
1036 4329 1167 4402 papatu.
1219 4320 1361 4383 maximo
1384 4339 1442 4383 suo
1464 4319 1548 4384 bono
1569 4321 1749 4405 percipient
1769 4320 1890 4385 fideles.

196 4410 372 4475 Monemur
394 4408 505 4484 etiam,
527 4427 593 4471 uon
614 4404 686 4470 ideo
709 4406 843 4471 coelitus
863 4406 969 4471 doceri
988 4405 1167 4488 ecelesiam,
1306 4403 1355 4468 11.
1385 4401 1500 4488 (Sicuti
1514 4405 1651 4491 postor.)
1694 4406 1767 4471 Hoc
1796 4426 1893 4472 versu
1924 4406 2065 4473 declarat
2092 4409 2188 4490 quale

197 4504 235 4559 nt
257 4495 319 4560 sihi
348 4495 437 4559 intus
467 4502 499 4557 et
527 4492 652 4557 occulte
681 4491 802 4572 sapiat,
836 4492 892 4556 sed
919 4503 955 4556 ut
984 4492 1169 4574 promulget
1219 4491 1263 4555 sit
1283 4487 1365 4553 illud
1387 4490 1522 4554 Domini
1543 4512 1633 4574 opus.
1676 4491 1763 4556 Nam
1785 4512 1884 4574 quum
1906 4493 2011 4567 varie,
2043 4495 2109 4558 imo
2137 4497 2187 4558 iu·

197 4579 281 4662 quod
312 4578 433 4644 didicit.
476 4578 529 4642 Ad
559 4577 638 4643 haec
666 4575 802 4640 liberam
833 4587 867 4641 at
895 4575 1089 4660 intrepidam
1116 4579 1166 4640 in·
1219 4576 1363 4641 numeris
1384 4573 1488 4640 modis
1510 4585 1676 4659 operetur,
1705 4585 1833 4658 poterat
1854 4598 2030 4659 suspensus
2053 4578 2187 4644 haerere

195 4665 302 4749 iungit
334 4665 459 4749 gratim
492 4663 802 4747 promulgationem,
842 4681 884 4725 ne
923 4661 1101 4744 prophetae
1134 4671 1167 4727 et
1218 4661 1346 4726 auditor
1367 4661 1522 4742 quidnam
1544 4661 1677 4746 aggredi
1699 4661 1799 4729 vellet
1820 4661 1928 4728 Deus:
1958 4668 2004 4728 ita
2026 4664 2187 4747 generalis

197 4751 344 4816 doctores
366 4750 459 4829 quasi
479 4748 521 4812 de
543 4769 578 4813 re
600 4747 752 4831 ambigua
773 4746 886 4810 timide
906 4747 1006 4812 verba
1028 4747 1165 4811 iaciant:
1218 4746 1365 4812 doctrina
1386 4748 1493 4812 minus
1515 4746 1631 4812 fuisset
1660 4746 1700 4811 ad
1730 4768 1821 4831 spem
1851 4749 2039 4832 erigendam
2061 4750 2185 4814 efficax.

195 4835 253 4901 sed
275 4835 452 4902 ostendant
474 4842 623 4898 constare
645 4833 706 4899 sibi
734 4831 864 4915 plenam
892 4852 1003 4896 eorum
1032 4834 1166 4897 certitu·
1218 4832 1290 4897 Etsi
1312 4841 1422 4897 autem
1444 4852 1509 4897 non
1533 4840 1702 4899 enumerat
1723 4833 1868 4917 singulas
1889 4842 2014 4916 partes,
2044 4832 2187 4899 breviter

197 4920 307 4987 dinem
340 4941 423 5004 quae
454 4919 665 5001 promittunt,
708 4919 784 5000 quia
817 4917 915 5000 probe
949 4919 1068 4982 conscii
1102 4919 1168 4982 sint
1217 4924 1327 4983 umen
1346 4917 1497 4983 admouet
1511 4918 1583 4982 Deo
1600 4917 1671 4983 fore
1688 4919 1889 5003 propositum
1907 4919 2075 4986 ecclesiam
2093 4938 2186 4984 suam

194 5007 327 5089 Deum,
357 5007 412 5089 qni
439 5005 571 5069 mentiri
591 5024 656 5069 nou
679 5015 800 5086 potest,
829 5002 890 5067 sibi
916 5012 1165 5068 assecutorem.
1216 5003 1326 5068 fovere
1349 5012 1382 5067 et
1409 5005 1504 5068 tueri.
1548 5004 1727 5087 Propterea
1754 5025 1828 5069 eum
1856 5014 2022 5088 comparat
2050 5007 2185 5086 pastori:

195 5092 292 5157 Iubet
319 5101 428 5157 autem
456 5110 474 5155 e
506 5087 606 5156 Sione
635 5089 764 5172 prodire
800 5090 924 5173 gratim
953 5107 1030 5153 snae
1057 5099 1165 5166 testes,
1216 5107 1279 5172 quo
1301 5089 1433 5152 nomine
1455 5090 1650 5154 immensum
1672 5090 1743 5155 eius
1765 5109 1843 5174 erga
1872 5110 1931 5154 noe
1959 5109 2103 5154 amorem
2129 5111 2186 5155 ex·

195 5179 250 5260 qui
283 5185 385 5241 totam
418 5175 574 5240 Iudaeam
608 5174 728 5259 gaudio
768 5175 925 5257 repleant.
980 5173 1045 5239 Ubi
1087 5172 1166 5239 dicit
1217 5174 1344 5257 primit:
1385 5173 1470 5255 quod
1509 5195 1544 5239 se
1583 5195 1620 5240 eo
1658 5175 1828 5241 demittere
1866 5195 1931 5240 non
1964 5184 2109 5259 recuset,
2148 5186 2187 5241 ut

196 5282 259 5330 ecce
280 5262 372 5328 Deua
392 5266 505 5344 occur,
532 5260 759 5341 complectitur
788 5261 849 5326 hac
871 5259 1056 5343 loquutione
1078 5280 1165 5324 sum·
1216 5260 1355 5341 pastoris
1378 5279 1513 5325 munere
1535 5279 1614 5343 erga
1634 5281 1693 5326 nos
1715 5260 1879 5344 fungatur.
1918 5259 2006 5325 Alibi
2026 5271 2059 5326 et
2080 5281 2187 5345 nuper
