4784 5970
187 349 229 413 43
1067 344 1310 443 1n1nn1au
1362 373 1367 381 ·
1617 363 1620 370 ·
2149 342 2196 409 44

188 557 285 602 ειιιιιιι
314 536 443 600 imitari.
496 536 583 618 Ergo
614 543 756 601 armatos
791 536 901 603 hostes
930 544 1162 602 commemorat
1214 537 1272 601 tibi
1294 558 1387 621 opem
1411 538 1530 616 leram,
1563 544 1658 620 teque
1680 537 1712 601 in
1735 536 1908 618 pristinam
1931 534 2129 600 libertatem·
2142 553 2195 597 re·

189 621 348 705 propheta
369 621 425 704 qui
448 620 605 686 violenter
627 621 796 687 ecclesiam
814 631 1020 705 oppugnant:
1043 621 1160 686 deinde
1213 623 1354 687 stituens
1375 623 1490 688 faciam
1514 631 1551 687 ut
1572 643 1591 687 e
1612 619 1760 688 sordibus
1782 632 1816 687 et
1837 620 2008 704 putredine
2025 639 2192 702 emergas.

189 707 339 791 adiungit
351 706 539 789 litigatores,
560 706 616 788 qui
627 706 805 786 fraudibus,
826 707 997 772 calumniis
1008 716 1040 772 et
1053 707 1160 772 fallaci
1214 720 1298 776 n’nn
1321 707 1471 773 nonnulli
1493 708 1751 790 interpretantur
1773 708 1877 786 viros,
1910 704 1996 788 quod
2017 705 2192 769 contextui

189 794 269 858 iuris
291 797 467 877 praetextu
489 791 669 856 molestiam
692 792 858 858 exhibent.
900 794 964 858 His
993 813 1070 876 ergo
1098 793 1160 858 cri·
1216 794 1348 858 minime
1370 795 1532 859 convenit.
1578 794 1667 877 Ergo
1689 793 1860 857 manifesta
1889 793 1972 856 ratio
2000 791 2088 874 cogit
2119 811 2194 854 ver·

190 877 420 943 minationibus
437 898 495 942 nos
510 877 654 942 exerceri
671 878 790 942 mirum
801 901 866 943 nun
883 888 947 944 est:
964 899 1024 943 uec
1039 899 1160 943 nevum
1214 890 1284 943 tere
1305 890 1459 944 mortuos.
1501 880 1562 944 Est
1585 880 1671 943 enim
1693 878 1852 960 expositio
1875 877 1991 961 prioris
2013 897 2072 959 per
2095 896 2193 958 repe·

189 964 293 1031 videri
315 964 418 1041 debet,
440 965 467 1027 si
489 961 583 1027 hodie
603 962 698 1027 multi
716 963 894 1029 nebulones
914 984 1046 1047 operam
1068 985 1161 1028 suam
1215 965 1372 1038 titionem,
1392 985 1474 1047 quae
1492 965 1652 1030 Hebraeis
1670 963 1764 1030 valde
1783 965 1904 1028 usitata
1920 972 1978 1028 est.
2012 961 2194 1027 Assentior

189 1049 361 1114 venditent
384 1048 587 1114 Antichristo
609 1048 649 1112 ad
680 1069 740 1113 nos
770 1049 1030 1115 calumniandos:
1060 1070 1161 1132 quum
1214 1050 1316 1133 igitur
1332 1050 1547 1135 Hieronymo,
1569 1052 1624 1133 qni
1647 1050 1693 1114 ita
1710 1051 1825 1114 vertit:
1850 1068 1955 1132 neque
1973 1067 2082 1111 moror
2101 1046 2194 1129 quod

190 1134 225 1199 id
247 1136 311 1198 iam
335 1133 412 1198 olim
436 1133 602 1217 prophetis
624 1134 761 1217 aliisque
783 1135 846 1199 Dei
871 1136 976 1201 servis
1007 1136 1162 1200 evenerit.
1216 1148 1299 1204 nutu
1328 1154 1402 1218 per:
1436 1156 1501 1201 non
1536 1158 1593 1219 per
1617 1154 1634 1170 ··
1663 1136 1716 1200 hie
1749 1135 1902 1200 scribitur
1955 1133 2067 1197 Facile
2100 1133 2193 1197 enim

277 1220 327 1284 13.
351 1218 525 1304 (Quoniam
550 1240 603 1303 epo
624 1219 714 1284 Deua
735 1219 830 1305 tuuc.)
874 1220 946 1286 Iam
975 1220 1163 1287 ostenderat
1215 1222 1279 1286 fuit
1306 1227 1373 1286 tam
1408 1222 1519 1286 affinia
1552 1223 1640 1286 inter
1668 1242 1703 1286 se
1733 1229 1853 1303 puncta
1882 1218 2011 1284 mutari.
2061 1218 2109 1283 Et
2138 1237 2193 1282 res

191 1305 352 1390 propheta
373 1306 429 1370 ubi
452 1305 619 1370 fundanda
640 1306 684 1369 eit
703 1306 969 1390 fiduciasalutis,
993 1317 1029 1371 ut
1051 1317 1163 1370 contra
1216 1308 1287 1390 ipsa
1308 1307 1483 1389 spectanda
1506 1320 1564 1384 εει,
1587 1306 1663 1391 qnia
1687 1306 1768 1370 nihil
1787 1306 1892 1388 magis
1910 1305 2070 1369 insulsum
2089 1323 2194 1386 quam

190 1412 302 1456 omnes
312 1391 456 1472 impetus
468 1402 669 1473 perseveret:
686 1412 812 1475 nempe,
826 1393 879 1458 ubi
893 1392 1003 1457 Deum
1015 1402 1163 1456 nostrum
1216 1394 1306 1458 viros
1328 1414 1386 1475 pro
1407 1393 1575 1458 vermibus
1598 1393 1772 1458 subiicere:
1806 1392 1870 1457 uisi
1893 1391 1977 1454 forte
2000 1390 2072 1472 quis
2095 1389 2195 1453 malit

191 1497 262 1542 εεεε
293 1476 449 1558 nobisque
479 1476 588 1540 lavere
615 1479 762 1558 persuasi
791 1498 915 1543 sumus.
958 1479 1055 1543 Nunc
1077 1476 1163 1542 idem
1218 1479 1325 1561 legere
1347 1478 1509 1544 mortales.
1544 1478 1610 1544 Sed
1634 1476 1843 1542 hauddubie
1865 1474 2195 1541 vocemhancDeus

190 1563 293 1627 tradit
314 1560 370 1626 sed
393 1560 465 1625 aliis
488 1559 610 1626 verbis:
642 1581 701 1626 nec
721 1571 829 1627 tamen
852 1583 1093 1646 supervacanea
1114 1585 1166 1627 re·
1218 1562 1323 1628 audiri
1347 1563 1447 1628 voluit
1476 1566 1516 1627 ah
1546 1564 1782 1642 afflictissimis,
1811 1573 1848 1628 ut
1875 1570 2063 1645 penetraret
2084 1579 2195 1641 usqne

190 1648 304 1731 petitio
326 1656 384 1711 est.
426 1644 556 1712 Scimus
577 1647 663 1710 enim
688 1668 783 1730 quam
806 1648 899 1714 facile
922 1649 1014 1713 nobis
1036 1648 1165 1714 excidat
1217 1649 1258 1714 ad
1281 1651 1386 1732 ipsum
1410 1649 1610 1732 sepulcrum:
1633 1650 1711 1732 qnia
1728 1670 1769 1714 ex
1788 1650 1934 1731 opposito
1951 1645 2195 1729 redemptorem

191 1734 273 1799 haec
295 1731 457 1810 doctrina,
486 1732 614 1796 etiamsi
636 1733 765 1815 saepius
788 1734 978 1799 inculcetur.
1018 1735 1086 1800 Nec
1108 1756 1165 1816 po·
1219 1758 1253 1800 se
1275 1736 1412 1800 mortuis
1434 1735 1501 1799 fore
1523 1737 1672 1800 affirmat.
1706 1734 1809 1799 Porro
1828 1734 1874 1798 sic
1893 1731 2052 1815 propheta
2068 1730 2195 1796 saeculi

191 1819 257 1883 tuit
280 1818 398 1882 nimius
421 1837 493 1882 csse
515 1818 548 1880 in
573 1817 634 1881 hac
657 1819 870 1900 promissione
899 1819 1164 1896 commendanda,
1219 1821 1270 1886 sui
1292 1821 1453 1885 rationem
1476 1820 1604 1898 habuit,
1636 1831 1673 1884 ut
1695 1820 1780 1884 hanc
1801 1818 1981 1884 doctrinam
2004 1815 2196 1881 extenderit

193 1924 293 1986 quam
315 1904 349 1966 in
373 1903 489 1966 animis
518 1903 639 1967 nostris
668 1904 792 1970 radices
822 1927 919 1989 agere
947 1906 1078 1970 difficile
1106 1915 1163 1971 εει.
1219 1906 1260 1972 ad
1282 1926 1396 1970 omnes
1418 1905 1531 1969 mundi
1555 1914 1688 1972 aetates.
1721 1903 1856 1986 Quoties
1879 1904 1981 1986 igitur
2003 1922 2197 1984 oppressam

192 1989 310 2071 Itaque
343 1990 483 2053 sciamus
516 1988 641 2053 felicem
675 1990 768 2056 nobis
801 1994 945 2055 omnium
980 2012 1165 2074 pugnarum
1219 1993 1394 2075 impiorum
1427 1992 1562 2056 saevitia
1594 1992 1762 2058 ecclesiam
1804 1989 2000 2066 videbimus,
2041 1987 2126 2053 haec
2159 1987 2197 2051 in

194 2075 319 2140 exitum
341 2075 418 2152 lore,
448 2072 601 2156 quoniam
627 2076 788 2140 Dominus
811 2075 904 2140 nobis
935 2077 1037 2156 arlest,
1068 2085 1166 2160 atque
1220 2077 1408 2143 memoriam
1431 2077 1616 2142 revocanda
1635 2087 1742 2153 erunt,
1766 2086 1803 2139 ut
1816 2074 1899 2139 filios
1919 2076 1981 2139 Dei
2000 2074 2057 2155 qui
2076 2072 2197 2137 mundi

195 2162 227 2224 in
257 2180 331 2224 eum
363 2159 523 2242 respicere
553 2159 716 2225 discamus
745 2163 869 2242 quoties
903 2161 1024 2228 difficili
1059 2163 1167 2245 aliqua
1218 2164 1305 2228 fastu
1326 2163 1511 2238 calcantur,
1539 2182 1597 2226 nec
1619 2163 1714 2227 modo
1737 2161 1899 2225 habentur
1921 2158 2198 2241 contemptibiles,

194 2266 305 2328 pugna
338 2266 502 2327 urgemur.
558 2245 643 2309 Nam
678 2247 705 2309 si
739 2245 828 2311 dubii
861 2245 926 2312 huc
959 2256 1056 2329 atque
1090 2247 1167 2313 illuc
1219 2248 1276 2313 sed
1298 2248 1387 2313 omni
1410 2247 1640 2313 crudelitatum
1664 2258 1695 2312 et
1717 2247 1908 2328 probrorum
1932 2265 2054 2328 genere
2084 2243 2198 2308 affecti

194 2339 388 2411 spectemus,
411 2350 580 2412 uunquam
605 2331 780 2413 tranquillo
803 2333 911 2396 animo
927 2333 1029 2397 futuri
1044 2354 1166 2398 snmus.
1219 2335 1276 2400 vix
1299 2334 1471 2414 respirant,
1495 2344 1679 2399 statuamus
1701 2352 1810 2398 coram
1833 2332 1904 2396 Deo
1925 2333 1958 2394 in
1982 2349 2112 2394 summo
2136 2329 2196 2392 ho·

195 2415 307 2496 Quum
331 2422 439 2479 autem
462 2416 554 2479 ἀειιιιι
575 2437 610 2480 se
632 2427 780 2480 nostrum
804 2429 912 2501 vocat,
943 2439 1007 2482 non
1040 2429 1166 2482 tantum
1220 2440 1298 2484 nore
1321 2429 1353 2483 et
1376 2420 1479 2501 pretio
1502 2439 1582 2498 esse,
1606 2431 1641 2482 ut
1664 2418 1754 2483 brevi
1776 2427 1875 2500 ceput
1892 2414 2058 2480 attollant:
2081 2424 2116 2480 ει
2133 2413 2198 2479 hoc

195 2510 425 2566 commemorat
447 2501 626 2582 potentiam
650 2522 760 2578 suam,
789 2501 844 2566 sed
868 2504 1039 2581 bonitatis,
1070 2523 1166 2586 quam
1221 2506 1355 2587 quisque
1378 2512 1525 2568 nostrum
1548 2505 1588 2568 ad
1611 2525 1645 2569 εε
1668 2503 1897 2578 accommodet,
1926 2515 1962 2566 ut
1989 2521 2095 2583 neque
2118 2520 2198 2565 con·

195 2589 229 2650 in
253 2608 313 2651 nos
336 2606 486 2650 exercere
506 2586 586 2662 vult,
610 2589 833 2652 testimonium
848 2588 963 2654 reddit.
997 2589 1166 2654 Necenim
1221 2589 1379 2666 tumeliis,
1415 2610 1518 2672 neque
1552 2591 1682 2654 miseria
1712 2599 1838 2666 nostra,
1872 2608 1976 2669 neque
2008 2585 2199 2670 angoribus,

196 2673 361 2738 sufficeret
382 2692 442 2736 nos
463 2692 634 2753 persuasos
656 2694 727 2737 esse
758 2671 798 2738 de
828 2676 973 2756 potentia
996 2675 1075 2757 Dei,
1104 2675 1167 2740 nisi
1221 2697 1324 2757 neque
1347 2675 1417 2757 ipsa
1439 2686 1542 2740 morte
1570 2686 1761 2739 terreamur.
1805 2673 1949 2738 Tametsi
1978 2670 2121 2735 mortuis
2151 2671 2198 2735 si·

197 2759 236 2822 de
259 2777 368 2821 amoro
391 2757 491 2839 ipsius
515 2758 635 2838 pariter
664 2760 743 2825 certi
771 2780 925 2825 essemus.
968 2760 1040 2825 Imo
1070 2782 1166 2843 quum
1221 2760 1314 2825 miles
1336 2762 1452 2836 simus,
1483 2761 1653 2844 omnisque
1675 2760 1791 2825 salutis
1814 2781 1888 2843 spes
1919 2756 2010 2822 nobis
2040 2754 2200 2838 adempta

196 2844 296 2908 solius
316 2843 480 2924 potentiae
499 2846 663 2908 mentione
679 2854 871 2923 terreamur,
893 2845 1022 2910 bonitas
1038 2848 1167 2930 proprie
1220 2847 1271 2929 sit,
1291 2856 1399 2910 tamen
1419 2846 1523 2910 aderit
1541 2847 1634 2912 nobis
1652 2846 1824 2927 Dominus,
1847 2843 2082 2924 ecclesiamque
2101 2861 2198 2906 snam

197 2928 238 2992 ad
261 2949 320 2993 nos
343 2926 503 3009 pacandos
526 2927 622 2992 valet.
667 2929 792 2993 Iterum
815 2949 893 2993 vero
924 2940 956 2995 ει
986 2930 1025 2995 de
1055 2951 1168 3014 appre·
1221 2934 1274 2995 vel
1296 2953 1314 2994 ε
1336 2932 1485 3012 sepulcro
1506 2933 1577 3013 ipso
1599 2931 1731 2994 demum
1753 2930 1918 2996 excitabit.
1962 2929 2007 2992 Et
2034 2926 2200 3012 propheta

198 3014 354 3078 hensione
378 3033 510 3090 manus,
543 3022 576 3077 ει
598 3012 638 3078 de
660 3034 738 3077 voce
760 3014 918 3097 loquitur:
951 3017 1025 3096 quia
1057 3019 1168 3098 magni
1221 3029 1370 3080 sanctum
1392 3015 1526 3081 Israelis
1548 3037 1663 3080 rursus
1685 3015 1816 3094 addens,
1847 3015 1888 3079 ad
1911 3013 2049 3079 foederis
2072 3032 2199 3077 memo·

197 3108 308 3164 nostra
330 3099 466 3163 interest
489 3113 598 3162 tenere
620 3119 703 3180 quae
719 3099 811 3163 Deus
833 3100 951 3164 amoris
966 3102 1062 3182 sigua
1077 3102 1169 3167 nobis
1222 3102 1304 3164 riam
1325 3100 1447 3178 fideles,
1475 3101 1570 3166 sicuti
1591 3100 1688 3182 paulo
1711 3110 1795 3178 ante,
1818 3115 1959 3180 revocat,
1988 3119 2053 3181 quo
2082 3119 2198 3182 segre·

197 3183 334 3266 dederit,
357 3195 389 3247 et
411 3185 607 3266 coniungere
630 3184 819 3262 doctrinam,
842 3205 924 3267 quae
946 3186 1039 3250 nobis
1057 3207 1169 3268 perpe·
1193 3189 1197 3259 Ι
1223 3196 1317 3269 gatus
1340 3195 1409 3248 erat
1427 3186 1528 3251 Israel
1547 3187 1580 3250 in
1599 3207 1726 3251 sucrum
1745 3186 1808 3250 Dei
1827 3185 2001 3268 peculium,
2026 3194 2127 3266 atque
2151 3183 2200 3247 ita

196 3282 272 3335 tuae
295 3270 419 3353 gratiae
441 3268 538 3332 fidem
561 3269 648 3335 iacit.
692 3269 808 3352 Itaque
829 3270 930 3335 verbo
953 3269 1081 3335 dicendi
1104 3292 1168 3335 non
1223 3270 1312 3334 addit
1335 3272 1474 3345 animos,
1509 3293 1549 3336 ne
1572 3292 1625 3336 eos
1647 3273 1812 3335 exanimet
1838 3270 1890 3335 vel
1921 3269 2069 3335 debilitet
2098 3269 2200 3334 sortis

195 3376 313 3440 parum
343 3357 429 3420 inest
459 3354 626 3435 ponderis:
662 3376 721 3419 nus
749 3355 834 3419 enim
864 3376 1038 3438 suspensos
1067 3357 1169 3420 animi
1222 3376 1300 3421 suae
1327 3356 1521 3440 indignitas,
1560 3357 1637 3422 dum
1665 3378 1699 3422 se
1729 3377 1856 3420 vermes
1886 3367 1919 3419 et
1949 3367 2095 3421 mortuos
2127 3375 2200 3419 esse

175 3441 333 3507 haerere
355 3460 486 3506 necesse
507 3449 567 3519 cst,
590 3440 690 3505 donec
711 3439 862 3522 loquatur
883 3440 1055 3519 Dominus,
1078 3442 1170 3507 cuius
1222 3449 1384 3522 reputant.

197 3528 267 3593 sola
287 3547 365 3592 voce
387 3537 494 3591 metus
515 3525 616 3589 adimi
638 3533 672 3589 et
693 3524 912 3608 tranquillitas
928 3526 1039 3591 afferri
1054 3536 1169 3608 potest.
1310 3526 1359 3591 15.
1382 3524 1476 3611 (Eece
1493 3528 1589 3607 poeni
1609 3527 1659 3613 te.)
1703 3528 1865 3609 Loquitur
1892 3524 1999 3591 adhuc
2030 3524 2071 3589 de
2102 3527 2201 3591 resti·

198 3612 236 3678 Si
260 3613 363 3696 igitur
384 3613 492 3675 animo
520 3612 629 3693 quieto
657 3631 741 3694 esse,
771 3618 869 3692 atque
898 3612 1170 3696 perturbationes,
1224 3613 1347 3676 tutione
1369 3612 1539 3687 ecclesiae,
1573 3633 1710 3695 eamque
1739 3614 1786 3676 ita
1816 3612 2017 3694 superiorem
2046 3611 2202 3677 hostibus

198 3718 282 3780 quae
304 3695 396 3762 nobis
417 3698 530 3761 variae
552 3695 712 3776 accidunt,
734 3696 865 3762 vincere
887 3697 1053 3779 cupimus,
1082 3706 1172 3760 recta
1224 3699 1291 3763 fore
1322 3697 1484 3781 promittit
1517 3706 1553 3761 ut
1586 3719 1639 3762 eos
1673 3699 1804 3762 trituret
1836 3716 1873 3762 ac
1905 3698 2127 3762 comminuat:
2168 3709 2203 3762 et

198 3784 234 3847 in
256 3783 327 3847 eins
350 3802 460 3847 vocem
491 3782 635 3845 intentos
663 3802 734 3845 esee
763 3788 906 3865 oportet,
939 3787 977 3846 ut
1006 3801 1171 3863 nunquam
1225 3784 1391 3865 aptissima
1423 3780 1635 3846 similitudine
1668 3782 1728 3847 hoo
1761 3783 1911 3850 declarat.
1963 3782 2079 3847 Iudaei
2109 3785 2202 3847 enim

201 3868 243 3933 ab
265 3887 304 3933 ea
326 3869 471 3932 animum
495 3865 704 3932 divertamus.
750 3867 816 3931 Hos
837 3867 925 3931 enim
948 3867 1065 3931 misere
1095 3866 1173 3949 angi
1225 3888 1305 3950 quos
1337 3864 1527 3948 alloquitur,
1561 3888 1663 3949 paene
1694 3868 1805 3933 obtriti
1838 3877 1965 3952 erantg
1983 3889 2025 3931 ex
2058 3867 2203 3933 adverso

199 3951 391 4035 assidueque
413 3951 576 4030 vacillare,
597 3961 695 4034 atque
717 3953 858 4016 incertos
880 3973 950 4017 εεεε
969 3971 1100 4017 ιιεεεεεε
1123 3964 1173 4015 est
1225 3974 1304 4017 vero
1330 3953 1520 4034 pronuntiat
1541 3950 1582 4015 ab
1611 3954 1650 4016 iis
1677 3952 1869 4018 obterendas
1898 3973 1969 4017 esse
2000 3954 2131 4032 hostes,
2164 3967 2205 4016 nt

199 4039 255 4122 qui
277 4038 362 4104 hanc
385 4038 450 4102 Dei
472 4057 585 4104 vocem
612 4037 725 4102 audire
755 4036 888 4116 nolunt,
917 4037 969 4102 vel
997 4056 1063 4100 non
1094 4038 1173 4101 satis
1225 4048 1398 4120 postquam
1422 4036 1550 4101 liberati
1579 4038 1715 4112 fuerint,
1747 4038 1850 4103 vicem
1872 4039 1920 4102 eis
1950 4049 2102 4102 mutuam
2126 4038 2204 4103 red·

199 4133 324 4190 attente
346 4123 491 4188 audiunt.
1226 4123 1315 4187 dant.
1360 4121 1463 4185 Porro
1490 4121 1552 4186 hoc
1581 4123 1761 4187 necessario
1790 4122 1974 4188 addendum
2006 4123 2087 4188 tuit:
2123 4126 2205 4207 quia

287 4210 336 4275 14.
360 4209 425 4293 (Ne
445 4212 555 4273 timeae
575 4205 714 4291 ιιενιιιίε.)
766 4207 889 4272 Parum
918 4206 1096 4271 honorilice
1124 4205 1173 4268 vi·
1228 4207 1290 4270 nisi
1323 4219 1568 4289 recuperassent
1607 4228 1706 4272 novas
1741 4209 1844 4285 vires,
1885 4208 2028 4273 hostium
2070 4208 2204 4274 libidini

200 4295 298 4360 detur
320 4296 407 4377 loqui
439 4293 479 4357 de
501 4293 646 4372 ludaeis,
676 4292 754 4356 dnm
783 4311 838 4355 eos
866 4312 1028 4371 vermem,
1057 4290 1173 4355 deinde
1227 4312 1354 4374 semper
1376 4292 1510 4356 obnoxii
1529 4292 1674 4356 fuissent.
1708 4292 1850 4375 Ideoque
1869 4292 2028 4359 divinitus
2046 4295 2203 4360 armandi

198 4391 344 4446 mortuos
367 4378 518 4463 appellat.
563 4377 629 4445 Sed
652 4377 770 4443 melius
797 4377 947 4460 congruit
975 4376 1057 4442 haec
1086 4397 1172 4439 cnm·
1227 4378 1362 4441 inerunt
1384 4375 1424 4438 ad
1452 4375 1653 4458 repellendas
1680 4378 1825 4443 iniurias.
1870 4377 2068 4462 Quanquam
2098 4381 2205 4445 simul

199 4468 327 4550 paratio
349 4465 526 4531 calamitati
550 4463 670 4547 pupuli,
693 4471 791 4546 atque
813 4461 920 4544 aptior
941 4470 991 4525 est
1009 4462 1048 4525 ad
1064 4461 1173 4542 ipsum
1227 4461 1415 4545 pronuntiat
1436 4460 1538 4526 Isaiae
1561 4461 1723 4528 vindictae
1740 4462 1804 4528 Dei
1826 4465 1893 4528 iore
1917 4465 2097 4530 ministros.
2133 4465 2205 4531 Sed

200 4552 441 4627 consolandum,
464 4570 562 4631 quam
584 4551 612 4614 si
633 4561 766 4632 gentem
788 4549 924 4612 electam
948 4557 1101 4622 vocasset,
1125 4567 1173 4610 re·
1229 4545 1357 4610 videtur
1379 4545 1441 4611 hoc
1463 4547 1557 4610 modo
1579 4548 1782 4611 inflammare
1801 4547 1937 4615 Iudaeos
1959 4550 2000 4614 ad
2020 4551 2205 4617 ulciscendi

200 4638 274 4723 galo
290 4636 515 4713 sacerdotium,
538 4642 685 4699 sanctam
704 4631 852 4698 arborem
872 4654 915 4696 ex
930 4643 1041 4695 sancta
1056 4629 1172 4706 radice,
1228 4631 1456 4714 cupiditatem:
1493 4631 1577 4714 quod
1606 4653 1625 4695 a
1653 4632 1770 4714 spiritu
1801 4635 1861 4698 Dei
1891 4635 2025 4700 omnino
2053 4637 2203 4701 alienum

201 4734 235 4788 et
263 4724 334 4788 aliis
363 4720 519 4787 eiusmodi
549 4720 654 4784 titulis
684 4728 841 4783 ornasset.
894 4716 967 4781 Imo
997 4713 1172 4781 absurdum
1228 4728 1286 4780 est.
1332 4717 1377 4781 Et
1399 4737 1498 4798 quum
1521 4718 1618 4782 nimis
1640 4718 1672 4781 in
1696 4717 1783 4782 hunc
1805 4719 1955 4784 morbum
1977 4723 2134 4804 propensi
2158 4724 2206 4787 si·

201 4810 316 4876 fuisset
336 4807 518 4892 magnificis
540 4806 606 4870 illis
629 4804 815 4869 nominibus
838 4803 925 4884 ipsos
954 4820 1073 4866 vocare
1095 4798 1172 4863 dum
1229 4823 1318 4879 mus,
1357 4800 1521 4865 Dominus
1555 4801 1613 4865 has
1646 4802 1822 4867 ulciscendi
1856 4807 2070 4889 cogitationes
2103 4828 2205 4890 saepe

201 4895 334 4960 miseria
363 4901 511 4958 extrema
542 4891 784 4973 premebantur.
829 4887 940 4968 Quare
966 4887 1087 4949 vermis
1118 4906 1174 4949 no·
1229 4885 1305 4950 alibi
1328 4886 1460 4967 reprimi
1482 4886 1585 4950 iubet:
1610 4896 1737 4950 tantum
1755 4887 1846 4952 abest
1863 4902 1899 4954 ut
1918 4912 1972 4955 eae
1989 4892 2206 4976 indulgentia

201 4982 299 5056 mine,
323 4981 414 5062 quasi
436 4978 623 5062 ignominiis
645 4975 754 5058 populi
776 4973 1015 5046 coadulescens,
1047 4990 1084 5034 eo
1107 4991 1174 5034 me·
1228 4973 1345 5034 foveat.
1390 4971 1552 5036 Hortatur
1584 4973 1670 5035 enim
1705 4987 1742 5035 nt
1774 4975 1881 5055 potius
1914 4977 1995 5040 bene
2028 4998 2206 5059 precemur

201 5064 267 5130 lius
295 5067 329 5129 in
358 5087 449 5148 spem
482 5064 601 5128 bonam
634 5061 746 5144 erigit:
780 5059 855 5141 quia
889 5077 964 5122 eum
998 5053 1175 5137 quamlibet
1228 5055 1390 5134 hostibus,
1424 5077 1488 5120 nou
1518 5068 1555 5121 ut
1584 5078 1693 5121 eorum
1717 5058 1954 5124 calamitatibus
1976 5073 2010 5126 ει
2032 5066 2206 5129 aerumnis

203 5152 364 5217 abiectum
387 5162 421 5216 ει
442 5157 663 5232 contemptum
687 5168 706 5210 a
726 5166 762 5209 se
784 5157 895 5209 tamen
925 5140 1042 5224 respici
1071 5138 1173 5204 docet.
1229 5139 1436 5205 oblectemur.
1470 5142 1675 5223 Respondcn,
1698 5143 1889 5225 prophetam
1912 5147 1965 5210 hic
1987 5148 2105 5214 docere
2124 5151 2206 5233 quid

202 5238 345 5303 Perinde
362 5259 399 5302 ac
418 5237 445 5301 si
464 5236 600 5302 diceret:
623 5231 767 5298 Tametsi
785 5229 894 5296 nullus
912 5229 965 5305 sis,
985 5245 1045 5309 ego
1064 5233 1173 5289 tamen
1229 5226 1375 5290 futurum
1399 5228 1457 5304 sit,
1488 5246 1553 5290 non
1574 5227 1683 5291 iubere
1706 5248 1809 5311 neque
1835 5230 1958 5295 hortari
1988 5242 2025 5296 ut
2054 5234 2207 5301 hostium
