1463 1656
227 168 259 184 211

231 215 308 232 esolesiue
317 215 394 231 nutritios
402 220 438 232 esse
447 215 500 231 intelli
523 217 547 236 ut,
559 219 608 235 quam
617 214 660 235 quod
669 214 717 231 soeri-

230 237 267 253 fieis
275 241 330 252 eorum
339 237 356 252 et
364 236 455 253 monarchis
464 241 501 257 amp
508 236 571 253 issimus
580 236 646 255 reditus,
655 236 717 257 opimos

230 258 341 279 possessionen
357 260 374 274 et
390 258 476 274 lstifundia
493 258 602 278 reliquerunt,
619 257 678 278 quibus
694 262 717 278 se,

232 282 310 300 tanquam
327 280 371 300 porci
387 280 404 295 in
419 279 467 299 hara,
483 279 583 300 saginarunt.
608 279 671 295 Verum
686 279 718 295 ista

231 300 306 317 edueatio
321 300 369 321 longe
383 300 415 317 sliu
429 303 500 321 spectat,
515 305 564 321 quam
579 300 599 316 ad
611 300 717 316 inexhaustos

231 321 311 338 eiusmodi
326 327 347 342 gu
369 322 372 325 ’
390 327 398 338 s
413 322 501 338 sstisndos.
522 322 557 338 Nec
568 322 612 338 euim
626 321 653 338 his
663 321 718 343 agitur

232 343 253 360 de
264 343 300 360 losu
313 327 382 368 letaiigis
390 348 449 368 ⁴eorum
461 343 535 367 domibus
544 343 572 368 qui
581 343 622 359 falso
632 345 717 368 praetextu

231 364 590 406 {fita⁰32:3¹{witzfflz‘ssszmzzsszztssf
599 364 717 406 „ffiissduissii

232 412 296 423 veneno
308 407 376 428 perdere
387 407 425 429 suit)
440 407 468 424 sed
480 407 500 423 de
511 407 587 423 tollendis
598 406 717 428 superstitioni-

232 428 272 448 bus,
290 431 338 449 atque
354 429 480 445 exterminando
496 429 541 445 omni
557 429 608 449 impio
624 431 641 445 et
657 428 718 444 nefario

232 449 286 467 sultu:
297 449 317 466 de
326 450 436 471 promovendo
444 450 506 466 Christi
515 455 570 471 regno.
580 453 597 466 et
605 449 718 466 conservanda

232 471 304 492 puritate
315 471 406 488 doctrinae:
418 471 438 487 de
447 471 562 488 submovendis
574 471 659 492 scandalis,
670 474 718 492 atque

233 492 323 514 purgandis
336 493 409 509 sordibus
424 498 466 513 quae
480 493 556 513 pietatem
571 495 687 513 sommpunt,
702 494 719 508 et

232 514 334 530 maiestatem
346 514 378 530 Dei
392 514 485 530 obseursnt.
506 514 553 531 Haeo
563 517 607 530 certe
621 514 661 530 dum
671 519 718 535 reges

233 535 305 552 studiose
316 538 380 556 curant,
393 535 442 551 simul
454 535 544 556 pastoribus
554 537 571 551 et
582 535 661 551 ministris
673 535 718 551 verbi

232 557 287 573 omui»
300 557 405 577 suppeditant
419 562 461 577 quae
476 557 496 573 ad
508 557 567 573 victum
583 559 599 573 et
613 556 674 573 sultum
690 561 718 572 ne-

232 578 304 595 eesseria
314 582 361 594 sunt:
372 578 459 594 consulunt
470 578 573 599 pauperibus,
584 583 614 595 nes
625 578 718 594 mendicita-

233 602 266 616 tem
277 599 355 616 eeclesiae
365 599 457 616 indecoram
473 600 551 616 tolerant:
568 599 633 616 seholns
647 599 718 620 erigunt.

233 623 250 637 et
261 620 354 637 dootoribus
365 621 467 637 wustituunt
478 621 569 642 stipendio:
582 623 633 641 etque
643 620 718 637 studiosis

234 642 318 659 literarum
339 642 416 658 alimenta
436 642 535 659 decernunt:
558 642 681 663 ptochotrophis
702 644 719 658 et

233 663 334 680 xenodochis
352 663 448 683 uedifleant.
468 666 485 680 et
501 663 563 684 reliqua
578 666 659 684 peragunt
677 668 718 683 quae

233 685 254 701 ad
268 685 346 701 tuendum
360 688 376 701 et
389 685 517 701 conservandam
532 684 616 701 ecclesiam
631 685 718 705 pertinent.

233 706 297 722 Verum
316 706 377 727 profusi
395 706 419 722 illi
437 709 454 722 et
472 706 590 727 supervacanei
608 709 683 726 sumptus
702 706 732 722 in=

233 727 345 744 anniversaria
360 730 376 743 et
390 728 457 747 mis-us¹
472 728 489 743 iu
501 732 550 744 suren
561 732 601 744 vssa
613 730 629 743 et
640 728 718 748 pretiosas

232 751 292 769 vestes,
303 748 361 769 quibus
370 749 462 765 efferuntur
471 751 521 769 etque
532 749 631 765 iussleesuut
642 749 719 769 pepistae,

232 775 301 791 pompeo
312 773 329 786 et
340 770 423 786 ambitioni
435 770 548 786 tantummodo
559 770 640 789 serviunt,
653 775 718 791 puram-

233 797 264 812 qne
272 794 289 808 et
298 791 387 812 simplicem
397 792 473 808 ecelesiae
483 791 595 808 educationem
604 794 718 812 corrumpunt:

233 813 266 829 imo
281 813 374 833 praefocant
389 816 438 833 utque
454 813 507 829 exetiu
532 815 562 829 unt
577 818 632 829 semen
644 812 675 829 Dei
687 818 718 833 quo

234 834 268 851 solo
277 834 325 850 vivit.
341 834 397 854 Quum
409 835 449 850 haee
458 834 505 850 hodie
521 839 563 855 unge
572 835 619 850 aliter
628 839 645 851 se
655 834 719 853 habere,

234 858 283 876 atque
297 860 343 876 reges
358 861 390 872 non
406 856 481 872 ecclesiae
496 856 580 875 nutritios,
596 855 625 872 sed
636 855 719 872 carnifices

234 881 269 893 esee
285 877 375 893 cernimus:
393 882 442 897 quum
458 876 521 893 sublata
535 877 601 897 pietatis
616 876 688 893 doctrina
703 879 720 892 et

233 898 325 919 profligatis
336 898 379 914 veris
391 899 426 914 eius
437 898 521 917 ministris,
534 901 599 914 ventres
610 898 662 917 otiosi.
673 898 719 914 inex-

233 919 302 940 plebiles
313 919 390 940 gurgites,
405 919 484 935 satellites
495 919 554 935 diaboli
565 919 662 940 saginantur
674 919 719 940 (nam

234 941 254 957 iis
265 940 347 962 prinsipes
359 941 428 957 libenter
439 941 556 962 impertiuntur
565 946 604 961 opes
613 946 656 961 suns,
666 941 682 957 id
691 943 720 960 eet,

233 967 299 979 sussum
311 965 328 978 et
339 962 435 983 sangninem
447 967 494 983 quem
505 967 515 978 e
526 962 572 982 plebe
583 962 670 983 suxerunt)
681 962 720 978 dum

235 984 284 1000 stiam
300 984 322 1004 pii
337 984 396 1004 alioqui
412 984 494 1005 prinsipes
508 984 563 1000 minus
577 984 640 1000 roboris
654 987 671 1000 et
681 988 719 1000 con-

235 1005 306 1021 stantiae
318 1005 378 1021 hubent
389 1005 409 1021 ad
421 1004 556 1026 propugnandum
568 1004 636 1021 verbum
647 1007 664 1021 et
675 1007 721 1021 tuen-

234 1026 273 1042 dam
288 1026 380 1043 eeclesiam:
397 1031 504 1047 agnosenmus
518 1027 588 1047 pescatis
603 1026 663 1043 nostris
678 1026 720 1043 bans

236 1047 303 1068 rependi
315 1047 410 1067 mercedem,
422 1053 483 1068 nosque
495 1047 549 1068 probis
560 1048 633 1064 nutritiis
644 1047 720 1068 indignos

234 1074 271 1085 esee
282 1069 366 1085 fateamur.
382 1069 405 1085 At
414 1069 521 1085 nibilominus
533 1071 569 1089 post
580 1069 670 1085 horrendas
680 1069 720 1085 istus

236 1090 293 1106 ruinas
309 1090 386 1107 ecelesiae
404 1090 502 1107 instnuratio
520 1094 536 1106 et
553 1095 610 1111 regum
629 1090 666 1107 talis
682 1095 720 1106 eon-

236 1111 290 1128 versio
306 1112 386 1132 spersnda
403 1115 437 1131 est,
454 1115 472 1128 ut
488 1117 506 1128 se
523 1112 600 1128 nutritios
616 1112 688 1128 fidelium
705 1114 721 1128 et

235 1135 300 1169 tutores
310 1136 398 1170 pgseeteut,
413 1137 462 1154 atque
473 1133 536 1149 fortiter
547 1136 651 1154 propugnent
662 1133 721 1149 doctri-

234 1159 272 1170 nam
301 1159 319 1170 er
330 1160 340 1170 1.

278 1175 369 1196 <Pieli-erem
381 1176 439 1196 pedum
454 1177 517 1192 tuorum
529 1176 598 1197 linym.)
622 1175 658 1192 Hoc
672 1176 721 1192 etism

236 1197 348 1213 testimonium
365 1197 462 1217 detorquent
480 1197 554 1218 papistae
570 1197 591 1213 ad
607 1197 721 1213 stabiliendam

236 1218 341 1239 tyrannidem
356 1218 395 1234 idoli
409 1219 443 1238 sui,
457 1219 503 1239 quasi
514 1223 562 1235 veros
572 1221 589 1234 et
599 1218 679 1239 legitimos
690 1218 722 1235 Dei

236 1240 307 1256 cultores
322 1245 354 1256 uon
370 1239 417 1256 aliter
428 1245 445 1256 ee
456 1240 526 1261 probent
540 1245 587 1261 reges
602 1245 621 1256 as
635 1240 687 1260 princi
699 1245 721 1258 ee.

237 1261 269 1278 uisi
285 1261 365 1277 larvatum
382 1261 428 1277 illum
444 1261 520 1278 ecelesiae
536 1261 626 1282 principem
641 1261 675 1277 loco
706 1261 721 1277 ei

236 1282 310 1299 odorent.
330 1282 357 1298 Itu
368 1282 433 1303 pietatis
444 1283 539 1303 obsequium
551 1282 583 1299 illis
595 1285 620 1298 est
630 1282 679 1303 pedes
693 1287 721 1303 pu-

236 1309 267 1325 pae
281 1304 377 1324 suppliciter
392 1304 467 1321 oseulari.
492 1304 548 1320 Primo
564 1304 604 1325 quid
619 1303 639 1320 de
654 1304 722 1320 barbara
734 1313 735 1319 1

236 1325 316 1341 eiusmodi
328 1328 344 1341 et
355 1325 456 1342 idololatr-ica
467 1326 570 1342 venentione
585 1325 684 1342 censendum
696 1325 721 1345 sit,

236 1346 300 1363 dise-nt
310 1351 321 1362 s
331 1347 387 1366 Petro,
398 1347 444 1363 euius
455 1347 510 1363 sedem
521 1352 538 1363 se
550 1349 605 1363 tenere
616 1346 683 1366 instant,
694 1347 722 1367 qui

236 1372 254 1383 se
266 1367 296 1384 teli
309 1367 371 1384 honore
382 1373 392 1384 n
403 1368 498 1385 senturione
513 1368 555 1384 affici
570 1373 628 1389 passus
643 1373 676 1384 nou
692 1371 720 1385 est.

234 1388 305 1405 Dimnt
315 1389 365 1406 etism
374 1395 384 1406 a
391 1390 448 1409 Psulo,
459 1390 487 1410 qui
496 1389 567 1406 dimissis
576 1390 649 1406 vestibus
657 1394 722 1406 summe
734 1386 735 1403 i

669 167 693 184 m
705 167 787 185 ISAIAM

1195 166 1227 183 212

743 219 779 231 sum
788 214 896 231 detestatione
904 214 983 231 eiusmodi
991 214 1114 230 venerationem
1123 213 1226 235 improbavit.

743 235 778 252 Iam
793 236 832 257 quid
847 236 900 257 msgis
916 238 1048 257 praeposterum,
1064 240 1112 256 quem
1128 235 1180 251 lilium
1195 234 1227 251 Dei

743 257 805 279 fingere
815 262 846 279 pro
857 257 937 278 evangelii
948 257 1027 276 ministro.
1041 257 1088 277 qussi
1099 257 1187 277 prot-num
1198 256 1226 273 sli-

743 284 791 299 quem
805 284 860 300 regem
876 278 966 295 instituisse
981 278 1043 299 persico
1058 278 1123 294 luxuria
1138 280 1154 294 et
1168 283 1227 299 pompe

743 300 846 322 fulgentem?
863 300 897 317 Nos
910 305 950 316 vero
964 299 1087 316 meminerimus
1100 299 1194 319 escle-inm,
1209 302 1227 315 ut

743 322 793 343 cupiti
807 327 837 338 suo
852 322 874 338 sit
887 321 975 338 eonformis
989 321 1067 342 quamdiu
1082 321 1197 342 peregrinatur
1211 321 1227 337 in

743 343 809 363 mundo,
820 343 864 360 ornei
875 343 932 359 aubiiei
943 345 961 359 ut
972 342 1073 359 humilietur.
1093 342 1141 362 Quod
1150 342 1165 359 si
1174 342 1228 363 aliqua

743 364 790 381 detur
806 364 827 381 sb
843 364 918 381 hostibus
934 364 1020 383 relaxatio.
1038 366 1091 380 temen
1109 364 1126 379 in
1140 364 1227 384 preesipuo

743 386 778 402 eius
794 388 853 402 ornatu
869 388 887 402 et
902 385 989 407 splendore
1005 390 1040 401 esee
1056 385 1156 401 modestiam.
1180 385 1228 402 Unde

743 407 817 428 sequitur
830 407 896 428 spoliari
911 407 945 423 suis
959 406 1058 427 insignibus.
1075 407 1103 423 ubi
1118 407 1187 427 prof-na
1201 411 1227 422 sn-

744 429 799 450 perbiu
812 429 891 445 induitur.
914 428 948 445 Nes
959 433 998 444 vero
1010 428 1037 444 hie
1048 428 1092 444 uliud
1102 428 1181 449 intelligit
1191 433 1227 448 pro-

744 450 794 471 pheta
804 455 852 471 quam
864 450 980 469 adorationem,
991 454 1024 470 qua
1035 449 1116 470 prinsipes
1127 454 1183 465 soram
1193 449 1228 465 Deo

744 477 761 488 se
772 472 876 492 submittunt,
889 474 905 488 et
915 471 1010 492 obsequium
1022 470 1064 491 quod
1075 471 1110 487 eius
1121 471 1172 487 verbo
1182 476 1227 491 prse-

744 495 789 509 stsnt
804 494 820 510 in
835 493 907 509 ecclesis.
929 493 960 509 Est
976 493 1020 508 enim
1036 492 1123 513 diligenter
1139 492 1228 508 notandum

744 514 786 535 quod
798 517 846 530 anteo
856 514 936 530 diximus:
947 519 998 534 quum
1010 513 1064 534 egitur
1075 513 1095 529 ds
1107 513 1168 529 honore
1179 513 1228 530 eoele-

744 536 777 552 sise
788 536 884 556 exhibendo,
895 540 979 556 nunqusm
988 540 998 551 a
1006 535 1060 555 sapite
1071 540 1101 551 suo
1112 534 1228 556 seiungendum

744 562 784 574 esse.
806 557 848 573 Nam
862 557 889 573 his
900 557 952 573 honos
966 559 983 573 et
993 556 1047 572 cultus
1061 556 1081 572 ad
1093 555 1178 572 Christum
1193 561 1229 577 per-

745 579 794 598 tinet,
810 578 838 599 qui
854 579 877 594 sio
894 578 914 594 ad
931 578 1014 594 eeclesiam
1032 577 1129 594 “suffertur
1146 580 1165 594 ut
1181 582 1229 598 penes

744 605 796 616 unum
808 600 861 621 ipsum
873 600 937 620 integer
948 602 1018 615 manent.
1041 599 1097 619 Neque
1108 599 1151 615 enim
1163 599 1229 620 pietatis

744 621 820 642 obsequio
831 622 848 640 in
860 621 933 637 ordinem
945 626 962 637 se
973 623 1034 641 coguut
1048 625 1100 641 reges,
1115 623 1134 636 ut
1145 620 1229 636 hominm

745 644 782 663 iugo
796 645 892 662 onerentur,
908 642 936 658 sed
951 645 970 658 ut
984 647 1002 658 se
1017 641 1079 658 Christi
1094 641 1179 658 doctrin-s
1193 641 1229 658 sub-

744 664 806 680 iiciunt.
824 664 903 684 Quisquis
913 669 952 684 ergo
963 663 1041 680 eeclesiae
1052 663 1162 679 ministerium
1174 663 1230 683 reiisity

745 688 761 701 et
772 686 829 706 iugum
844 685 887 706 quod
900 685 934 701 eius
945 690 995 701 menn
1007 684 1052 701 Deus
1064 685 1099 700 vult
1110 684 1144 701 suis
1154 684 1230 701 omnibns

745 707 806 727 imponi
817 706 901 726 detrectet,
912 712 942 723 nee
951 706 1001 722 ullam
1010 710 1047 722 sum
1055 705 1122 722 Christo
1132 706 1230 722 communio-

731 742 733 751 s
745 733 782 744 nem
794 728 858 747 habere,
870 733 900 744 neo
910 727 942 744 Dei
953 727 997 743 filius
1008 732 1043 744 esse
1055 730 1112 748 potest.

786 757 836 779 (Quia
846 763 877 774 mm
884 757 975 779 pudefient.)
989 760 1031 776 Ἵνα,
1042 762 1072 778 pro
1081 757 1142 773 saussli
1151 757 1230 778 particula

745 779 811 801 nseipio.
833 779 875 795 Nam
888 779 966 795 sontinuu
980 779 1032 795 oratio
1044 781 1076 798 est,
1090 783 1131 799 quae
1146 783 1230 799 perpernm

745 801 765 817 ab
776 801 813 817 aliis
829 800 924 817 dissecatur.
946 801 1001 820 Atque
1015 800 1046 816 hoc
1061 802 1157 821 argumento
1173 800 1230 821 probet

746 827 815 843 acquum
830 827 865 839 esse
880 825 898 838 ut
912 821 985 838 hilariter
996 821 1027 838 Dei
1043 821 1110 842 imperio
1124 826 1142 838 se
1155 821 1231 838 addicunt

746 844 833 864 prinsipes,
844 848 892 864 seque
902 844 950 859 etiam
960 848 1014 860 coram
1024 842 1091 859 ecelesia
1099 842 1187 859 humiliare
1198 848 1230 859 uon

746 867 842 885 graventur.
858 864 896 885 quin
910 865 956 881 Deus
973 869 1000 881 eos
1016 864 1044 885 qui
1060 864 1078 880 in
1095 864 1147 885 ipsum
1164 867 1231 885 sperant

746 886 823 906 pudefieri
838 891 870 902 uon
883 886 935 902 sinet:
951 886 997 907 qussi
1012 885 1073 902 discret
1087 885 1174 902 mobilem
1189 886 1230 902 hanc

745 909 762 923 et
775 907 862 924 iucundam
876 907 992 923 subiestionem
1007 907 1047 923 sore.
1072 906 1162 928 Coniungit
1176 909 1229 923 sutem

745 928 831 945 vei-itatem
846 933 892 945 suam
907 933 944 945 cum
959 930 1015 945 nostra
1029 928 1089 944 salute:
1106 933 1125 944 as
1138 928 1152 944 si
1166 928 1230 947 diseret.

745 955 763 966 se
777 955 807 966 nes
821 955 895 966 veracem
910 955 940 966 nec
951 949 1005 966 Deum
1020 950 1085 971 agnossi
1100 949 1150 969 velle,
1166 949 1199 966 uisi
1213 954 1230 966 re

745 972 780 992 ipsa
796 973 868 992 praestet
882 976 901 987 ea
915 976 957 992 quae
971 971 1050 992 promisit.
1072 971 1126 991 Atque
1142 971 1181 987 bins
1195 976 1230 992 per-

745 993 815 1014 cipimus
827 992 938 1009 incredibilem
950 993 1029 1009 fruetum:
1045 992 1082 1013 quia
1093 992 1141 1009 sicuti
1154 992 1192 1009 fleri
1203 998 1230 1009 ue-

745 1014 781 1035 quit
795 1014 834 1035 quin
849 1016 910 1030 statum
921 1019 969 1030 suum
982 1013 1027 1030 Deus
1042 1014 1119 1033 retineat.
1136 1014 1160 1030 ita
1174 1013 1230 1030 salutis

746 1038 810 1052 nostroe
821 1035 937 1052 firmitudinem
949 1038 993 1052 stare
1004 1036 1116 1052 inconcussam
1128 1040 1193 1052 neeesse
1202 1038 1230 1054 est,

746 1062 794 1078 quam
805 1057 885 1078 propheta
896 1062 916 1073 ex
928 1057 963 1077 ipsa
974 1056 1006 1072 Dei
1017 1056 1106 1073 stabilitate
1118 1056 1189 1073 dedusit,

788 1091 810 1107 24
821 1093 838 1107 st
848 1090 874 1107 25.
892 1090 926 1112 (Au
937 1090 1017 1111 auferetur
1026 1091 1065 1111 forti
1072 1091 1153 1112 proedu?)
1175 1090 1230 1111 Quum

733 1123 735 1130 J
746 1113 829 1133 superiore
840 1117 889 1128 versu
904 1112 998 1128 dissolverit
1009 1112 1115 1128 obieetionem
1126 1117 1169 1133 quae
1179 1112 1230 1137 fideli-

747 1134 776 1150 bus
791 1134 807 1150 in
823 1136 894 1150 mentem
910 1133 967 1149 venire
986 1136 1056 1154 poterat,
1073 1134 1163 1150 etiamnum
1178 1138 1231 1155 magis

747 1155 789 1171 idem
804 1155 894 1171 confirmat.
919 1154 962 1171 Nom
980 1154 1010 1171 hos
1025 1155 1120 1171 incredibile
1140 1155 1231 1174 videbatur,

747 1179 766 1192 nt
775 1176 831 1192 Iudaei
840 1176 941 1197 eriperentur
950 1181 959 1192 e
968 1176 1043 1192 manibus
1052 1179 1085 1192 tam
1095 1176 1165 1197 potentis
1174 1176 1231 1195 hostis,

747 1203 757 1214 a
771 1202 803 1218 quo
818 1197 861 1218 eapti
876 1197 919 1214 iusto
935 1197 977 1214 bello
993 1200 1010 1214 et
1024 1198 1041 1213 in
1058 1198 1155 1214 servitutem
1169 1197 1231 1214 redseti

747 1222 799 1235 erant.
821 1218 890 1235 Subiicit
904 1224 943 1240 erge
958 1219 1005 1235 istam
1024 1219 1168 1240 interrogationem
1185 1219 1231 1240 qussi

747 1246 768 1257 ex
782 1240 832 1257 totius
846 1240 893 1261 vulgi
907 1245 984 1261 persona.
1000 1240 1041 1256 siout
1057 1240 1145 1257 verisimile
1161 1242 1186 1257 est
1203 1245 1231 1261 per

747 1262 820 1278 omnium
836 1266 865 1277 ora
880 1261 963 1278 volitasse:
979 1267 1017 1278 mox
1032 1263 1086 1278 autem
1101 1262 1198 1282 respondet.
1213 1265 1231 1278 ut

747 1283 843 1299 videbimus.
859 1283 884 1299 As
896 1283 966 1304 primum
978 1283 1079 1299 observanda
1090 1283 1130 1300 baec
1141 1283 1231 1299 similitudo

747 1307 777 1324 est,
788 1304 830 1325 quod
842 1304 909 1321 eeslesis
920 1307 989 1320 vosatur
1000 1304 1060 1325 praeda
1071 1304 1140 1325 robusti,
1151 1307 1168 1321 et
1179 1305 1231 1325 mpsi-

747 1327 789 1342 vitss
800 1326 846 1346 uasti,
861 1326 877 1342 id
887 1329 911 1342 est
922 1325 999 1346 legitima.
1021 1325 1076 1342 Iustus
1091 1326 1134 1342 enim
1149 1331 1232 1347 possessor

747 1347 812 1366 dieitur,
828 1347 856 1367 qui
870 1347 953 1368 legitimus
967 1349 1000 1363 est:
1017 1349 1037 1363 ut
1052 1352 1103 1368 quum
1119 1347 1179 1364 bellum
1197 1348 1232 1364 iure

747 1368 810 1385 illatum
822 1371 855 1388 est,
871 1368 932 1389 praeda
946 1368 962 1384 in
974 1368 1036 1385 iustum
1046 1374 1155 1389 possessorem
1166 1369 1231 1385 tranen.

747 1390 792 1406 'l'alis
803 1390 833 1406 fuit
845 1390 905 1406 veteris
913 1390 968 1411 populi
977 1390 1053 1410 conditio,
1064 1395 1114 1411 quum
1126 1390 1143 1406 in
1154 1390 1231 1407 exsilium
