4784 5970
202 378 263 443 181
1032 379 1183 447 CAPUT
1205 372 1370 455 XLVIII.
2135 375 2196 442 182

201 565 288 631 aliud
311 565 473 650 siguificat
495 564 661 649 propheta,
683 585 783 648 0000
802 564 981 631 Dominum
999 566 1069 632 solo
1087 576 1171 632 nutu
1224 564 1390 641 divinitus,
1413 564 1468 647 qui
1490 562 1693 647 Babylonem
1711 568 1887 648 expugnet
1921 562 2064 631 Dilectio
2084 569 2196 630 autern

199 670 327 717 creasse
349 651 467 730 omnia,
489 653 691 735 formamque
720 653 808 718 coelo
836 662 870 716 et
899 662 1006 719 terrae
1035 651 1170 732 dedisse,
1205 666 1287 715 'non
1310 648 1509 732 simpliciter,
1543 649 1599 714 sed
1627 647 1706 733 πρὸς
1729 669 1759 712 τι
1787 651 1958 732 accipitur:
1986 649 2124 734 ideoque
2152 649 2195 715 01

199 738 248 802 110
276 745 312 801 01
339 736 450 801 statim
479 736 550 802 eius
580 736 733 803 mandato
761 738 939 821 paruerint.
991 739 1063 824 Ego
1092 757 1170 804 vero
1221 736 1347 802 felicem
1382 732 1601 817 expeditionis
1632 741 1786 801 eventum
1816 735 2035 820 restringitur.
2088 735 2195 801 Sicuti

201 821 355 888 libentius
377 821 517 887 extendo
539 821 580 887 ad
602 831 793 905 perpetuam
820 822 934 889 muudi
963 824 1169 890 administra·
1223 821 1304 888 Saul
1325 820 1502 887 secundum
1525 818 1601 903 quid
1623 818 1695 885 Dec
1723 838 1819 885 carus
1841 821 1912 900 init,
1942 836 1979 886 ut
2001 822 2041 886 01
2064 828 2194 904 tempus

200 911 331 973 tionem.
376 908 426 973 Ac
448 907 476 973 si
506 908 635 984 diceret,
665 908 792 975 coelum
821 919 854 972 et
881 918 1004 975 terram
1033 911 1170 993 imperio
1222 916 1391 992 regnaret:
1429 915 1526 987 atque
1558 905 1656 971 etiam
1689 904 1855 990 praeditus
1887 916 1973 972 esset
2005 907 2090 972 dono
2122 925 2196 989 prc-

201 993 334 1058 Domini
357 991 498 1075 obsequi,
528 1002 562 1059 et
584 995 654 1059 voci
676 995 747 1059 eius
767 995 1003 1077 obtemperare,
1032 1006 1065 1061 et
1087 1016 1170 1077 0000
1220 994 1361 1077 0101100.
1407 991 1481 1056 Alia
1503 991 1632 1074 piorum
1660 990 1751 1070 ratio,
1780 1011 1862 1075 quos
1884 989 1975 1057 Deus
1997 991 2194 1057 immutabili

200 1078 390 1163 longissime
423 1076 536 1144 dissita
568 1087 646 1144 sunt
678 1078 860 1144 incredibili
892 1100 1053 1147 consensu
1084 1080 1169 1145 ultro
1222 1098 1332 1144 amore
1353 1077 1541 1159 complexus
1571 1095 1739 1158 nunquam
1768 1096 1788 1140 a
1817 1098 1853 1142 se
1882 1076 2031 1143 excidere
2061 1078 2193 1161 patitur.

199 1165 345 1247 citroque
368 1183 547 1246 occurrere,
570 1184 636 1229 non
658 1183 750 1230 secus
772 1185 810 1231 ac
831 1173 922 1231 rotae
943 1165 1056 1233 eodem
1079 1174 1169 1231 motu
1223 1163 1395 1248 Significat
1426 1173 1534 1226 autem
1563 1161 1689 1246 Oyrum
1725 1161 1797 1228 ideo
1828 1173 2096 1246 expugnaturum
2127 1162 2195 1227 Ba·

200 1249 367 1314 leruutur:
395 1250 540 1314 1000101
569 1249 666 1335 longo
695 1250 870 1315 intervallo
892 1251 1018 1317 coelum
1041 1257 1170 1317 01οιτο
1221 1249 1384 1334 bylonem,
1417 1247 1501 1330 quod
1523 1246 1594 1312 Deo
1616 1256 1728 1313 autore
1749 1257 1783 1312 et
1805 1246 1885 1313 duee
1906 1269 1988 1331 opus
2010 1247 2072 1314 hcc
2094 1247 2195 1314 susci·

200 1335 397 1400 disiunctum
432 1337 483 1413 sit,
517 1346 623 1400 tamen
654 1355 766 1403 vocem
795 1337 930 1401 Domini
960 1337 1080 1420 ubique
1112 1358 1170 1401 ex·
1223 1335 1301 1418 0101,
1331 1354 1397 1398 000
1425 1332 1500 1398 1010
1529 1331 1662 1415 001100
1690 1350 1797 1417 00οι0,
1829 1333 1886 1398 001
1919 1332 2195 1416 quemadmodum

200 1420 315 1485 audiri.
353 1419 461 1485 Nullis
484 1431 558 1505 eget
580 1422 704 1486 nuntiis
727 1420 767 1485 ad
790 1423 1038 1506 significandam
1054 1422 1171 1487 voluu-
1223 1421 1313 1485 Deus
1343 1419 1396 1483 vel
1425 1418 1544 1484 inscios
1573 1428 1606 1483 et
1635 1439 1746 1485 caecos
1774 1439 1837 1501 quc
1863 1419 1937 1483 vult
1964 1419 2112 1502 impellit,
2140 1417 2194 1484 vel

200 1515 300 1571 tatem
323 1525 425 1583 suam,
448 1505 504 1570 sed
527 1516 610 1570 nutu
632 1507 750 1584 omnia,
780 1509 879 1572 etiam
906 1517 1079 1586 momento,
1100 1529 1170 1574 ex·
1223 1506 1263 1571 ab
1285 1505 1401 1570 invitis
1429 1504 1620 1586 obsequium
1648 1513 1833 1587 extorquet:
1868 1524 1928 1570 neo
1956 1505 2044 1570 enim
2072 1504 2193 1570 rolun·

201 1591 357 1673 sequitur.
403 1593 458 1655 An
490 1592 579 1656 ullus
607 1600 657 1657 est
687 1594 836 1676 princeps
865 1594 920 1676 qui
947 1614 1023 1658 suos
1051 1593 1170 1677 ubique
1223 1592 1307 1657 teria
1339 1590 1523 1655 obedientie
1552 1588 1703 1655 laudatur
1729 1591 1765 1654 iu
1787 1591 1884 1673 Cyro,
1915 1588 1971 1656 sed
2001 1590 2108 1673 potius
2137 1609 2195 1655 ex·

200 1677 369 1741 ministros
389 1674 507 1741 habeat
529 1678 600 1742 eius
629 1680 722 1742 00101
750 1678 988 1761 obsequentes?
1033 1680 1171 1745 Minime
1222 1677 1349 1742 tollitur
1367 1675 1570 1759 providentia
1588 1675 1661 1752 Dei,
1684 1696 1749 1757 qua
1766 1675 1878 1758 dirigit
1892 1682 2026 1741 cunctos
2040 1675 2195 1740 mortales

201 1782 287 1826 vero.
332 1761 497 1827 1000000
527 1772 577 1828 est
605 1762 706 1846 igitur
732 1763 795 1828 Dei
824 1765 980 1846 00100110,
1008 1765 1170 1849 longeque
1222 1763 1263 1827 ad
1285 1761 1531 1844 exsequendum
1554 1781 1649 1825 suum
1670 1760 1853 1827 consilium.

199 1857 233 1912 et
254 1847 320 1912 late
342 1856 441 1931 00101,
464 1856 497 1913 01
519 1847 560 1912 01
583 1850 753 1914 universas
775 1849 888 1915 mundi
916 1858 1027 1933 partes
1056 1859 1170 1915 exten·
1307 1846 1497 1932 (Brachium
1518 1844 1609 1931 01110.)
1652 1847 1763 1929 Aliqui
1792 1846 1828 1911 in
1857 1847 2041 1912 accusativo
2070 1847 2194 1931 legunt,

198 1933 297 2011 ditur,
320 1932 592 2015 quemadmodum
620 1941 759 1998 testatur
787 1937 956 2020 scriptura,
987 1944 1085 2018 etque
1112 1957 1170 2000 ex·
1222 1933 1277 1998 alii
1295 1933 1329 1997 in
1348 1932 1558 1998 nominativo.
1594 1930 1660 1998 Sed
1681 1952 1796 2015 parum
1814 1940 1863 1998 001
1881 1931 2088 2012 discriminis,
2107 1929 2193 2014 quod

200 2018 383 2100 perimente
405 2018 481 2082 fidei
503 2016 709 2101 percipimus.
1221 2019 1262 2083 ad
1285 2039 1417 2084 sensnm
1440 2018 1567 2082 attinet.
1612 2017 1724 2082 Potest
1752 2026 1862 2082 autem
1892 2018 2062 2083 brachium
2091 2016 2193 2098 accipi

287 2104 336 2168 14.
359 2101 612 2188 (0001000001
633 2110 858 2185 0000101000,οί
871 2105 998 2191 001110.)
1031 2107 1169 2172 Minime
1221 2126 1279 2187 pro
1301 2125 1407 2188 opere,
1429 2102 1526 2185 idque
1545 2104 1777 2186 metonymice:
1801 2111 1897 2186 atque
1915 2103 1961 2169 sic
1979 2103 2097 2168 melius
2114 2103 2193 2166 fluet

199 2190 343 2270 profecto
374 2189 510 2254 dubium
539 2196 590 2255 001
618 2191 696 2272 0010
727 2190 884 2273 0001010
912 2191 1053 2257 1010000
1081 2212 1168 2257 eom·
1220 2191 1337 2255 oratio:
1360 2189 1530 2255 consilium
1552 2189 1621 2253 eius
1638 2201 1835 2271 exsequetur
1853 2189 1888 2252 in
1907 2188 2086 2273 Babylone,
2109 2207 2193 2270 opus

199 2275 308 2357 pellet,
331 2277 462 2339 tametsi
484 2274 537 2342 hic
559 2274 642 2340 nihil
659 2277 849 2358 pronuntiet
864 2275 949 2358 quod
972 2298 1037 2341 nou
1056 2277 1169 2342 debeat
1222 2276 1292 2339 eius
1323 2276 1359 2338 in
1392 2274 1575 2340 Chaldaeis.
1632 2272 1763 2339 Scimus
1795 2275 1883 2339 enim
1921 2274 1984 2340 hcc
2022 2272 2192 2356 prophetis

198 2362 331 2443 agnosci
354 2359 393 2423 ab
416 2361 577 2426 omnibus.
623 2360 689 2427 Sed
716 2363 792 2446 quia
818 2361 996 2428 incredulis
1028 2363 1167 2427 homini·
1222 2361 1386 2442 peculiare
1408 2380 1488 2439 esse,
1511 2370 1548 2423 ut
1570 2379 1651 2441 opus
1674 2360 1808 2425 Domini
1838 2373 1871 2424 01
1891 2359 2063 2426 000011100
2093 2357 2190 2425 01001

196 2444 258 2510 100
281 2453 314 2510 01
337 2445 480 2528 prolenis
503 2447 621 2511 desunt
643 2467 747 2522 aures,
769 2447 841 2512 ideo
863 2450 949 2529 ipsos
972 2445 1012 2510 ed
1035 2447 1168 2512 audien·
1221 2448 1431 2529 coniungant.
1487 2444 1627 2527 Oblique
1659 2465 1738 2510 vero
1770 2446 1943 2529 exprobrat
1976 2443 2106 2511 Iudaeis
2139 2445 2191 2508 in·

197 2530 273 2595 100
298 2550 365 2594 000
387 2532 515 2596 inritat.
549 2532 678 2597 Scimus
697 2532 834 2597 Iudaeos
858 2533 918 2598 hae
939 2534 1169 2617 praerogativa
1220 2533 1453 2615 gratitudinem
1483 2553 1587 2609 suam,
1615 2531 1700 2613 quod
1724 2530 1795 2595 Deo
1822 2531 1987 2613 pollicenti
2014 2530 2112 2595 fidem
2134 2529 2192 2594 ad·
2275 2541 2277 2544 ⁴

196 2637 275 2697 prae
305 2617 442 2682 caeteris
471 2618 656 2682 nationibus
687 2616 832 2693 donatos,
862 2617 948 2700 quod
978 2619 1068 2684 Deus
1097 2639 1169 2684 sese
1220 2616 1331 2681 hibere
1355 2617 1468 2694 nolint,
1492 2617 1621 2680 tametsi
1644 2637 1712 2680 rem
1731 2617 1836 2698 ipsam
1856 2616 1945 2680 velut
1963 2615 1993 2679 di
2019 2616 2064 2679 ito
2082 2624 2191 2681 osten·

197 2701 261 2765 illis
295 2701 492 2783 patefecerit.
548 2702 654 2766 Notus
694 2703 727 2765 10
761 2702 883 2767 101000
915 2703 1021 2781 Deus,
1062 2705 1169 2786 inquit
1221 2702 1294 2766 dat:
1317 2722 1354 2766 ac
1375 2701 1472 2785 louge
1495 2702 1589 2766 aliter
1611 2703 1770 2783 loquatur,
1795 2721 1892 2783 quam
1915 2710 1971 2765 aut
1993 2637 2105 2781 divini,
2135 2708 2192 2763 aut

198 2787 326 2851 Psaltes
355 2785 419 2864 (76,
443 2787 494 2871 2);
527 2807 683 2868 magnum
717 2787 750 2850 10
785 2788 908 2852 Israele
939 2810 1055 2853 nomen
1088 2791 1168 2854 eius.
1220 2787 1326 2853 fictitii
1348 2787 1392 2852 dii
1414 2787 1528 2851 solent.
1572 2786 1613 2849 In
1639 2806 1775 2865 summa,
1798 2787 1870 2850 vult
1899 2806 2089 2868 persuasum
2120 2804 2191 2849 esse

198 2872 272 2952 Quo
295 2873 404 2938 miuus
425 2870 620 2938 excusabilis
647 2879 717 2936 erat
739 2892 851 2937 eorum
874 2873 927 2938 vel
949 2875 1094 2940 socordia
1115 2876 1168 2940 vel
1220 2871 1359 2951 Iudaeis,
1386 2893 1468 2956 opus
1490 2871 1623 2936 Domini
1650 2872 1719 2936 fore
1747 2871 1831 2954 quod
1855 2871 1963 2956 Cyrus
1984 2871 2190 2956 Babylonem

198 2957 389 3040 pervicacia,
423 2958 501 3021 100
532 2977 625 3022 suam
658 2957 844 3023 felicitatem
873 2979 932 3041 pro
966 2959 1067 3024 nihilo
1099 2959 1168 3026 iere
1221 2958 1429 3042 expugnabit.
1480 2957 1603 3023 Omnia
1635 2958 1722 3022 enim
1754 2958 1909 3041 auspiciis
1941 2957 2012 3025 eius
2044 2965 2189 3041 peraget,

198 3043 369 3111 ducebant.
401 3042 498 3108 Unde
520 3045 607 3108 enim
630 3052 722 3106 tanta
740 3043 855 3108 levitas
872 3044 926 3108 rel
949 3045 990 3109 ad
1013 3044 1167 3111 defectio·
1219 3044 1316 3125 idque
1338 3055 1375 3108 ut
1396 3043 1528 3108 tandem
1551 3042 1686 3109 ecclesia
1707 3042 1870 3107 liberetur.

198 3148 273 3192 000
307 3129 495 3211 propensio,
528 3128 589 3194 nisi
623 3127 708 3210 quod
740 3129 988 3196 inaestimabilis
1019 3131 1167 3197 coelestis
1306 3130 1355 3194 15.
1393 3131 1468 3195 Ideo
1482 3148 1632 3210 prospere
1652 3127 1796 3213 1010111.)
1827 3127 1952 3193 Iterum
1976 3127 2017 3192 ad
2039 3128 2192 3193 vaticinia

198 3211 364 3278 doctrinae
392 3214 567 3279 thesaurus
594 3215 683 3278 nullo
713 3228 768 3278 aut
796 3215 853 3280 vili
882 3216 918 3279 iu
946 3217 1051 3300 pretio
1080 3216 1167 3299 apud
1219 3224 1353 3281 revocat
1393 3216 1529 3280 udaeos:
1558 3227 1655 3297 atque
1681 3213 1769 3278 hunc
1797 3214 1952 3278 honorem
1976 3214 2046 3281 Deo
2076 3212 2190 3279 vendi·

198 3320 251 3363 eos
284 3299 377 3363 erat?
428 3300 530 3382 Digni
562 3320 640 3383 ergo
678 3300 808 3364 fuerunt
848 3322 927 3383 quos
965 3303 1101 3384 gravius
1134 3311 1178 3366 01
1219 3310 1280 3379 001,
1302 3301 1388 3384 0001
1411 3322 1447 3365 re
1469 3301 1502 3364 in
1521 3309 1667 3382 tempore
1684 3300 1850 3381 praedicta
1868 3319 1997 3364 omnem
2016 3299 2190 3364 dubitatio·

199 3385 348 3466 asperius
370 3386 557 3468 obiurgaret
586 3386 752 3468 propheta,
781 3387 876 3451 sicuti
898 3388 932 3451 in
954 3407 1010 3452 eos
1039 3388 1166 3453 invehi·
1219 3405 1295 3449 nem
1318 3386 1497 3451 abstulerit.
1541 3384 1671 3450 Deinde
1693 3383 1783 3449 addit
1812 3393 1920 3450 ratum
1942 3386 2009 3449 iore
2032 3383 2189 3467 quidquid

198 3483 261 3548 tur,
285 3470 414 3552 oblique
437 3471 661 3554 perstringens
683 3471 766 3553 quod
797 3471 939 3556 maligne
961 3482 993 3536 01
1014 3494 1167 3555 perverse
1220 3470 1421 3554 praedictum
1455 3470 1569 3535 fuerat.
1625 3472 1714 3554 Ergo
1747 3471 1781 3534 in
1821 3471 2011 3553 pronomine
2052 3471 2189 3552 repetito

196 3555 237 3619 ad
266 3557 502 3622 obscurandam
524 3555 587 3619 Dei
620 3557 759 3638 gratiam
792 3558 878 3621 inter
907 3579 942 3622 se
971 3560 1166 3641 conspirent
1220 3557 1341 3639 duplex
1367 3558 1479 3622 subest
1509 3556 1683 3640 emphasis,
1712 3574 1778 3618 non
1808 3557 1908 3619 alium
1937 3575 2033 3637 quam
2056 3555 2190 3621 Israelis

197 3641 337 3705 Videtur
359 3658 468 3706 autem
492 3642 582 3706 Deus
611 3641 665 3707 hic
695 3643 881 3724 permittere
903 3642 1043 3719 Iudaeis,
1074 3653 1110 3707 01
1139 3648 1167 3709 01
1221 3642 1332 3706 Deum
1365 3641 1405 3705 de
1437 3641 1535 3706 rebus
1568 3641 1689 3706 futuris
1722 3653 1755 3704 et
1787 3640 1980 3706 absconditis
2017 3641 2190 3724 loquutum

197 3727 273 3806 quid
298 3728 439 3793 babeant
461 3727 544 3809 0001
560 3727 698 3791 obiicere
717 3729 850 3809 possint,
873 3728 907 3791 in
926 3728 1068 3793 medium
1092 3750 1166 3812 pro·
1220 3748 1304 3792 esse:
1329 3726 1456 3804 101010,
1478 3726 1555 3809 0010
1577 3747 1685 3804 verax,
1708 3746 1813 3808 neque
1835 3745 1980 3808 unquam
2001 3726 2096 3805 fallit,
2120 3746 2191 3791 om·

197 3812 320 3875 ferant:
352 3812 625 3895 quemadmodum
649 3813 671 3875 ii
694 3814 749 3894 qui
771 3813 845 3877 freti
867 3813 1011 3878 bonitate
1040 3833 1167 3894 causae,
1219 3814 1309 3876 nium
1333 3812 1372 3876 10
1388 3811 1504 3894 quibus
1527 3821 1665 3878 testatus
1687 3818 1736 3877 est
1751 3818 1904 3876 eventum
1921 3812 2191 3878 0000010010-

197 3897 400 3962 adversarios
422 3916 597 3979 provocare
614 3897 750 3963 audent:
774 3898 893 3963 Adduo
914 3899 1054 3964 rationes
1077 3910 1166 3964 tuas:
1220 3898 1363 3963 dubium.
1408 3898 1523 3980 Itaque
1545 3899 1580 3961 iu
1601 3900 1666 3962 fine
1687 3917 1801 3962 versus
1823 3897 1973 3980 copulam
1991 3912 2016 3976 l,
2039 3918 2098 3981 pro
2119 3898 2189 3963 illa

195 3981 324 4064 siquid
351 3983 385 4047 in
415 3992 449 4047 te
478 3992 528 4047 est
559 3983 727 4058 acuminis,
756 3984 899 4050 ostende.
943 3984 1039 4050 Ultro
1068 3984 1168 4068 igitur
1220 3984 1288 4047 tiva
1310 3983 1441 4065 accipio.
1474 3983 1524 4047 Ac
1546 3982 1627 4048 duos
1645 3983 1698 4047 hic
1715 3983 1776 4048 sibi
1794 3983 1876 4047 fines
1894 3983 2048 4066 proponit
2069 3984 2190 4050 Isaiae:

198 4067 327 4132 lacessit
349 4072 451 4151 ipsos:
482 4089 519 4132 ae
541 4067 682 4132 liberum
709 4069 794 4148 10011,
824 4077 861 4135 01
890 4070 918 4135 01
948 4090 1012 4153 000
1042 4072 1168 4136 ratione
1219 4069 1372 4150 primum,
1402 4079 1438 4133 ut
1458 4066 1573 4132 Iudaei
1595 4068 1715 4152 captivi
1736 4068 1960 4134 liberationem
1982 4078 2193 4152 exspectent:

197 4155 337 4235 possint,
375 4153 547 4219 ostendant
580 4152 658 4218 talia
690 4174 709 4217 a
742 4154 802 4219 diis
836 4156 985 4236 gentium
1018 4157 1169 4221 nuntiata
1221 4153 1348 4234 deinde,
1371 4167 1405 4218 ut
1429 4154 1556 4219 liberati
1585 4164 1766 4237 agnoscant
1787 4153 1896 4219 Deum
1926 4155 2009 4220 tanti
2039 4155 2192 4222 beneficii

198 4259 278 4303 esse.
313 4239 443 4306 Licebit
460 4240 557 4304 etiam
576 4238 752 4303 extendere
767 4241 807 4304 01
824 4240 951 4308 divinos
974 4249 1006 4306 et
1027 4262 1169 4325 augures
1220 4247 1383 4303 autorem:
1415 4260 1518 4321 neque
1540 4239 1729 4305 existiment
1750 4239 1831 4305 haec
1852 4239 1904 4306 vel
1927 4239 2097 4306 hominum
2120 4261 2191 4324 000,

197 4324 252 4404 001
276 4324 337 4388 0111
363 4324 562 4409 arrogabant
590 4323 758 4388 scientiam
788 4346 896 4390 rerum
924 4328 1119 4404 futurarum,
1149 4349 1169 4393 a
1220 4324 1274 4389 vel
1302 4325 1435 4389 fortuito
1465 4325 1626 4391 accidisse.
1670 4326 1747 4390 Ideo
1770 4344 1847 4391 vero
1874 4345 2029 4409 prospere
2057 4345 2190 4392 cessura

198 4408 314 4489 quibus
337 4410 416 4475 haec
437 4410 529 4475 nullo
552 4409 648 4474 modo
670 4410 854 4493 praevideri
878 4422 1063 4495 potuerunt.
1107 4416 1168 4477 At·
1220 4410 1309 4494 Oyrc
1331 4410 1442 4475 omnia
1462 4411 1633 4494 significat,
1657 4410 1835 4492 quodcum
1853 4414 1993 4478 vocarit:
2017 4432 2082 4477 non
2106 4411 2191 4496 quod

199 4513 262 4575 que
284 4494 318 4557 in
340 4496 479 4560 eundem
501 4516 635 4560 sensum
662 4502 787 4578 repetet
814 4518 853 4561 ea
881 4519 963 4580 quae
991 4507 1169 4580 sequentur
1221 4495 1338 4580 dignus
1361 4503 1446 4562 esset
1468 4505 1560 4561 tanto
1582 4496 1746 4574 beneficio,
1777 4507 1832 4561 aut
1855 4519 1914 4563 sua
1943 4498 2105 4564 industria
2133 4504 2192 4562 aut

158 4612 160 4617 >
198 4579 349 4660 proximo
371 4601 483 4646 versu:
511 4581 594 4665 Ego,
617 4601 677 4664 ego
696 4581 850 4665 loquutus
871 4604 954 4648 sum.
999 4584 1075 4648 Huc
1097 4593 1167 4648 ten·
1220 4582 1365 4664 potentie
1384 4581 1418 4646 id
1437 4591 1654 4665 consequutus
1676 4581 1736 4646 sit:
1759 4582 1816 4648 sed
1833 4582 1918 4666 quod
1936 4583 2098 4649 Dominus
2120 4584 2190 4648 eius

199 4664 247 4728 dit
275 4684 411 4742 summa,
444 4665 583 4730 Iudaeos
612 4666 685 4732 ideo
715 4667 878 4745 vacillare,
910 4670 976 4733 imo
1010 4669 1168 4747 excidere,
1219 4687 1317 4749 opere
1353 4666 1394 4732 ad
1431 4667 1635 4733 liberandum
1672 4667 1829 4751 populum
1865 4689 1961 4735 suum
1999 4670 2047 4734 011
2081 4667 2190 4735 vellet

198 4749 283 4832 0001
314 4770 379 4814 000
408 4750 488 4816 satis
516 4753 688 4816 aestiment
717 4772 814 4835 quam
847 4754 1014 4838 singulare
1046 4755 1168 4820 bonum
1219 4752 1305 4818 Nam
1327 4752 1412 4835 quod
1438 4753 1582 4820 dilectam
1610 4755 1738 4818 vocavit
1767 4753 1934 4837 superiore
1955 4775 2063 4833 versu,
2091 4765 2190 4836 atque

98 4855 102 4864 ’
197 4838 250 4912 011,
273 4855 466 4918 cognoscere
487 4856 528 4900 ex
549 4857 641 4902 sacro
664 4838 726 4903 Dei
749 4858 805 4903 ore
827 4839 982 4923 quidquid
1010 4839 1052 4905 01
1081 4841 1168 4906 selu·
1220 4838 1274 4905 110
1295 4843 1435 4904 00001000
1455 4850 1487 4904 01
1510 4839 1684 4905 01100100
1707 4838 1794 4914 11011,
1821 4861 1928 4923 nuper
1949 4839 2102 4905 admonui
2124 4861 2192 4907 000

199 4933 265 4985 100
285 4921 427 5005 expedit.
464 4921 628 4986 Continuo
643 4934 716 5006 post
733 4925 872 5007 speciem
891 4945 991 4991 unam
1007 4924 1168 5009 designat,
1220 4944 1292 4990 esse
1314 4923 1522 4989 referendum
1544 4923 1584 4988 01
1607 4945 1750 4990 amorem
1773 4926 1846 5005 Dei,
1876 4945 1939 5007 quo
1966 4945 2028 4990 000
2057 4924 2191 5011 0100101

197 5007 276 5088 0010
308 5007 375 5072 100
404 5006 496 5072 Ι)000
528 5007 627 5072 linem
659 5009 767 5074 exsilii
798 5008 981 5091 babylonici
1014 5011 1169 5095 diguatus
1219 5009 1370 5089 infilius,
1393 5010 1487 5074 0101
1510 5020 1667 5076 sevocat.
1708 5011 1777 5077 Neo
1795 5012 1884 5076 enim
1902 5012 1949 5075 ita
1969 5010 2104 5079 dilectus
2126 5013 2190 5079 1011

199 5092 307 5158 iuerat
340 5093 404 5158 illis
431 5091 627 5175 praedicere.
672 5096 796 5180 Oyrum
826 5095 923 5162 huius
953 5098 1079 5181 gratiae
1107 5097 1169 5163 mi·
1220 5103 1279 5161 aut
1299 5104 1433 5162 vocatus
1462 5094 1587 5180 Cyrus:
1618 5097 1673 5179 qui
1702 5099 1833 5162 tametsi
1861 5096 1990 5180 magnis
2011 5098 2190 5167 virtutibus

198 5177 338 5243 nistrum
362 5198 424 5244 non
452 5178 618 5243 nominat:
647 5180 703 5246 scd
729 5182 823 5264 quasi
853 5182 892 5247 de
919 5180 1052 5249 homine
1081 5191 1168 5250 certo
1219 5181 1385 5265 praeditus
1417 5193 1517 5261 esset,
1553 5182 1706 5247 maximis
1746 5191 1856 5247 10000
1890 5182 1979 5248 vitiis
2018 5184 2191 5266 laboravit,

198 5270 232 5326 et
253 5273 332 5329 0010
349 5265 486 5347 1000000
502 5283 677 5348 suppresso
694 5268 825 5335 nomine
843 5267 921 5336 dicit
937 5268 1074 5335 electum
1097 5289 1168 5335 esse
1220 5267 1397 5333 ambitione
1424 5275 1457 5333 et
1485 5266 1619 5335 libidine
1646 5267 1843 5345 dominandi,
1872 5269 2020 5354 avaritie,
2052 5270 2190 5339 crudeli·

1935 5371 1984 5446 e·
