4784 5970
187 366 251 432 aba
1044 365 1093 432 IN
1114 364 1281 433 ISAIAM
1792 378 1794 383 '
2118 367 2180 432 ιιι]

189 558 389 621 mentionem
411 555 496 619 feeit.
542 553 613 618 Nisi
636 554 722 617 enim
745 562 914 636 perspecta
936 553 1030 618 nobis
1058 552 1157 618 luerit
1209 553 1311 618 exitio
1332 553 1495 620 liberaret.
1538 555 1612 622 Hoc
1633 563 1742 619 autem
1765 554 1807 620 ad
1829 564 1956 622 reatum
1984 564 2020 621 et
2042 575 2177 638 poenam

189 643 319 707 miseria
342 651 375 706 et
398 639 571 705 necessit-as
594 645 716 718 nostra,
746 659 913 722 nunquam
937 637 1157 721 intelligemus
1208 638 1410 704 solummodo
1441 641 1556 706 reierri
1586 642 1696 707 debet:
1731 662 1807 707 nam
1840 661 1861 706 ι
1891 641 1989 724 culpa
2020 641 2178 707 immunis

189 747 284 810 quam
308 725 526 810 expetendum
549 725 592 790 ιιι
614 723 791 789 remedium
822 724 907 806 quod
931 724 1085 789 Christus
1107 733 1156 787 at·
1209 725 1279 790 fuit.
1314 722 1400 790 Suas
1422 747 1500 810 ergo
1521 727 1710 809 iniquitates
1724 745 1833 792 secum
1850 727 1988 810 quisque
2003 726 2178 810 diligenter

190 813 278 878 tulit:
303 835 362 879 nec
385 811 512 877 ardenti
535 810 654 876 affectu
678 809 719 874 ad
741 811 848 892 ipsum
871 820 907 874 ut
921 831 982 892 par
999 823 1048 875 est
1066 830 1157 874 acce·
1209 810 1403 892 perpendat,
1435 825 1472 876 ut
1494 832 1609 878 verum
1631 813 1726 878 istius
1748 813 1873 896 gratiae
1893 822 2030 897 gustum
2053 810 2178 893 habers,

189 897 313 964 demus.
369 897 475 964 Simul
509 917 585 960 vero
625 915 663 959 ac
702 896 916 979 intelligimus
957 915 1017 961 nos
1056 895 1157 959 fuisse
1209 916 1245 960 ao
1267 896 1409 962 fructum
1433 899 1548 964 mortis
1570 896 1694 964 Christi
1717 898 1882 981 percipere
1904 897 2015 981 possit.

188 983 353 1068 perditos,¹
382 983 532 1048 miseriae
565 992 694 1046 nostrae
726 982 845 1047 conscii
875 981 990 1063 cupide
1020 980 1060 1046 ad
1090 1000 1158 1043 am·
1294 982 1323 1046 7.
1347 979 1532 1067 (Malctatue
1549 985 1616 1067 est.)
1649 983 1714 1048 Hie
1736 983 1939 1049 sommendat
1960 983 2177 1050 obedientiam

189 1070 395 1153 plectendum
435 1068 614 1133 remedium
654 1068 872 1144 accurrimus,
913 1067 998 1149 quod
1038 1065 1158 1148 alioqui
1210 1066 1336 1132 Christi
1358 1069 1392 1132 in
1422 1080 1528 1134 morte
1559 1069 1758 1153 perferenda.
1809 1068 1881 1135 Nisi
1907 1070 1996 1135 enim
2027 1068 2177 1135 volunta·

190 1156 282 1220 nullo
300 1158 334 1219 in
352 1157 455 1238 pretio
473 1163 569 1218 esset.
605 1153 692 1236 Ergo
713 1167 748 1217 ut
767 1152 858 1217 nobis
876 1154 982 1234 sapiat
993 1151 1156 1228 Christus,
1211 1153 1292 1216 riam
1323 1165 1460 1218 mortem
1490 1155 1638 1237 obiisset,
1671 1153 1909 1220 inobedientiae
1938 1164 2071 1220 nostrae
2100 1156 2177 1220 satis

191 1243 410 1324 unusquisque
433 1240 618 1306 consideret
639 1259 709 1303 sese
731 1251 765 1303 et
784 1238 959 1317 examinet,
982 1251 1018 1302 ut
1033 1258 1068 1302 sc
1087 1257 1157 1319 per·
1210 1238 1325 1303 iecisse
1347 1260 1413 1304 nou
1436 1239 1611 1306 videretur.
1656 1239 1941 1321 Quemadmodum
1971 1253 2099 1319 ιιιιιιι,
2128 1243 2176 1305 in·

190 1327 293 1392 ditum
316 1347 388 1392 esse
418 1339 591 1410 agnoscat,
627 1324 728 1390 donec
758 1345 777 1389 a
800 1324 933 1390 Christo
961 1323 1155 1388 vindicetur.
1210 1325 1279 1405 quit
1299 1324 1421 1390 Paulus
1443 1324 1551 1409 (Rom.
1570 1325 1600 1409 5,
1620 1325 1684 1412 19),
1707 1326 1927 1392 inobedientia
1947 1326 2046 1391 unius
2066 1345 2177 1392 omnes

190 1411 361 1477 Neminem
385 1425 494 1477 autem
517 1412 571 1476 hio
591 1411 695 1491 excipi
718 1410 884 1475 videmus:
916 1429 1017 1492 quum
1046 1428 1157 1473 omnes
1210 1409 1257 1473 rei
1291 1411 1367 1475 faeti
1396 1421 1490 1476 suut:
1524 1412 1572 1476 ita
1603 1412 1787 1477 obedientia
1818 1413 1924 1490 unius,
1957 1410 2069 1495 plures
2102 1412 2176 1477 iusti

189 1498 348 1582 propheta
377 1496 640 1578 comprehendat.
696 1496 816 1560 'Potum
847 1496 933 1560 enim
963 1515 1067 1577 genus
1096 1493 1157 1557 hu·
1210 1494 1337 1560 redditi.
1382 1495 1494 1579 Atque
1517 1498 1593 1563 alibi
1616 1496 1719 1583 (Phil.
1742 1498 1772 1575 2,
1796 1498 1843 1585 8),
1872 1497 1993 1563 Factus
2021 1501 2073 1563 est
2103 1499 2176 1563 obe·

190 1604 322 1647 manum
346 1585 496 1666 perierat,
526 1583 588 1646 nisi
612 1582 765 1646 Christus
787 1603 879 1663 opem
904 1579 1042 1646 tulisset.
1086 1580 1158 1643 Imo
1211 1580 1303 1645 diens
1336 1603 1436 1664 usque
1469 1583 1510 1648 ad
1544 1595 1696 1648 mortem:
1737 1594 1875 1648 mortem
1909 1597 2019 1648 autem
2060 1583 2175 1649 erucis.

190 1689 231 1732 ne
254 1669 392 1734 Iudaeos
414 1669 544 1751 quidem
568 1668 698 1744 eximit,
732 1668 848 1749 quibus
876 1667 958 1730 falsa
987 1664 1159 1749 dignitatis
1209 1666 1320 1748 Atque
1354 1667 1432 1734 haee
1465 1669 1589 1735 silentii
1620 1669 1702 1734 ratio
1734 1668 1797 1734 luit
1828 1667 1869 1733 ad
1895 1667 2040 1733 tribunal
2061 1667 2176 1734 Pilati:

189 1755 299 1836 opinio
323 1755 448 1818 animos
478 1755 627 1830 inflabat,
657 1752 714 1818 sed
744 1773 798 1819 eos
829 1755 1009 1834 promiscue
1038 1749 1158 1815 addicit
1210 1773 1309 1833 quum
1333 1760 1443 1818 tamen
1471 1764 1658 1838 suppeteret
1685 1755 1771 1820 iusta
1795 1753 1947 1820 defensio.
1991 1753 2177 1837 Numquis

192 1861 267 1907 oum
289 1841 361 1906 aliis
384 1840 492 1905 exitio.
533 1838 661 1919 Quibus
683 1851 791 1903 autem
814 1860 869 1904 eos
891 1844 1067 1920 comparat,
1090 1855 1157 1899 nou
1210 1857 1245 1902 se
1268 1849 1359 1902 reatu
1383 1848 1492 1904 nostro
1514 1841 1749 1919 obstrinxerat,
1778 1840 1884 1904 voluit
1913 1839 2031 1905 taeitos
2060 1840 2176 1906 iudicio

192 1925 367 1991 elevandae
389 1924 501 2008 oulpae
524 1945 630 2001 causa,
658 1946 696 1990 ac
717 1927 744 1989 si
767 1924 920 1989 innoxius
942 1935 1027 1988 esset
1049 1942 1156 1986 error:
1211 1925 1429 2008 acquiescere,
1458 1938 1495 1989 ut
1517 1926 1610 1991 nobis
1632 1927 1728 2008 pleno
1756 1946 1812 1991 ore
1839 1925 1973 2009 gloriari
2001 1925 2116 1991 liceret
2139 1925 2176 1990 de

192 2011 248 2077 sed
271 2032 334 2093 quo
355 2013 501 2095 apertius
523 2010 635 2075 doceat
659 2011 823 2092 proprium
848 2011 947 2075 luisse
970 2008 1093 2074 Christi
1116 2028 1157 2071 ex
1210 2011 1353 2091 gratuita
1376 2011 1450 2075 fidei
1472 2013 1606 2077 iustitia.
1650 2010 1757 2076 Simul
1781 2032 1857 2077 vero
1883 2009 1936 2076 hio
1965 2012 2178 2076 admonemur

192 2097 401 2179 dissipatione
431 2098 582 2180 colligere
610 2099 664 2178 qui
694 2096 797 2160 brutis
831 2095 1006 2177 pecudibus
1035 2092 1157 2157 similes
1210 2096 1386 2175 patientiae
1408 2109 1440 2161 et
1464 2097 1732 2175 mausuetudinis,
1755 2107 1792 2161 ut
1813 2096 1964 2178 exemplo
1989 2095 2118 2163 Christi
2138 2097 2177 2161 ad

191 2193 293 2248 erant.
339 2184 408 2247 lam
439 2182 560 2246 addens
583 2183 795 2263 enusquisque
823 2182 863 2246 ab
885 2179 1060 2245 universali
1085 2199 1157 2242 sen·
1211 2179 1344 2263 probra,
1377 2193 1410 2246 et
1432 2192 1558 2248 atroces
1581 2183 1735 2261 iniurias,
1767 2181 1807 2247 ad
1838 2183 2003 2249 cruciatus
2025 2183 2177 2248 etiamst

191 2270 308 2344 tentia,
349 2289 412 2350 qua
446 2290 558 2332 omnes
591 2268 777 2348 complexus
813 2276 877 2343 est,
911 2266 952 2329 ad
984 2265 1157 2347 specialem
1211 2277 1373 2331 tormenta
1396 2268 1527 2333 ferenda
1551 2269 1655 2351 parati
1678 2269 1790 2334 simus.
1823 2268 1864 2332 In
1885 2268 1976 2333 huuc
1998 2269 2087 2333 enim
2109 2288 2177 2334 seu·

192 2354 376 2433 descendit,
410 2366 446 2418 ut
468 2352 588 2436 singuli
612 2372 721 2417 secum
744 2364 894 2434 reputent
923 2373 1002 2415 num
1030 2353 1076 2415 ita
1105 2350 1157 2414 sit.
1210 2373 1283 2416 sum
1307 2354 1427 2418 citatur
1449 2375 1467 2418 ι
1490 2355 1589 2419 Petro
1618 2354 1671 2418 hio
1701 2354 1808 2420 locus:
1843 2352 1928 2435 quod
1957 2375 2018 2420 nos
2047 2353 2176 2420 Christo

191 2438 276 2504 Nam
299 2440 444 2523 generali
467 2438 629 2504 sententia
652 2440 759 2502 minus
781 2438 941 2504 allicimur
959 2437 1020 2501 nisi
1039 2437 1079 2499 ad
1099 2456 1158 2499 nos
1210 2437 1308 2519 capiti
1330 2452 1442 2504 nostro
1469 2439 1592 2504 similes
1620 2439 1713 2504 reddi
1741 2448 1902 2521 oporteat,
1932 2449 1969 2504 ut
1997 2440 2069 2506 eius
2099 2439 2175 2504 tole·

191 2527 366 2607 separatim
398 2546 469 2590 eam
500 2526 661 2606 pertinere
694 2523 882 2608 intelligant
913 2522 1044 2606 singuli.
1089 2522 1157 2585 Ex·
1210 2525 1348 2588 rentiam
1373 2537 1406 2590 et
1428 2526 1617 2606 patientiam
1639 2526 1805 2590 imitemur
1827 2525 1869 2608 (1.
1893 2525 1965 2589 Pet.
1983 2526 2014 2607 2,
2033 2523 2099 2610 21).
2138 2524 2175 2590 ln

191 2613 268 2676 citet
289 2633 366 2696 crgo
389 2611 611 2691 unusquisque
634 2611 862 2675 conscientiam
885 2629 986 2687 suum,
1010 2619 1042 2671 et
1064 2607 1159 2673 sistat
1210 2631 1289 2675 voce
1311 2610 1443 2692 pecudis
1466 2613 1548 2676 forte
1569 2612 1684 2678 allusio
1713 2621 1763 2676 ιιι
1788 2609 1829 2675 ad
1860 2610 1982 2694 legales
2011 2613 2174 2678 victimas:

191 2718 261 2762 sese
284 2699 323 2760 ad
348 2695 489 2761 tribunal
514 2695 593 2779 Dei,
627 2706 662 2760 ut
685 2697 849 2760 miseriam
871 2716 963 2760 suam
994 2705 1156 2775 agnoscat.
1210 2701 1394 2779 quo'sensu
1417 2696 1493 2761 alibi
1515 2705 1652 2764 vocatur
1674 2718 1778 2780 agnus
1796 2695 1870 2761 Dei.

191 2783 318 2848 Deinde
340 2782 445 2866 qualis
467 2782 508 2846 sit
532 2781 698 2849 hicerror
721 2782 879 2863 propbeta
901 2780 1043 2845 declarat
1066 2801 1157 2862 aper·
1295 2781 1323 2846 8.
1359 2781 1407 2867 (E
1425 2801 1547 2848 carcere
1567 2789 1596 2847 et
1617 2783 1754 2868 iudicio.)
1797 2781 1898 2847 Varie
1927 2782 2105 2864 exponitur
2127 2782 2175 2847 hie

192 2869 273 2933 tius:
308 2890 422 2950 nempe
451 2866 537 2949 quod
566 2869 788 2950 unusquisque
814 2868 900 2932 viam
928 2876 1085 2947 sequutus
1115 2867 1158 2931 ιιι
1210 2867 1309 2933 locus.
1365 2867 1522 2933 Nonnulli
1563 2869 1755 2934 existimant
1793 2867 1986 2951 prophetam
2027 2868 2176 2952 persequi

191 2975 287 3034 quam
311 2955 371 3017 sibi
394 2954 573 3035 delegerat:
607 2957 667 3019 hoc
689 2965 747 3027 ιιι,
779 2972 839 3017 ιιι
862 2953 1020 3017 arbitratu
1043 2953 1157 3016 vivere
1209 2959 1439 3035 argumentum
1480 2954 1563 3037 quod
1604 2954 1669 3020 iam
1708 2962 1849 3020 tractare
1894 2953 2017 3036 coepit:
2062 2975 2176 3036 nempe

193 3040 340 3104 voluerit.
386 3038 460 3117 Quo
482 3038 643 3120 signifieat
665 3039 794 3102 unicam
818 3048 944 3102 tantum
973 3036 1065 3101 nobis
1087 3058 1158 3101 esse
1210 3038 1379 3103 Christum
1403 3060 1503 3104 manu
1520 3039 1582 3105 Dei
1598 3062 1728 3107 caesum
1750 3049 1783 3105 et
1804 3038 1961 3103 afflictum
1984 3038 2028 3102 ob
2049 3052 2177 3122 peccata

192 3124 282 3188 viam
304 3134 390 3187 recte
412 3124 556 3188 vivendi:
591 3145 695 3204 aqua
718 3125 743 3187 si
774 3124 846 3204 quis
873 3123 1039 3199 deflectat,
1074 3121 1157 3186 nihil
1209 3137 1328 3188 nostra.
1383 3123 1501 3191 Graeci
1532 3136 1684 3205 vertunt,
1717 3126 1751 3190 ἐν
1780 3134 1820 3210 τῇ
1850 3122 2039 3189 ταπεινώσει
2067 3125 2174 3207 αὐτοῦ,

191 3220 320 3292 praeter
354 3229 496 3273 errorem
527 3209 669 3292 reperire
703 3221 820 3291 potest.
864 3209 932 3273 Neo
962 3218 1090 3272 tautum
1119 3206 1158 3272 de
1209 3207 1351 3293 ἡκρίσις
1372 3209 1471 3274 αὐτοῦ
1493 3210 1591 3295 ῇριη.
1635 3213 1711 3290 Αιιι,
1731 3212 1864 3295 Absque
1886 3210 2043 3277 dilatione
2070 3210 2176 3276 subla·

193 3295 343 3378 operibus
376 3294 533 3377 loquitur,
572 3295 627 3359 sed
660 3292 699 3358 de
733 3306 848 3358 natura
880 3293 950 3375 ipsa
983 3314 1065 3376 quae
1100 3313 1158 3358 nos
1210 3309 1262 3359 tus
1285 3306 1344 3361 ιιι.
1389 3296 1456 3360 Alii
1487 3308 1671 3379 exponunt,
1705 3296 1862 3364 Sublatus
1888 3306 1938 3361 ιιι
1966 3296 2001 3361 in
2032 3316 2176 3364 crucem:

192 3401 321 3463 semper
344 3382 391 3444 ιιιι
411 3401 550 3444 errorem
580 3379 727 3461 impellit.
773 3379 856 3444 Nam
885 3381 912 3444 si
942 3390 1079 3443 naturae
1108 3380 1158 3442 in·
1209 3380 1242 3444 id
1265 3391 1322 3458 ιιι,
1346 3380 1443 3445 simul
1467 3392 1564 3466 atque
1586 3384 1838 3466 comprehensus
1867 3391 1918 3447 est
1938 3380 2111 3456 Christus.
2139 3381 2177 3447 ad

192 3469 316 3533 stinctu
339 3477 395 3531 aut
419 3465 589 3549 prudentia
613 3478 722 3531 nostra
747 3486 807 3530 nos
829 3466 917 3547 ipsos
939 3467 973 3529 in
998 3466 1084 3529 viam
1107 3486 1158 3529 re·
1209 3466 1402 3549 supplicium
1436 3478 1559 3534 tractus
1593 3479 1651 3533 cst.
1703 3470 1776 3552 Ego
1807 3468 1914 3552 potius
1946 3467 1987 3534 iis
2020 3469 2178 3534 assentior

193 3553 310 3618 ducere
333 3563 431 3634 atque
454 3553 493 3616 ab
516 3574 625 3617 errore
647 3552 785 3618 liberare
808 3572 982 3632 possemus,
1006 3549 1158 3616 Christus
1210 3554 1263 3634 qui
1287 3553 1479 3636 prophetam
1509 3553 1550 3619 ad
1581 3555 1828 3620 resurrectionis
1858 3551 1995 3638 gloriam
2026 3574 2066 3637 pr
2128 3554 2178 3618 edi

193 3641 285 3703 nobis
307 3641 505 3703 necessarius
529 3660 593 3702 nou
616 3651 710 3703 osset.
756 3637 918 3702 Periimus
940 3657 1018 3720 ergo
1040 3637 1074 3701 in
1102 3657 1157 3701 no·
1210 3648 1339 3720 putant,
1372 3648 1542 3721 postquam
1573 3639 1613 3703 de
1635 3652 1739 3705 morte
1771 3640 1925 3722 loquutus
1957 3643 2017 3704 est.
2098 3639 2177 3705 olnit

193 3724 241 3789 bis
263 3724 342 3805 ipsis
364 3745 485 3798 omncs,
509 3726 570 3788 nisi
594 3724 726 3788 Christo
749 3721 875 3788 vindice
897 3722 1080 3787 liberemur.
1114 3722 1157 3785 Et
1210 3725 1297 3788 enim
1319 3744 1489 3790 occurrere
1505 3725 1762 3809 >cogitationibus
1784 3746 1868 3808 quae
1889 3724 2068 3790 multorum
2087 3745 2177 3790 meu·

192 3830 254 3891 quo
297 3810 400 3892 magis
440 3809 615 3873 innitemur
655 3809 845 3892 prudentiae
885 3821 941 3873 ιιιι
980 3807 1157 3873 industriae
1210 3819 1257 3875 ιιι
1280 3810 1468 3892 perturbare
1491 3821 1522 3875 et
1544 3811 1659 3878 anxias
1687 3811 1824 3876 reddere
1853 3809 2049 3893 potuissent.
2094 3810 2175 3876 Nam

192 3907 338 3972 nostrae,
373 3915 410 3959 eo
434 3895 537 3975 magis
561 3895 697 3958 exitium
720 3905 753 3958 et
774 3895 910 3960 celerius
936 3895 1028 3960 nobis
1051 3915 1157 3958 aecer·
1208 3916 1310 3977 quum
1333 3896 1415 3961 uihil
1438 3906 1568 3978 praeter
1590 3896 1703 3979 plagas
1720 3907 1753 3961 et
1767 3896 1980 3980 ignominiam
1999 3897 2175 3974 intuemur,

192 4003 310 4046 semus.
353 3981 467 4061 ltaque
490 3979 630 4044 ostendit
651 3979 808 4061 propheta
830 3980 941 4061 quales
963 3981 1075 4056 simus,
1099 4001 1154 4042 an·
1208 3981 1338 4046 attoniti
1361 3981 1550 4047 haeremus:
1574 3982 1726 4064 quoniam
1750 3983 1946 4048 abhorrete
1969 3980 2029 4046 tali
2051 3987 2177 4064 specta·

192 4075 321 4147 tequam
354 4087 409 4147 per
442 4065 609 4129 Christum
639 4086 878 4147 regeneremur.
922 4063 1046 4130 Omnes
1068 4065 1154 4130 enim
1207 4067 1279 4132 culo
1300 4066 1473 4130 hominum
1496 4078 1624 4131 natura.
1670 4069 1775 4134 Docet
1795 4067 1897 4151 igitur
1917 4067 2080 4150 propheta
2107 4067 2177 4133 aab·

192 4154 302 4216 eadem
329 4150 595 4215 condemnatione
625 4149 870 4215 concluduntur.
916 4151 1022 4215 Nemo
1051 4151 1156 4215 iustus
1205 4153 1303 4217 ictam
1324 4173 1404 4229 esse,
1422 4150 1456 4215 id
1479 4160 1538 4230 est,
1560 4161 1706 4234 ereptum
1729 4173 1906 4229 coarcere,
1929 4164 1963 4218 et
1984 4150 2105 4218 iudicio
2127 4151 2178 4218 vel

192 4252 250 4314 est,
284 4257 378 4300 nemo
400 4237 455 4318 qui
479 4237 649 4320 intelligat,
681 4256 772 4299 nemo
794 4237 849 4318 qui
879 4247 1015 4317 quaerat
1036 4236 1154 4302 Deum.
1208 4237 1424 4315 damnatione,
1447 4247 1480 4301 ιι
1498 4236 1615 4303 deiude
1636 4240 1671 4303 in
1694 4259 1860 4304 summum
1881 4237 2015 4312 honoris
2037 4236 2178 4322 gradum

192 4322 317 4388 Omnes
340 4322 590 4397 declinaverunt,
614 4336 647 4386 et
668 4321 801 4386 inutiles
823 4321 940 4385 redditi
962 4332 1054 4386 sunt:
1090 4343 1155 4386 non
1208 4333 1374 4387 evectum:
1411 4342 1451 4386 ue
1474 4323 1546 4404 quie
1569 4334 1698 4407 putaret
1719 4325 1826 4408 ipsum
1849 4324 2002 4389 obrutum
2032 4335 2092 4389 aut
2121 4326 2177 4389 ab·

191 4420 241 4475 eet
263 4411 317 4491 qui
334 4409 415 4473 bene
432 4418 516 4489 agat,
540 4431 581 4471 ne
597 4429 681 4472 unus
698 4406 838 4489 quidem.
874 4405 1155 4485 Quemadmodum
1207 4419 1355 4489 sorptum
1378 4407 1538 4473 horrendo
1560 4410 1616 4474 illo
1638 4421 1671 4475 ιι
1686 4410 1900 4494 ignominioso
1915 4430 2036 4493 genere
2051 4409 2177 4475 mortis.

190 4497 290 4562 etiam
314 4495 416 4559 fusius
438 4513 457 4555 a
480 4493 582 4557 Paulo
605 4495 788 4557 declaratur
810 4491 919 4575 (Rom.
943 4491 971 4568 3,
997 4491 1059 4577 10).
1208 4494 1292 4557 Nam
1315 4504 1401 4557 certe
1425 4494 1528 4558 victor
1550 4496 1678 4560 exstitit
1700 4496 1798 4560 etiam
1821 4496 1855 4559 in
1878 4494 1985 4560 media
2003 4505 2123 4577 morte,
2144 4505 2178 4560 st

276 4580 333 4665 (Et
355 4579 468 4643 Iobocc
489 4579 651 4663 traduxit.)
694 4580 756 4643 Est
777 4577 831 4641 hie
858 4577 989 4660 elegans
1019 4575 1156 4641 antithe·
1208 4579 1409 4659 triumphum
1436 4580 1504 4663 egit
1532 4581 1571 4646 de
1605 4582 1768 4647 hostibus:
1802 4589 1901 4664 atque
1932 4581 1981 4646 ita
2012 4581 2179 4647 indicatus

191 4669 245 4733 ιιι.
301 4665 384 4730 Nam
420 4667 452 4727 iu
488 4665 580 4728 nobis
614 4666 758 4747 dissipati
793 4683 922 4743 sumus,
956 4666 989 4725 iu
1024 4662 1155 4728 Christo
1208 4675 1273 4743 est,
1307 4676 1343 4728 ut
1366 4684 1453 4728 nunc
1474 4666 1516 4729 sit
1538 4665 1636 4731 iudex
1664 4668 1810 4732 omnium
1839 4667 2058 4747 constitutus,
2090 4666 2178 4750 quod

190 4753 335 4820 collecti:
369 4750 554 4814 aberramus
578 4763 704 4828 natura,
728 4760 827 4831 atque
850 4750 883 4811 iu
906 4749 1041 4812 exitium
1065 4770 1155 4831 prae·
1208 4751 1442 4815 resurrectione
1465 4751 1571 4832 palum
1592 4754 1709 4818 factum
1734 4763 1792 4817 est.
1837 4751 1988 4817 llundem
2015 4773 2095 4836 ergo
2125 4775 2176 4819 or·

190 4841 304 4923 cipites
326 4838 468 4920 agimur,
499 4837 532 4898 in
557 4835 689 4900 Christo
712 4837 797 4898 vium
820 4834 999 4915 reperimus
1030 4856 1093 4915 qua
1116 4834 1156 4899 ad
1208 4836 1315 4899 dinem
1339 4843 1427 4899 tenet
1450 4838 1608 4919 propheta
1626 4859 1721 4921 quem
1738 4837 1873 4914 Paulus,
1894 4839 1948 4919 qui
1964 4848 2178 4921 posteaquam

191 4926 304 4989 salutis
321 4938 449 5005 portum
466 4921 635 4987 ducamur:
660 4922 804 4986 obruunt
822 4941 882 4982 nos
898 4919 1019 4984 seelera
1036 4932 1155 4995 nostra,
1208 4921 1316 4985 docuit
1332 4920 1502 4986 Christum
1526 4923 1565 4987 ad
1588 4944 1716 4989 crucem
1740 4943 1842 5005 usque
1864 4922 2076 4989 humiliatum
2096 4944 2177 5000 esse,

191 5020 224 5072 ιι
255 5011 495 5073 transferuntur
529 5009 560 5070 in
592 5006 760 5071 Christum
789 5027 807 5068 a
836 5025 898 5085 quo
929 5025 1155 5070 exoneramur.
1207 5007 1374 5088 subiungit
1397 5019 1566 5089 propterea
1580 5011 1614 5073 in
1629 5009 1840 5092 praecelsum,
1863 5011 2073 5092 omniumque
2089 5032 2177 5076 sum·

190 5093 298 5174 Quum
323 5115 400 5178 ergo
422 5093 644 5176 periissemus.
677 5102 774 5172 atque
796 5090 926 5153 alienati
949 5110 968 5152 a
992 5089 1061 5153 Deo
1084 5112 1155 5171 pro·
1207 5112 1295 5155 mum
1322 5093 1476 5156 honorem
1500 5107 1657 5169 evectum,
1681 5094 1856 5177 datumque
1878 5094 1941 5177 ipsi
1964 5114 2096 5176 nomen,
2126 5099 2177 5162 oui

189 5200 379 5263 peteremus
402 5180 442 5243 ad
465 5179 596 5256 inferos,
626 5177 777 5243 Christus
799 5176 1006 5256 iniquitatum
1032 5189 1154 5239 nostra·
1207 5178 1315 5240 omitia
1348 5186 1380 5240 ιι
1413 5177 1565 5244 ιοιιιιιιι
1597 5192 1631 5245 ιι
1664 5181 1831 5244 terrestria
1864 5201 1977 5262 parere
2017 5192 2050 5246 et
2089 5204 2176 5267 genn

190 5287 263 5330 rum
285 5265 455 5331 colluviem
488 5265 521 5328 in
553 5286 587 5330 se
621 5264 756 5346 recepit,
791 5270 828 5323 ut
861 5280 920 5325 nos
953 5261 994 5324 ab
1024 5270 1155 5327 aeterno
1177 5212 1182 5323 Ι
1207 5264 1336 5328 flectere
1358 5283 1488 5329 necesse
1516 5280 1573 5330 ιιι.
1619 5263 1713 5345 Quae
1742 5266 1887 5348 sequitur
1916 5266 2113 5333 exclamatio
2142 5270 2177 5335 in
