4784 5970
287 367 349 434 527
906 402 911 409 .
1097 359 1486 428 Psauusculortus
2231 356 2295 425 628

288 553 405 621 ardore
436 550 556 633 impiae
589 546 776 632 cupiditatis
808 546 856 613 sic
887 547 1043 631 abreptus
1076 547 1192 631 luerit,
1226 556 1262 614 ut
1315 556 1425 614 autem
1446 545 1575 614 Isaiae?
1597 545 1767 614 invehitur
1787 546 1824 613 in
1846 544 1958 631 populi
1974 543 2186 627 dementiam,
2208 543 2294 626 quad

289 640 378 707 sitim
402 636 464 702 sibi
486 635 573 700 ultro
596 640 785 711 accerseret,
813 652 931 716 nempe
953 632 1060 717 longis
1077 632 1261 699 itineribus.
1315 633 1412 699 toties
1435 633 1590 718 deceptus
1612 642 1680 698 tam
1703 631 1744 698 ab
1761 633 1794 699 A
1859 630 1937 716 ptiis
1957 650 2058 715 quam
2075 631 2117 697 ab
2132 628 2294 715 Assyriis,

288 724 452 807 Quoniam
482 741 561 805 ergo
583 718 665 784 nibil
685 718 774 783 aliud
824 717 954 784 cscebat
976 717 1069 784 Deus
1091 738 1111 783 a
1133 716 1262 802 populo,
1315 739 1382 784 non
1414 725 1527 785 tamen
1559 719 1697 785 sentiret
1730 738 1765 783 se
1847 718 1908 784 bns
1936 715 2171 802 experimentis
2200 716 2294 799 quasi

288 809 354 876 nisi
376 815 414 872 ut
435 805 497 872 sibi
518 804 713 882 consuleret,
736 739 920 888 dupIicatur
941 803 1076 884 crimen,
1119 803 1183 869 uod
1204 824 1264 870 no·
1315 803 1426 870 reduci
1448 805 1484 869 in
1506 803 1605 882 viam,
1635 813 1668 869 et
1690 803 1790 869 nimis
1817 802 1973 886 pertinax
2000 811 2087 868 esset
2114 800 2151 867 in
2180 801 2292 884 pravis

288 894 388 961 luerit
411 902 476 957 tam
500 890 623 956 salubri
653 889 789 955 consilio
818 888 1052 972 obtemperare.
1097 823 1264 971 Quemad·
1316 889 1384 957 suis
1405 889 1558 956 consiliis.
1603 888 1775 970 Quantum
1797 888 1918 954 attinet
1936 886 1980 954 sd
2005 886 2116 953 locum
2137 904 2294 970 praesen-

288 979 423 1045 modum
457 975 534 1052 dixi,
569 976 675 1058 potuit
706 976 741 1040 in
771 973 913 1040 medium
944 974 1053 1040 efferri
1086 975 1263 1059 probabilis
1316 984 1392 1054 tem,
1424 984 1573 1040 tenemus
1605 973 1684 1058 quid
1715 973 1797 1041 velit
1829 972 2002 1058 propheta,
2034 992 2152 1056 nempe
2183 969 2295 1037 Deum

289 1064 468 1140 excusatio,
497 1062 525 1127 si
548 1060 640 1126 Deus
663 1059 785 1143 aliquid
807 1059 921 1126 durius
943 1060 997 1126 vel
1027 1060 1176 1143 asperius
1206 1080 1263 1125 ex·
1316 1058 1435 1127 blande
1457 1059 1623 1126 hortatum
1645 1060 1745 1127 luism
1763 1058 1913 1138 Iudaeus,
1935 1068 1973 1125 ut
1993 1057 2204 1142 quiescerent
2220 1056 2295 1123 freti

289 1151 411 1235 egisset
432 1169 451 1212 a
469 1147 588 1230 populo
609 1146 676 1212 illc.
723 1145 788 1212 Sed
810 1166 909 1229 quum
933 1144 1050 1211 blande
1068 1155 1101 1211 et
1117 1146 1264 1212 suaviter
1316 1166 1376 1212 suc
1405 1147 1544 1212 auxilio:
1575 1146 1663 1229 ipsos
1690 1156 1802 1212 autem
1830 1166 1899 1211 non
1927 1152 2056 1211 mutum
2082 1142 2185 1209 tuisse
2213 1141 2294 1208 dura

289 1238 399 1302 lovere
421 1244 555 1318 paratus
577 1232 731 1297 fueritin
754 1233 877 1314 optima
899 1231 1020 1315 quiete,
1050 1232 1134 1297 nihil
1157 1230 1265 1316 potuit
1316 1231 1443 1299 cervice
1474 1241 1510 1297 et
1541 1231 1684 1315 obstipa,
1721 1231 1779 1297 sed
1811 1232 1912 1297 etiam
1945 1235 2097 1313 proterve
2129 1227 2295 1310 respuisse

289 1341 360 1387 esse
399 1318 564 1384 residuum
605 1317 835 1384 excusationis.
899 1317 946 1382 uc
989 1318 1062 1382 ideo
1105 1317 1263 1401 sequitur,
1315 1317 1509 1385 beneficium
1531 1315 1612 1382 illud
1642 1316 1706 1383 sibi
1726 1315 1883 1382 oblatum.
1927 1315 2000 1381 Iam
2021 1312 2181 1399 seqnitur,
2210 1311 2296 1378 Nam

288 1404 660 1485 Dtaiatt:1>eaparatcm
682 1410 743 1469 est:
769 1403 853 1468 Nou.
897 1403 963 1468 Hic
985 1424 1026 1468 ex
1048 1403 1153 1468 altera
1173 1414 1265 1486 parte
1317 1403 1415 1469 dileat
1440 1402 1570 1481 almuoc,
1598 1407 1628 1468 et
1648 1407 1721 1485 pact
1748 1401 1819 1467 ellac
1843 1401 2040 1483 moriamur.
2085 1398 2151 1464 Hic
2182 1397 2295 1481 populi

288 1491 431 1558 ostendit
449 1491 608 1573 propheta
624 1510 720 1572 quam
740 1489 841 1554 fuerit
851 1502 1028 1554 contumax
1047 1489 1103 1554 ille
1116 1489 1264 1572 populus,
1318 1491 1442 1556 crimen
1476 1508 1495 1553 e
1563 1495 1667 1572 gerat,
1702 1485 1789 1571 quod
1822 1487 1948 1554 scilieet
1976 1484 2141 1552 addixerit
2168 1503 2207 1549 se
2233 1481 2296 1549 diis

288 1578 344 1662 qui
365 1585 518 1661 proterve
540 1576 653 1641 reiecit
675 1585 741 1640 tam
764 1576 885 1640 amicas
908 1583 941 1638 et
963 1572 1100 1641 blandas
1122 1573 1268 1640 admoni-
1317 1574 1496 1641 extraneis.
1572 1583 1585 1637 t
1607 1573 1728 1639 retinet
1754 1572 1845 1639 illam
1873 1570 2134 1650 similitudinem,
2160 1567 2204 1635 de
2231 1588 2296 1652 qus

289 1665 404 1728 tiones.
456 1661 569 1726 Primo
602 1662 725 1743 dicunt,
757 1662 879 1726 Actum
908 1661 959 1726 vel
993 1660 1191 1743 deeperatm
1221 1665 1267 1726 est
1317 1662 1409 1744 prius
1430 1658 1555 1726 dictum
1577 1658 1649 1724 luit.
1684 1657 1791 1726 Sicuti
1807 1658 1896 1724 enim
1910 1657 2004 1724 Deus
2020 1654 2182 1740 pupulum
2202 1653 2295 1719 illum

289 1747 381 1834 (nam
404 1759 468 1814 mur
494 1747 658 1830 significat
680 1746 863 1828 desperare,
891 1745 967 1811 inde
988 1745 1171 1832 passivum)
1202 1745 1265 1812 De·
1318 1748 1352 1810 in
1373 1744 1473 1810 fidem
1495 1765 1588 1810 suam
1611 1753 1809 1828 susceperat,
1837 1744 1886 1809 its
1907 1750 2023 1808 mutua
2044 1754 2116 1807 erat
2137 1739 2295 1824 obligatio

289 1838 452 1915 spectum
481 1836 542 1896 est:
576 1832 639 1897 nisi
671 1832 796 1914 placeat
825 1838 965 1909 vertere,
998 1831 1163 1915 Fatigatio
1198 1839 1264 1897 est:
1316 1830 1441 1914 populi,
1466 1839 1502 1895 ut
1523 1842 1619 1896 erent
1639 1829 1735 1912 qnasi
1763 1848 1856 1895 sacro
1878 1828 2009 1896 vinculo
2037 1827 2195 1908 utrinque
2221 1845 2296 1891 con·.

289 1918 500 2001 quodetiam
523 1938 589 1982 non
611 1917 697 1981 male
726 1919 910 1998 conveniet,
939 1916 1001 1981 boc
1031 1938 1147 1982 sensu:
1176 1913 1265 1983 Setis
1317 1918 1438 1984 iuncti:
1471 1913 1748 1999 quemadmodum
1777 1914 1831 1981 ubi
1853 1915 1906 1979 vir
1933 1913 2034 1979 fidem
2066 1910 2158 1976 dedit
2191 1911 2295 1987 uxori,

288 2023 453 2086 superque
476 2023 529 2066 me
551 2011 673 2068 temere
696 2003 821 2081 vexavi,
851 2013 888 2067 ut
908 2001 1066 2069 lassitudo
1093 2002 1166 2085 ipsa
1194 2005 1265 2085 qui·
1317 2004 1390 2086 ipsa
1412 2001 1555 2067 vicissim
1577 2000 1696 2066 marito
1723 2020 1782 2067 suo
1802 1999 1876 2083 lege
1905 1997 2049 2082 coniugii
2077 1994 2213 2063 devicta
2239 2005 2297 2062 est

288 2109 397 2155 escere
419 2087 564 2153 suadeat.
601 2088 683 2167 Nou,
703 2088 829 2154 concise
846 2087 992 2171 loquitur
1012 2086 1180 2171 propheta,
1202 2107 1266 2170 quo
1318 2087 1384 2154 Hic
1406 2106 1485 2171 ergo
1506 2086 1716 2169 prosequitur
1737 2083 1896 2153 Ieremias
1916 2082 2006 2150 illam
2035 2079 2297 2157 similitudinem,

287 2174 406 2240 melius
439 2174 601 2255 exprimat
634 2173 832 2254 praefractos
869 2193 977 2239 mores
1016 2172 1105 2238 illius
1144 2173 1264 2256 populi.
1318 2194 1356 2239 ac
1378 2172 1458 2239 dicit
1479 2171 1636 2255 populum
1658 2171 1752 2237 illum
1770 2169 1912 2237 similem
1932 2169 2035 2235 luisse
2053 2165 2297 2250 improbissimo

291 2258 403 2340 Quum
427 2259 506 2324 dicit
527 2277 592 2323 eece
613 2258 818 2340 desperatum,
848 2257 984 2340 perinde
1006 2268 1056 2323 est
1077 2277 1116 2322 ac
1137 2259 1166 2324 si
1194 2279 1266 2340 pro·
1318 2268 1434 2337 scorto,
1462 2259 1617 2340 quoniam
1638 2255 1750 2322 mariti
1772 2276 1884 2323 vocem
1914 2275 1981 2321 non
2010 2251 2166 2332 audierit,
2194 2270 2297 2334 quum

291 2344 344 2410 cul
367 2343 540 2425 repelleret
562 2364 674 2407 omnes
704 2343 958 2409 exhortationes.
1002 2344 1123 2409 Postea
1150 2342 1265 2408 adiun-
1318 2354 1428 2409 tamen
1447 2352 1564 2426 sponte
1578 2351 1710 2425 cuperet
1725 2363 1761 2408 se
1774 2340 1992 2408 reconciliare.
2029 2337 2174 2421 Oportet
2187 2346 2297 2402 autem

289 2431 348 2513 git,
384 2428 457 2493 Nou
487 2428 548 2507 fiet.
603 2428 741 2493 Nullum
775 2428 911 2493 verbum
946 2428 1001 2494 hic
1032 2429 1176 2512 ponitur,
1208 2428 1265 2494 sed
1318 2449 1454 2512 prorsus
1480 2448 1551 2494 esse
1581 2426 1786 2510 desperatam
1813 2426 1996 2503 mulierem,
2023 2442 2111 2508 quse
2139 2421 2297 2488 maritum

289 2514 440 2595 ecliptica
461 2513 566 2578 oratio
586 2513 662 2596 plus
685 2512 784 2578 habet
800 2512 973 2591 efficaciae,
996 2513 1264 2598 quemadmodum
1318 2535 1415 2580 suum
1438 2513 1572 2596 respuit,
1594 2515 1649 2596 qui
1665 2522 1776 2578 tamen
1791 2522 1928 2596 paratus
1944 2519 1995 2577 est
2008 2529 2083 2576 cum
2103 2509 2179 2591 ipse
2193 2506 2297 2573 redire

291 2597 372 2675 dixi,
395 2598 437 2662 ad
459 2598 708 2680 exprimendam
730 2599 883 2664 ferociam
905 2598 995 2664 illius
1024 2599 1146 2684 populi.
1191 2599 1266 2665 Alio
1318 2599 1527 2684 ingratiam,
1554 2607 1586 2664 et
1608 2599 1776 2682 ignoscere
1798 2594 2137 2682 quidquidpeocavit.
2176 2591 2296 2659 Osten-

290 2704 390 2750 seneu
422 2683 612 2767 expostulat
633 2682 737 2748 Isaiae
766 2705 836 2767 cap.
859 2685 901 2750 b‘i
922 2685 969 2770 (v.
993 2685 1046 2771 10)
1079 2684 1165 2769 quod
1199 2706 1267 2750 uon
1319 2685 1369 2750 dit
1391 2706 1469 2768 ergo
1490 2684 1652 2767 propheta
1674 2684 1709 2748 in
1732 2684 1794 2749 hcc
1822 2682 1941 2766 populo
1969 2691 2093 2748 motam
2122 2678 2239 2761 inisse,
2265 2686 2297 2742 et

291 2768 447 2846 dixerint,
469 2768 690 2851 Desperatum
714 2779 773 2849 est,
802 2778 835 2834 et
858 2769 1014 2835 videntur
1035 2771 1123 2836 inter
1149 2791 1183 2836 se
1205 2792 1265 2854 pu·
1320 2781 1387 2836 tam
1413 2769 1616 2852 deploratam
1647 2769 1860 2851 impietatem,
1890 2776 1928 2833 ut
1954 2766 2084 2841 clausas
2111 2784 2213 2831 sures
2242 2763 2296 2829 ha·

289 2875 393 2937 gnare
415 2853 519 2920 Isaiae
541 2862 574 2918 et
596 2853 763 2920 Ieremias.
797 2854 883 2920 Nam
906 2855 960 2920 hic
976 2864 1089 2922 noster
1106 2855 1267 2939 propheta
1320 2856 1429 2922 buerit
1450 2855 1523 2919 Dec
1547 2855 1650 2920 amice
1671 2854 1820 2919 hortanti
1841 2852 1883 2921 ad
1904 2849 2158 2936 poeniteutiam:
2183 2847 2297 2915 deinde

290 2940 442 3021 obiurgat
475 2940 641 3022 populum,
676 2940 752 3022 quia
785 2939 922 3018 dixerat,
956 2940 1169 3025 Desperatum
1200 2949 1267 3006 eet:
1320 2942 1392 3008 sine
1431 2938 1555 3022 pudore
1593 2939 1766 3006 iactaverit
1797 2959 1834 3006 ss
1867 2937 1953 3003 velle
1991 2936 2100 3004 colere
2137 2933 2230 3001 idola
2267 2943 2298 2999 et

291 3024 394 3089 Isaiae
417 3037 483 3106 aut,
506 3024 672 3106 quianon
695 3024 825 3092 dixerit.
870 3024 938 3092 Sed
962 3025 1017 3091 ubi
1039 3028 1184 3111 praecise
1205 3026 1268 3091 hoc
1320 3030 1487 3111 figmsma
1508 3025 1628 3091 reiecto
1650 3045 1728 3092 vero
1749 3032 1784 3091 et
1806 3025 1902 3091 unico
1924 3022 2005 3089 Deo.
2050 3019 2224 3105 Sequitur,

291 3109 362 3173 loco
384 3109 585 3190 respondent
606 3108 729 3187 Iudaei,
751 3110 963 3192 Desperatum
979 3130 1055 3189 csse,
1077 3111 1269 3196 intelligunt

292 3192 469 3277 prophetas
492 3193 605 3258 ludere
631 3215 772 3276 operam,
806 3197 959 3279 quoniam
991 3197 1070 3279 ipsis
1099 3196 1268 3263 decretum
1408 3197 1462 3262 26.
1493 3193 1584 3262 stac
1597 3195 1705 3277 pauor
1726 3194 1792 3281 (vel
1814 3191 1987 3279 probrum)
2007 3191 2106 3274 furis,
2127 3211 2229 3274 m
2250 3191 2298 3257 du

292 3279 336 3344 sit
358 3279 509 3360 persequi
540 3279 581 3343 ad
611 3292 794 3344 extremum
825 3280 914 3362 quod
944 3289 1133 3365 coeperunt
1178 3283 1268 3366 Ergo
1316 3281 1492 3366 prebemus
1511 3285 1564 3358 eet,
1586 3281 1633 3346 ita
1648 3281 1813 3364 pudefacti
1832 3285 1907 3345 suut
1935 3279 2049 3344 ἄοικοι
2070 3276 2189 3355 Israel,
2214 3296 2300 3360 repta

291 3366 327 3430 in
351 3365 413 3429 hoc
434 3365 534 3429 verbo
560 3363 771 3446 Desperatum
791 3373 845 3446 est,
873 3374 1008 3432 notatur
1030 3366 1148 3432 ultima
1170 3368 1268 3449 perti·
1320 3388 1437 3450 eorum
1461 3366 1625 3448 pmumpec
1649 3386 1758 3433 eorum
1785 3371 1815 3433 et
1839 3365 2012 3433 sacerdotes
2040 3382 2149 3430 eorm
2175 3367 2205 3428 et
2227 3382 2300 3445 pro·

293 3451 389 3516 nscia
410 3449 531 3533 populi,
562 3451 716 3548 quoniam
745 3452 870 3517 nullam
902 3472 995 3536 spem
1021 3452 1268 3552 resipiscentiae
1315 3452 1429 3536 phetae
1449 3470 1566 3518 eorum.

292 3533 912 3719 bbgbmtiiscoitosrteerirdlbbebubblrabbibil'
937 3536 1183 3689 Iriaibbnearibbbr
1199 3559 1268 3708 apli-
1406 3622 1474 3687 Alii
1496 3629 1633 3687 vertunt
1655 3623 1690 3687 in
1720 3629 1866 3705 tempore
1896 3620 2019 3697 futuro,
2048 3616 2103 3684 Ita
2133 3616 2302 3701 pudefient

293 3708 408 3788 pulum
431 3705 591 3788 obiurgat,
621 3709 774 3789 quoniam
798 3729 862 3773 uon
885 3707 1005 3773 dixerit
1026 3729 1098 3775 esse
1120 3709 1269 3792 despera·
1321 3709 1439 3775 domus
1466 3706 1586 3773 Israel:
1616 3716 1651 3773 et
1679 3706 1872 3773 existimant
1899 3704 2096 3789 prophetam
2126 3702 2182 3768 hic
2211 3703 2300 3786 loqui

294 3803 376 3868 tum,
400 3791 461 3855 hoo
483 3800 542 3867 est,
569 3792 724 3872 quoniam
747 3815 814 3858 non
836 3793 1007 3876 agnoverit
1029 3792 1128 3878 longo
1149 3816 1213 3861 usu
1233 3816 1269 3860 se
1322 3794 1362 3860 de
1383 3814 1498 3877 poena,
1521 3813 1605 3877 quac
1627 3792 1734 3860 adhuc
1752 3790 1963 3876 impendebat
1979 3788 2116 3873 populo:
2141 3786 2202 3855 sed
2224 3790 2301 3855 sim·

292 3876 572 3971 convictumesse
594 3876 748 3941 sultitiae.
789 3877 875 3942 Nam
897 3900 999 3960 quum
1021 3879 1056 3943 in
1079 3882 1268 3963 Aegyptum
1321 3878 1450 3963 pliciter
1471 3879 1669 3963 interpretor
1688 3877 1789 3943 verba
1807 3889 1845 3943 ut
1861 3881 1989 3956 sonant,
2013 3890 2132 3958 nempe
2151 3873 2301 3957 impieta·

293 3979 389 4041 saepe
411 3968 634 4039 curatassent,
657 3970 770 4044 postea
791 3963 824 4025 in
843 3961 1027 4047 Assyriam,
1049 3962 1212 4029 Dominus
1232 3986 1270 4030 re
1321 3975 1390 4030 tem
1411 3962 1501 4030 illius
1523 3963 1634 4047 populi
1655 3964 1868 4029 incrassari
1891 3981 1972 4039 esee,
2001 3968 2132 4025 utnon
2153 3959 2302 4042 opussit

294 4045 365 4140 ipsa
387 4043 550 4122 docuerat,
574 4065 671 4127 quarn
695 4056 805 4110 essent
828 4045 912 4112 male
929 4047 1086 4113 consulti:
1109 4047 1270 4115 debebant
1321 4049 1487 4117 subtiliter
1508 4069 1580 4114 eam
1603 4048 1746 4133 coargui,
1774 4048 1930 4131 quoniam
1951 4045 1996 4112 sit
2016 4043 2088 4111 lere
2115 4042 2301 4129 palpabilis.

294 4128 396 4211 igitur
429 4148 470 4190 ex
503 4150 538 4193 re
572 4130 643 4212 ipsa
682 4130 852 4213 colligere,
895 4130 1076 4197 Dominum
1117 4132 1270 4200 frustrari
1321 4133 1501 4216 (icmparet
1532 4135 1635 4217 igitur
1666 4154 1726 4218 pro
1750 4133 1827 4200 beta
1857 4129 1998 4198 Iudaeos
2033 4128 2163 4196 iuribus
2195 4127 2302 4195 mani·

291 4215 391 4297 ipsos,
421 4222 458 4275 ut
486 4213 724 4313 resipiscerent.
769 4215 890 4280 Merito
919 4217 1031 4299 itaque
1059 4217 1163 4284 Isaiae
1192 4218 1270 4285 dicit
1321 4218 1426 4284 festis:
1457 4218 1551 4301 quasi
1572 4216 1695 4284 diceret
1724 4155 1914 4303 bypccritas
1934 4216 1970 4283 iu
1991 4214 2115 4315 populo
2137 4213 2197 4281 illo
2220 4212 2303 4280 nibil

293 4297 449 4383 populum
474 4317 570 4362 nrmre
592 4299 758 4382 stupidum
780 4319 861 4377 esse,
889 4301 974 4381 quod
997 4309 1113 4384 pergat
1141 4323 1270 4385 semper
1321 4303 1475 4386 consequi
1498 4303 1567 4367 suis
1588 4303 1715 4371 cavillis
1736 4314 1770 4370 et
1785 4299 2123 4388 tergiversationibus,
2144 4299 2303 4383 quonism

293 4404 390 4451 caeca
419 4381 645 4461 obstinatione,
679 4395 714 4448 et
743 4406 807 4449 non
836 4384 954 4448 sentiat
975 4383 1085 4450 Deum
1115 4386 1269 4467 quodam·
1321 4388 1356 4451 in
1379 4386 1487 4451 medio
1508 4387 1616 4468 posita
1644 4389 1690 4455 sit
1716 4390 1861 4472 ipsorum
1890 4387 2061 4473 impietas:
2090 4383 2303 4468 quemadma-

294 4469 389 4535 modo
401 4488 565 4552 opponere
577 4468 681 4532 multa
692 4469 866 4545 obstacula,
879 4476 916 4532 ut
927 4481 1056 4551 cogeret
1067 4470 1154 4553 ipsos
1166 4480 1269 4536 retro·
1322 4471 1401 4537 dum
1422 4472 1451 4536 si
1472 4469 1527 4536 fur
1549 4471 1771 4555 deprehensus
1792 4472 1900 4553 luerit,
1929 4493 1998 4540 non
2019 4470 2143 4572 poterit
2171 4490 2303 4570 negare,

294 4553 419 4634 cedere,
441 4562 475 4618 et
496 4552 636 4618 abiicere
658 4574 760 4619 vanas
782 4553 856 4619 illas
878 4573 964 4635 spes,
986 4555 1105 4636 quibus
1127 4575 1162 4620 ss
1183 4556 1270 4638 ipsos
1322 4576 1429 4638 neque
1462 4556 1626 4623 occultare
1657 4559 1762 4626 scelus
1792 4579 1899 4626 suum.
1954 4555 2046 4623 Dicat
2076 4554 2183 4640 igitur
2215 4575 2304 4641 ipsas

293 4641 498 4723 deceperant.
543 4638 641 4702 Nunc
672 4638 819 4704 videmus
848 4639 1009 4720 optimum
1036 4658 1108 4703 esse
1135 4659 1270 4706 consen·
1292 4634 1298 4701 Ι
1322 4661 1394 4707 οοοο
1415 4637 1636 4723 deprehensos
1662 4641 1713 4708 ἐπ’
1736 4642 1925 4729 αὐτοφώρῳ,
1954 4640 2236 4726 quemadmodum
2257 4640 2304 4709 di·

293 4745 368 4790 sum
390 4726 479 4790 inter
501 4722 582 4788 duos
610 4723 798 4806 prophetas,
828 4723 978 4805 quamvis
1006 4720 1161 4804 loquendi
1187 4726 1269 4791 ratic
1322 4734 1411 4802 eunt,
1435 4724 1496 4789 hac
1519 4735 1576 4804 est,
1607 4728 1654 4792 ita
1683 4750 1756 4796 esse
1783 4731 1960 4814 conspicua
1988 4728 2137 4811 ipsoram
2166 4729 2303 4815 flagitia

292 4812 338 4877 sit
370 4809 508 4875 diversa.
564 4808 720 4873 Ieremias
753 4827 831 4892 ergo
868 4807 922 4872 hic
957 4808 1111 4889 populum
1146 4809 1270 4875 inducit
1322 4817 1361 4874 ut
1383 4808 1540 4891 quidquid
1564 4812 1736 4891 obiectent,
1759 4836 1825 4880 non
1848 4827 1960 4881 tamen
1983 4815 2111 4897 possint
2132 4836 2209 4881 sese
2228 4838 2305 4900 pur·

294 4896 449 4979 praecisis
473 4894 581 4961 verbis
604 4894 798 4976 loquentem,
822 4904 860 4955 ut
883 4891 1025 4958 declaret
1047 4913 1139 4957 suam
1163 4896 1270 4974 pervi-
1322 4914 1417 4977 gare,
1458 4894 1538 4975 quin
1572 4899 1741 4981 turpitudo
1774 4901 1919 4982 ipsorum
1953 4905 2032 4963 nota
2062 4899 2105 4964 sit
2139 4901 2305 4969 omnibus.

293 4983 426 5048 casiam.
476 4980 687 5062 Desperatum
715 4984 768 5058 eat,
802 4977 864 5043 hoc
895 4984 955 5058 est,
988 4978 1057 5041 Vos
1091 4978 1269 5060 prophetae
1322 4979 1487 5043 uouemus
1520 5001 1598 5064 ergo
1630 5004 1717 5050 nunc
1750 4986 1923 5050 consilium
1954 4982 2142 5068 prophetae.
2196 4987 2306 5054 Antea

295 5088 360 5132 non
383 5067 519 5133 cessatis
548 5067 640 5132 nobis
670 5085 765 5130 sures
785 5063 974 5142 obtundere,
998 5062 1055 5126 sed
1086 5083 1191 5127 vanus
1221 5072 1270 5128 est
1323 5061 1465 5127 vidimus
1488 5067 1644 5148 populum
1667 5068 1805 5134 abusum
1829 5072 1928 5136 luisse
1946 5069 2060 5135 multis
2079 5073 2306 5139 excusationi·

294 5160 392 5233 atque
412 5153 524 5218 irritus
546 5151 638 5218 labor
660 5160 782 5217 vester:
805 5146 867 5212 hoc
884 5148 972 5212 euim
991 5147 1083 5212 nobis
1101 5157 1151 5211 est
1168 5148 1268 5211 semel
1323 5148 1398 5214 bus:
1422 5147 1479 5212 sed
1502 5149 1561 5216 boc
1580 5151 1649 5217 loco
1668 5154 1811 5219 ostendit
1828 5155 1986 5222 Ieremias
2003 5155 2092 5239 ipsos
2110 5157 2199 5223 nibil
2217 5157 2307 5224 aliud

293 5236 472 5322 decretum,
495 5257 601 5321 neque
624 5237 803 5320 poterimus
822 5252 967 5314 unquam
990 5232 1147 5298 revocari.
1182 5230 1270 5311 Quid
1323 5233 1476 5315 consequi
1498 5237 1753 5322 tergiversando,
1785 5240 1848 5306 nisi
1877 5238 1965 5324 quod
1995 5242 2100 5326 magis
2129 5264 2170 5311 ac
2201 5246 2307 5330 magis
