4784 5970
956 367 1324 436 PROLEGOMENA.

295 555 363 623 Sex
385 555 461 621 folia
483 554 646 620 liminaria
674 574 748 620 cum
778 553 991 634 dedicatione,
1019 556 1220 638 praefatione
1248 557 1464 642 typographi,
1492 557 1544 623 cui
1567 556 1633 622 iam
1656 578 1762 623 annus
1783 557 1830 623 M.
1844 557 1886 623 D.
1898 557 2053 625 LXXVI
2083 557 2143 623 ad·

139 668 280 750 scriptus
307 673 373 743 est,
403 677 436 733 et
457 666 662 731 Precatione.
719 664 859 731 antera
889 674 925 730 ut
947 666 981 731 in
1004 667 1212 750 praecedenti
1242 668 1389 751 exceptis
1418 670 1545 735 erratis.
1590 669 1630 732 In
1662 670 1743 733 fine:
1778 668 1922 734 Excedit
1944 669 2141 777 Eustathius

140 778 275 862 Vigncn
297 778 452 844 Genavaa
472 797 559 842 anno
582 776 719 841 Domini
741 775 914 842 millesimo
937 779 1202 861 quingentesimo
1224 779 1462 863 septuagesimo
1484 787 1577 844 sexto
1600 799 1713 843 mense
1735 780 1887 862 Augusti.

293 915 366 981 111.
397 914 532 979 Ioannis
552 912 556 996 Ι
576 912 706 979 Calvini
726 912 732 997 Ι
751 912 992 979 Praelectiones
1012 915 1017 999 Ι
1036 916 1072 979 in
1091 913 1097 1000 Ι
1117 915 1234 980 librum
1251 914 1442 999 Prophetia-
1462 913 1467 998 Ι
1487 936 1560 979 rum
1576 914 1743 992 Ieremias,
1763 924 1794 979 et
1814 912 1819 999 Ι
1839 915 2115 980 Lamentationes.
2133 913 2139 999 Ι

139 1026 271 1092 Ioannis
292 1024 420 1091 Budaei
443 1037 475 1089 et
498 1024 606 1090 Caroli
630 1023 803 1090 Ionuillaai
824 1024 937 1089 labore
959 1036 992 1090 et
1014 1026 1178 1091 industria
1200 1033 1366 1108 exceptae.
1394 1025 1399 1111 Ι
1426 1025 1509 1092 Com
1534 1024 1659 1090 duobus
1681 1026 1854 1102 indicibus,
1878 1025 1988 1108 priore
2009 1025 2140 1108 quidem

139 1157 249 1201 rerum
268 1145 301 1201 et
318 1137 558 1202 sententiarum
577 1136 679 1201 maxi·
697 1136 703 1219 Ι
723 1157 776 1200 me
793 1136 988 1219 insignium:
1012 1137 1190 1219 posteriore
1209 1157 1286 1202 vero
1305 1137 1450 1202 locorum
1468 1137 1525 1219 qui
1543 1156 1584 1200 ex
1603 1135 1706 1202 veteri
1725 1145 1758 1199 at
1776 1155 1862 1201 nove
1875 1137 1934 1200 Te·
1953 1142 1959 1215 Ι
1978 1143 2141 1201 stamentc

137 1248 292 1325 citantur,
314 1256 348 1312 et
365 1246 581 1331 explicantur.
602 1247 608 1331 Ι
627 1247 739 1312 Tertia
756 1247 857 1312 editio
875 1268 895 1312 a
913 1246 1039 1314 mendis
1058 1246 1064 1332 Ι
1084 1249 1200 1330 quibus
1223 1248 1311 1331 prior
1333 1247 1476 1313 scatebat
1497 1256 1684 1330 repurgata.
1706 1247 1712 1330 Ι
1731 1247 1896 1331 (Attalium
1917 1265 1987 1311 eum
2006 1250 2142 1327 serpente

136 1364 165 1423 et
187 1357 316 1443 αᾶαριῗο)
336 1363 341 1437 Ι
362 1357 525 1440 Generae,
547 1363 551 1435 Ι
571 1357 657 1440 apud
681 1357 824 1423 Haered.
848 1359 1001 1425 Eustath.
1026 1357 1168 1441 Vignon.
1189 1365 1194 1435 Ι
1214 1358 1260 1423 M.
1274 1358 1316 1424 D.
1329 1355 1520 1423 LXXXIX
1544 1356 1625 1442 (iol.)

291 1468 386 1533 Folia
407 1468 572 1533 liminaria
593 1489 651 1533 sex
670 1478 707 1532 ut
724 1489 832 1551 supra.
867 1469 1067 1534 Praelationi
1092 1467 1287 1553 typographi
1308 1468 1523 1535 subscribitur
1540 1467 1594 1533 hic
1612 1488 1740 1551 quoque
1758 1489 1865 1533 annus
1883 1467 1964 1533 MD
1976 1467 2140 1534 LXXVI.

137 1578 277 1643 Caetera
299 1579 378 1643 item
400 1579 534 1643 omnino
557 1590 593 1643 ut
609 1579 643 1642 in
662 1578 879 1661 praecedenti.
910 1578 1116 1662 Subscriptio
1138 1579 1334 1664 typographi
1356 1581 1391 1645 in
1409 1582 1475 1645 fine
1497 1579 1597 1645 nulla.
1632 1578 1793 1660 Quamvis
1815 1580 1851 1643 in
1870 1579 1921 1643 his
1944 1578 2141 1646 editionibus

137 1691 258 1773 pagina
274 1690 429 1774 paginae,
460 1688 606 1772 adeoque
628 1691 696 1754 iere
718 1688 806 1754 linea
828 1691 934 1755 lineae
956 1690 1165 1774 respondeat,
1195 1697 1304 1755 tamen
1327 1711 1407 1758 cave
1429 1688 1542 1757 credas
1565 1710 1665 1755 unam
1688 1689 1891 1774 eandemque
1920 1711 1990 1756 esse
2012 1690 2061 1756 bis
2084 1698 2143 1755 aut

136 1807 188 1865 ter
210 1800 279 1866 solo
303 1800 399 1866 titulo
423 1810 547 1865 mutate
570 1801 732 1865 iteratam.

292 1938 353 2003 lv.
381 1936 540 2002 Iohannis
560 1936 565 2019 Ι
586 1934 717 2001 Caluini
738 1936 743 2020 Ι
762 1957 894 2019 operum
911 1937 1054 2002 omnium
1073 1935 1079 2021 Ι
1099 1936 1350 2020 theologIeorum
1371 1938 1375 2021 Ι
1396 1938 1490 2002 Tomi
1503 1912 1620 2018 Quarti
1632 1937 1715 2002 Pars
1734 1937 1851 2004 altera:
1872 1938 1877 2021 Ι
1896 1938 2142 2005 Praelectiones

137 2049 172 2112 in
195 2048 336 2113 Librum
358 2047 612 2130 Prophetiorum
635 2046 804 2124 Ieremias,
827 2057 859 2112 et
878 2048 883 2130 Ι
904 2048 1171 2113 Lamentationes
1193 2047 1419 2132 complectens.
1444 2049 1449 2129 Ι
1472 2048 1609 2114 Ioannis
1631 2046 1758 2113 Budaei
1779 2057 1813 2113 et
1834 2048 1944 2115 Caroli
1967 2048 2141 2114 Ioouillaai

139 2159 248 2224 labore
270 2168 304 2224 et
325 2156 488 2223 industria
509 2166 674 2241 exceptae.
702 2158 707 2242 Ι
734 2158 818 2223 Cum
843 2157 969 2224 duobus
991 2157 1150 2224 indicibus
1171 2163 1249 2223 caet
1270 2164 1434 2242 utsupra.
1481 2158 1645 2243 (Amhero
1665 2177 1735 2223 eum
1755 2164 1897 2240 repente
1919 2159 1990 2224 siue
2011 2158 2138 2245 edeam)

138 2269 306 2348 Generae,
326 2274 331 2351 Ι
350 2268 450 2353 Apud
476 2269 656 2334 Iohannem
678 2268 823 2351 Vignon,
846 2268 984 2334 Petrum
1005 2278 1038 2332 et
1057 2269 1063 2354 Ι
1081 2267 1237 2335 Iacobum
1261 2268 1397 2335 Chouet.
1418 2269 1423 2354 Ι
1444 2269 1491 2334 M.
1503 2268 1576 2335 Do.
1589 2268 1695 2334 XVII
1717 2266 1796 2354 (fol.)

291 2380 386 2445 Folia
414 2380 580 2445 liminaria
601 2391 739 2463 quatuor
761 2400 833 2444 eum
857 2378 1068 2460 dedicatione,
1097 2381 1297 2463 praelatione
1327 2380 1525 2464 typographi
1548 2391 1608 2445 etc.
1633 2379 1723 2443 utin
1745 2380 1969 2462 praecedente.
2015 2382 2140 2445 Textus

139 2491 374 2556 Commentarii
405 2489 490 2555 binis
519 2490 681 2556 columnis
711 2510 893 2572 expressus,
923 2490 1083 2556 Ieremias
1104 2511 1182 2555 vero
1204 2489 1302 2555 lineis
1332 2492 1477 2574 integris.
1518 2490 1700 2554 Terniones
1729 2492 1902 2574 sexaginta
1932 2489 2138 2575 (Aea—Zau

137 2600 373 2678 Aaaa-Zzaa3
399 2598 702 2686 AAaaa—OOooe)
724 2601 802 2664 felia
825 2611 996 2665 numerata
1019 2600 1092 2678 352,
1114 2601 1327 2683 sequentibus
1349 2599 1520 2666 indicibus.

292 2713 387 2776 Aliae
409 2709 569 2775 editiones
591 2711 713 2775 latinae
736 2709 929 2792 prodierunt
947 2712 1065 2777 nullae.
1100 2711 1183 2776 Nam
1202 2733 1286 2793 quae
1304 2711 1339 2775 in
1357 2712 1504 2794 catalogo
1523 2708 1736 2775 bibliothecae
1753 2709 1934 2775 Bernensis
1953 2722 2140 2777 recensetur

138 2822 216 2887 anni
240 2822 322 2887 1583
346 2841 436 2885 mero
458 2823 560 2886 errori
583 2822 706 2886 scribae
729 2840 849 2886 noman
872 2829 904 2885 at
925 2822 1046 2886 famam
1069 2820 1173 2898 debet,
1197 2828 1234 2886 ut
1253 2822 1346 2887 nobis
1366 2822 1596 2904 quaerentibus
1619 2821 1798 2887 affirmavit
1815 2823 1857 2885 V.
1871 2820 1912 2887 D.
1926 2820 2012 2886 Rud.
2027 2819 2140 2901 Steek,

139 2933 301 3016 professor
324 2931 503 3014 theologiae
526 2932 715 2997 Bernensie.

292 3044 411 3108 Exstat
438 3050 547 3106 autem
569 3042 677 3107 versio
706 3040 823 3126 gallica
852 3060 950 3123 quam
979 3063 1039 3107 nos
1066 3041 1228 3126 hodieque
1257 3042 1491 3109 desideramus.
1537 3042 1640 3108 Ocius
1671 3042 1870 3124 exemplaria
1900 3042 2067 3108 rarissima
2098 3042 2140 3107 ad

138 3163 283 3221 nestram
306 3165 444 3218 aetatem
468 3161 697 3236 pervenerunt.
742 3152 854 3218 Unum
877 3152 1080 3236 inspeximus
1103 3154 1137 3218 in
1160 3152 1357 3220 bibliotheca
1379 3153 1604 3220 universitatis
1627 3152 1814 3219 Bonnensis
1836 3164 2050 3237 asservatum,
2079 3153 2140 3219 hoc

138 3267 233 3332 titulo
255 3276 420 3330 ornatum:
679 3274 684 3281 ·

292 3377 420 3458 Leporis
441 3378 446 3454 Ι
465 3395 506 3439 ou
526 3378 531 3453 Ι
551 3374 801 3439 commentaires
824 3382 856 3439 at
875 3379 880 3452 1
900 3374 1100 3458 expositione
1122 3373 1259 3440 delean
1279 3375 1408 3455 Caluio,
1432 3383 1504 3439 tant
1526 3395 1583 3439 sur
1605 3374 1652 3440 les
1670 3375 1885 3440 Reuelations
1904 3376 1910 3458 Ι
1930 3396 1991 3458 que
2013 3396 2070 3440 sur
2092 3375 2139 3440 les

138 3486 385 3553 Lamentatione
407 3483 451 3550 du
468 3484 635 3568 Propheta
652 3484 800 3551 Ieremia.
821 3486 826 3570 Ι
846 3486 896 3550 Le
917 3494 989 3550 tout
1011 3485 1198 3550 fidelement
1220 3486 1375 3563 recueilli,
1399 3485 1653 3568 premierement
1671 3505 1713 3549 en
1728 3486 1828 3549 Latin
1845 3505 1906 3565 par
1920 3484 1999 3575 Iean
2011 3484 2115 3563 Bude,
2133 3485 2136 3568 Ι

136 3609 170 3663 et
193 3597 331 3664 Charles
354 3595 395 3660 de
417 3595 604 3661 Ionuillier:
627 3605 662 3660 et
684 3595 798 3677 dapnis
822 3595 980 3659 translate
1003 3594 1247 3660 nouuellemont
1269 3616 1310 3660 an
1330 3596 1336 3679 Ι
1355 3596 1524 3677 Franqois.
1544 3598 1550 3677 Ι
1569 3595 1662 3661 Anae
1684 3595 1769 3659 deux
1793 3595 1911 3661 Tables
1935 3594 2008 3659 bien
2032 3595 2138 3678 stilae,

138 3709 170 3773 la
191 3708 352 3789 premiere
375 3704 431 3771 das
454 3708 569 3771 choses
591 3706 639 3771 les
657 3706 733 3789 plus
751 3714 841 3769 nota·
861 3706 867 3786 Ι
887 3704 955 3769 bles
976 3714 1154 3771 eontenues
1173 3727 1213 3769 an
1231 3727 1268 3770 ce
1287 3704 1388 3770 liure:
1411 3706 1527 3770 l’autre
1550 3704 1607 3771 des
1629 3723 1782 3790 passages
1805 3705 1951 3789 alleguea
1969 3713 2002 3769 et
2019 3705 2137 3789 expo-l

137 3839 199 3898 sea,
219 3826 289 3882 tant
305 3815 348 3882 du
363 3816 441 3881 vieil
461 3837 523 3899 que
540 3815 584 3881 du
600 3835 750 3881 nouueau
763 3817 962 3880 Testament.
986 3813 1172 3902 (Erubleme)
1193 3820 1222 3881 A
1239 3818 1346 3900 hyon,
1367 3815 1372 3899 Ι
1391 3817 1458 3882 Par
1470 3815 1593 3881 Glavde
1606 3813 1783 3880 Sennaton.
1804 3814 1809 3897 Ι
1829 3814 1924 3879 cal).
1932 3813 2041 3879 LXV.
2059 3813 2139 3900 (fol.)

290 3927 422 4009 Viginti
451 3926 530 3991 folia
557 3926 723 3991 liminaria
750 3946 825 3991 eum
849 3924 1053 3992 dedicatione
1080 3935 1113 3991 et
1136 3926 1263 3992 tabulis.
1309 3927 1528 4010 Septuaginta
1557 3947 1616 3991 sex
1645 3927 1877 4009 quaterniones
1906 3945 1982 3990 cum
2006 3924 2139 3992 dimidie

137 4038 245 4123 (ιι-ις
267 4038 387 4116 Α-Ζ;
407 4036 565 4115 Aa—Zz;
588 4036 742 4123 aa-hh),
765 4037 903 4121 paginae
926 4048 1117 4103 numeratae
1140 4038 1232 4102 1220.
1278 4037 1414 4103 Accedit
1434 4036 1548 4101 felium
1571 4057 1673 4101 uuum
1695 4057 1769 4102 eum
1791 4034 1919 4100 erratis.

292 4149 467 4215 Emblema
495 4146 629 4213 exhibet
658 4148 813 4214 lacertam
843 4155 1032 4215 coronatam
1062 4148 1133 4214 eius
1162 4149 1292 4232 generis
1322 4146 1408 4230 quod
1439 4145 1647 4212 salamandra
1676 4151 1822 4223 vocatur,
1852 4145 1887 4208 in
1911 4143 2018 4212 medio
2046 4148 2139 4212 flam·

139 4280 280 4324 marum.
325 4261 433 4325 Extra
461 4260 644 4342 marginem
674 4260 848 4343 utrobique
877 4261 1000 4344 figurae
1023 4259 1171 4324 virorum
1200 4278 1317 4341 aquam
1349 4258 1588 4324 effundentium
1619 4260 1651 4322 in
1676 4277 1755 4322 vasa
1783 4256 1963 4339 exquibus
1990 4258 2139 4322 flammae

138 4379 288 4454 surgunt.
334 4370 498 4454 Adagium
522 4368 653 4434 additur
674 4370 709 4434 in
733 4370 836 4435 latere
858 4371 1007 4436 sinistre:
1030 4371 1136 4437 Deras
1157 4371 1284 4450 moeris,
1306 4371 1341 4433 in
1364 4369 1496 4434 dextre:
1520 4376 1548 4434 et
1569 4389 1629 4433 uon
1647 4369 1748 4449 perir.

294 4479 486 4559 Caeterum,
517 4479 602 4564 quod
625 4480 666 4552 ad
689 4481 813 4564 stylum
843 4481 975 4559 attinet,
1007 4481 1101 4546 focile
1130 4481 1184 4547 hic
1212 4481 1314 4547 lector
1342 4479 1539 4547 desiderabit
1568 4499 1737 4545 nervosam
1769 4477 1857 4541 illam
1888 4486 1921 4541 et
1946 4478 2139 4560 castigatam

140 4589 271 4655 Caluini
304 4589 479 4655 dictionem
513 4612 612 4674 quom
641 4594 675 4656 in
706 4592 746 4656 iis
774 4593 905 4675 seriptis
937 4591 1162 4657 admirabatur
1194 4613 1276 4676 quae
1309 4601 1405 4658 autor
1432 4595 1504 4677 ipse
1535 4591 1625 4676 prelo
1659 4587 1845 4653 mandanda
1877 4597 2139 4671 praeparaverat.

140 4700 256 4766 Sermo
285 4701 350 4763 iam
381 4711 515 4783 apparet
543 4702 646 4767 laxior
669 4707 702 4766 et
724 4702 900 4779 remissior,
929 4702 1075 4768 incultus
1097 4712 1131 4767 et
1153 4703 1326 4785 prolixius,
1356 4704 1479 4771 scilieet
1501 4725 1540 4767 ex
1564 4699 1719 4768 cathedra
1741 4699 1878 4765 dicentis
1901 4707 1934 4762 et
1955 4718 2025 4762 sese
2047 4699 2140 4765 audi·

139 4811 265 4876 teribus
299 4812 591 4892 accommodantia,
625 4833 691 4878 non
721 4812 906 4878 laetorIbus.
957 4813 1045 4894 Quid
1074 4812 1158 4897 quod
1188 4833 1405 4879 amanuenses
1438 4813 1487 4878 illi
1514 4813 1614 4879 verba
1643 4832 1686 4875 ex
1714 4810 1902 4892 interpretis
1931 4829 1986 4874 ere
2016 4809 2139 4875 calamo

140 4922 341 5004 excipientes
372 4929 440 4987 tam
469 4920 582 4988 sedulo
612 4942 826 5006 quaecunque
856 4924 1041 5007 proferebat
1070 4924 1106 4988 in
1135 4923 1272 4990 schedas
1301 4945 1378 4990 suas
1408 4925 1558 4989 retulisse
1580 4922 1746 5000 videntur,
1778 4930 1900 4985 utnon
1931 4919 2036 4985 selum
2065 4940 2140 5004 pre·

139 5034 305 5098 cationum
334 5033 506 5112 formulas,
536 5055 617 5118 quas
646 5035 786 5118 singulis
818 5033 1009 5100 lectionibus
1039 5044 1076 5100 ut
1097 5033 1310 5117 colophonem
1341 5033 1460 5099 addere
1488 5033 1626 5111 solebat,
1658 5031 1756 5097 verbo
1783 5040 1878 5095 tenus
1908 5029 2139 5113 describerent,

140 5163 254 5209 rerum
277 5144 376 5209 etiam
399 5143 479 5208 olias
502 5143 619 5227 quibus
650 5144 903 5210 commentarius
924 5143 1007 5210 citra
1029 5145 1186 5210 damnum
1209 5164 1320 5210 carere
1342 5153 1475 5227 poterat.
1521 5142 1642 5223 Qualia
1671 5142 1793 5224 passim
1823 5150 1998 5206 occurrunt
2026 5141 2140 5208 huius·

140 5253 245 5319 modi:
280 5254 392 5320 Postea
412 5255 556 5337 sequeus
578 5303 586 5319 .
607 5304 614 5320 .
635 5305 642 5320 .
662 5304 670 5321 .
693 5257 747 5322 sed
769 5257 848 5338 quio
868 5259 959 5321 souot
979 5254 1170 5339 horologium
1192 5274 1254 5320 uou
1270 5274 1402 5338 possum
1423 5254 1556 5320 uarius
1577 5252 1729 5336 progredi
1759 5288 1800 5300 -
1828 5249 1896 5335 Epo
1917 5250 2042 5336 leupus
2064 5273 2141 5336 pre·

247 5355 357 5411 Oeloiui
374 5371 469 5426 opera
498 5356 558 5413 Vel.
570 5356 736 5413 XXXVII.
1902 5352 1939 5407 30
