4784 5970
164 365 229 431 565
891 366 939 430 IN
961 365 1212 435 lanuuium.
1257 368 1358 436 osP.
1382 370 1444 436 III.
2108 379 2173 447 566

164 575 261 636 quem
287 551 417 618 volebat
434 551 525 617 Deus
549 573 681 618 manere
703 555 737 618 in
758 573 853 619 saera
873 554 1009 635 unitate,
1031 555 1139 620 fuerat
1189 556 1270 622 Dei:
1304 559 1399 640 qnasi
1428 559 1566 625 diceret:
1602 561 1700 645 Apud
1729 584 1844 629 omnes
1874 565 1945 631 sine
1979 567 2171 650 exceptione

165 640 340 721 dissipatus
361 637 453 704 foedo
473 638 577 703 modo.
612 637 742 704 Scimus
764 639 852 703 enim
876 639 975 705 fuisse
997 640 1138 725 ospitale
1189 643 1315 726 vigebit
1338 665 1420 727 pura
1442 645 1567 729 religio,
1590 646 1676 728 quod
1699 649 1823 714 seilicet
1841 659 1917 715 ante
1935 650 2016 715 illud
2039 659 2170 735 tempus

164 725 272 789 odium
295 725 383 788 inter
403 723 542 789 Iudaeos
565 736 598 787 et
618 722 793 789 Israelitas.
829 723 940 804 Quum
962 745 1041 809 orgo
1063 727 1139 792 talis
1190 730 1348 794 usitatum
1378 750 1444 794 uon
1474 731 1590 800 suerat.
1635 733 1680 798 Et
1711 733 1795 799 hano
1823 737 2023 801 sententiam
2054 739 2172 804 melius

164 824 197 873 et
215 821 280 874 tam
304 808 396 873 foeda
417 810 534 874 fuisset
556 809 722 891 dissipatio
741 808 782 873 ad
802 819 930 892 tempus
949 811 1035 876 inter
1053 812 1138 876 filios
1188 815 1361 879 eoufirmat
1376 817 1585 898 sequentibus
1604 819 1723 897 verbis,
1748 818 2033 905 Omrprepaduutur,
2050 821 2169 906 inquit,

164 894 327 976 Abrahae,
360 916 449 959 nune
482 894 641 977 propheta
674 893 818 960 ostendit
846 896 990 960 truetum
1020 897 1137 975 exsilii,
1188 900 1231 964 ad
1252 920 1322 964 eum
1343 921 1447 967 omues
1466 908 1570 985 pentes
1590 904 1634 968 ad
1654 924 1764 969 nomeu
1787 905 1929 987 Ietoooe,
1961 907 2014 973 vel
2036 917 2172 991 propter

163 982 239 1062 quia
261 981 398 1060 soilioet,
428 980 482 1045 ubi
506 979 676 1062 temporali
707 1000 811 1063 poena
834 983 984 1065 eastigati
1013 982 1137 1047 fuerint
1189 1005 1306 1050 nomen
1330 986 1474 1052 Iehovae
1496 972 1529 1072 (¹)
1550 997 1601 1053 est
1630 988 1683 1055 hio
1706 991 1777 1055 vioe
1806 992 1946 1056 eansalis
1976 991 2170 1078 particulae)

163 1067 364 1149 aDomino,
398 1065 553 1130 redibunt
581 1067 616 1131 in
647 1066 799 1148 patriam,
833 1087 901 1130 non
924 1077 963 1131 ut
984 1067 1028 1133 sit
1050 1069 1137 1133 inter
1189 1081 1321 1152 propter
1343 1092 1462 1136 nomen
1485 1092 1563 1156 ergo
1582 1074 1725 1140 Iehovae
1745 1077 2034 1160 eongregabuntur
2057 1097 2170 1144 omnes

137 1228 139 1232 y
162 1153 251 1235 ipsos
274 1152 347 1216 talis
369 1151 545 1216 aemulatio
566 1152 695 1234 qualem
717 1151 843 1234 experti
866 1152 1004 1232 fuerent,
1023 1154 1080 1218 sed
1100 1164 1137 1217 ut
1188 1166 1304 1238 gentes
1326 1157 1558 1241 lerosolymae.
1593 1159 1754 1226 Videmus
1776 1161 1860 1226 nihil
1882 1183 1954 1227 esse
1977 1162 2170 1245 ambiguum

161 1257 275 1303 omnes
305 1257 370 1301 uuo
400 1259 456 1304 ore
484 1236 584 1301 simul
611 1236 721 1302 Deum
750 1237 922 1302 invocent:
956 1243 996 1302 ut
1021 1237 1134 1304 Iudaei
1187 1243 1222 1306 in
1245 1241 1297 1307 his
1320 1243 1439 1320 verbis,
1461 1245 1538 1325 quia
1560 1255 1673 1328 aperte
1690 1246 1847 1328 exprimit
1864 1247 2026 1330 propheta
2044 1247 2170 1312 oultum

161 1324 222 1404 ipsi
241 1324 309 1387 sint
327 1323 443 1387 fratros
455 1322 622 1400 Israelitis,
641 1334 674 1386 et
684 1323 854 1388 Israelitae
872 1325 969 1388 etiam
985 1333 1135 1390 mutuam
1188 1326 1252 1392 Dei
1274 1327 1403 1409 qualem
1427 1327 1500 1412 lege
1521 1351 1580 1394 sua
1602 1331 1800 1412 instituerat,
1822 1342 1932 1397 tautae
1955 1332 2026 1397 fore
2047 1334 2169 1397 autori·

160 1408 366 1474 concordiam
388 1428 463 1473 oum
488 1409 575 1473 trihu
597 1407 749 1473 Iehudah
771 1409 889 1473 nolant.
1189 1412 1277 1491 tatis,
1300 1423 1337 1477 ut
1359 1422 1473 1496 gentes
1496 1436 1610 1480 omnes
1632 1424 1766 1497 paratae
1798 1419 1866 1482 sint
1896 1416 2051 1499 ampleoti
2074 1416 2169 1500 quid·

1188 1497 1266 1579 quid
1299 1497 1431 1564 edootae
1471 1500 1594 1564 tuerint
1628 1522 1647 1565 a
1680 1501 1821 1567 Iudaeis.
1878 1502 2071 1580 Caeterum,
2112 1523 2170 1585 per

519 1598 772 1660 panemo,
1188 1594 1303 1666 gentes
1336 1603 1450 1649 omnes
1483 1592 1609 1651 reatum
1642 1597 1692 1651 est
1728 1587 1868 1669 intelligi
1909 1587 2021 1653 deoem
2054 1586 2167 1666 tribus,

1188 1668 1460 1750 qrremadmodum
1484 1671 1597 1735 multis
1626 1672 1705 1737 loeis
1727 1685 1887 1738 vooantur
1909 1672 2019 1755 plures
2047 1673 2169 1755 populi.

245 1750 309 1832 Da,
343 1750 532 1831 omnipotens
561 1750 660 1824 Deus,
689 1751 814 1830 quondo
843 1751 934 1817 hodie
961 1750 1050 1816 uobis
1077 1753 1135 1818 ole-
1187 1751 1226 1819 si
1248 1756 1323 1836 quis
1345 1754 1477 1838 longius
1499 1755 1592 1820 malit
1613 1754 1802 1834 extendere,
1824 1759 1954 1822 fruatur
1975 1778 2035 1823 suo
2057 1778 2168 1823 sensu.

158 1840 273 1901 meuur
288 1837 410 1917 parem,
432 1854 529 1916 quum
550 1840 651 1900 tomen
680 1836 783 1900 uariis
809 1837 911 1903 modis
933 1856 1136 1917 prmoaemus
1187 1838 1233 1902 Et
1255 1840 1530 1921 quemadmodum
1549 1843 1619 1906 heri
1639 1842 1746 1921 retuli,
1769 1843 1885 1907 Iudaei
1903 1843 2095 1908 existimant
2114 1843 2168 1908 hio

158 1922 243 1985 iram
273 1926 368 1997 tuam,
395 1941 432 1984 ue
462 1921 612 1986 adversus
642 1921 861 2004 mstipationee
889 1922 1135 2001 obdurescentem
1187 1923 1324 1989 desoribi
1348 1936 1477 2008 tempus
1500 1927 1651 2002 Messias,
1682 1928 1835 2010 quoniam
1860 1948 2030 2010 nunquam
2052 1927 2169 2010 imple·

160 2007 214 2070 sed
235 2007 401 2071 tolerantia
423 2012 478 2071 tua
499 2026 556 2071 uos
576 2007 619 2071 ad
635 2008 858 2087 poententiam
879 2008 996 2086 invitet,
1024 2009 1136 2074 dende
1187 2020 1258 2073 tum
1282 2010 1344 2074 ruit
1366 2010 1451 2092 quod
1475 2011 1527 2076 hio
1549 2013 1715 2094 promittit
1732 2013 1899 2078 Ieremias.
1941 2013 2054 2095 Neque
2077 2014 2167 2078 enim

157 2092 252 2155 etiam
271 2091 393 2173 ferulae
413 2091 501 2156 nodis
521 2092 657 2171 prosint,
685 2096 713 2156 et
739 2093 786 2157 ita
813 2112 883 2157 oere
911 2098 1134 2173 omvertamur,
1186 2115 1362 2160 eononrsns
1385 2095 1440 2160 illo
1463 2098 1611 2179 gentium
1641 2100 1793 2181 apparuit
1815 2118 1918 2179 quum
1941 2098 2066 2163 reversi
2089 2106 2168 2163 sunt

157 2180 194 2240 ut
215 2181 278 2242 toto
299 2178 365 2240 nita
386 2181 531 2242 testemur
558 2197 615 2242 uos
636 2182 770 2242 mutatos
791 2197 856 2243 esse
877 2180 1005 2260 animis,
1034 2184 1063 2243 et
1088 2180 1135 2244 sie
1186 2181 1302 2245 Iudaei
1319 2184 1360 2245 ab
1378 2181 1494 2246 exsilio
1512 2183 1549 2247 in
1569 2184 1725 2264 patriam:
1745 2185 1810 2248 imo
1828 2183 1889 2248 soli
1904 2182 2020 2247 Iudaei
2040 2183 2167 2249 reversi

156 2261 252 2326 etiam
274 2261 332 2326 atii
354 2262 435 2327 alios
456 2263 620 2327 tumemus
640 2267 812 2340 mutuant
838 2264 936 2328 simut
963 2266 1133 2330 consentia·
1185 2275 1271 2332 sunt.
1317 2267 1406 2333 Hine
1426 2267 1531 2350 igitur
1553 2268 1712 2352 eolligunt
1736 2289 1803 2333 non
1826 2288 1920 2351 posse
1946 2268 2053 2334 looum
2078 2268 2166 2333 huno

156 2365 228 2411 mue
248 2347 283 2411 in
302 2348 480 2429 obsequium
496 2347 581 2412 uerbi
599 2349 656 2424 tui,
679 2352 706 2412 et
722 2350 904 2415 studeamus
920 2350 1053 2433 quisque
1069 2370 1132 2432 pro
1186 2350 1282 2416 aliter
1303 2352 1424 2434 exponi
1445 2372 1543 2436 quam
1567 2353 1607 2418 ds
1629 2374 1731 2437 reguo
1754 2354 1911 2420 Messias:
1939 2352 2026 2436 quod
2049 2373 2165 2419 verum

155 2452 188 2496 se
218 2432 394 2516 purificare
425 2453 533 2497 nomeu
560 2438 657 2511 tuum,
691 2434 726 2497 iu
754 2432 876 2499 Christo
906 2435 981 2501 Iesu
1009 2436 1132 2501 domino
1185 2457 1256 2502 esse
1279 2435 1393 2502 fateor.
1439 2435 1506 2502 Sed
1529 2440 1604 2521 quia
1625 2439 1750 2505 reditus
1772 2441 1838 2522 ille,
1861 2461 1899 2505 eo
1922 2439 2086 2504 restitutio
2108 2459 2166 2523 po·

155 2523 268 2594 nosue,
289 2517 401 2582 Amen.
1186 2522 1254 2605 puli
1283 2523 1447 2603 quoddam
1478 2524 1541 2587 suit
1569 2525 1664 2609 regui
1692 2525 1817 2590 Christi
1847 2523 2063 2609 praeludium,
2093 2524 2166 2590 ideo

1185 2628 1315 2690 semper
1330 2608 1476 2689 insipere
1490 2611 1644 2675 eonvenit
1658 2631 1677 2673 a
1692 2619 1838 2692 tempore
1852 2609 1921 2688 illo,
1939 2611 2066 2691 quoties
2085 2609 2166 2673 vati·

243 2687 417 2769 Coepimus
440 2686 510 2751 heri
539 2708 702 2769 exponere
729 2709 793 2771 quo
822 2709 919 2754 seusu
944 2691 1030 2756 dieat
1059 2713 1131 2774 pro·
1185 2693 1338 2757 einantur
1359 2693 1539 2776 prophetae
1569 2695 1609 2760 de
1636 2716 1723 2760 nova
1751 2696 1898 2762 eoelesia.
1942 2694 2070 2758 Verum
2092 2694 2165 2776 qui·

156 2773 257 2856 pheta
274 2772 399 2836 nullam
417 2772 486 2836 fore
505 2773 646 2856 amplius
663 2775 855 2838 memoriam
872 2795 967 2841 areae
984 2776 1131 2855 foederis,
1184 2776 1257 2842 dem
1288 2785 1348 2855 est,
1381 2780 1621 2860 reparationem
1656 2781 1758 2846 totins
1791 2780 1907 2845 mundi
1940 2779 2165 2861 quaerendam

157 2862 328 2942 postquem
358 2857 482 2922 reversi
512 2858 636 2922 fuerint
657 2858 827 2924 Israeliten
857 2861 891 2923 in
921 2862 1071 2943 patriam,
1098 2872 1132 2926 et
1184 2883 1256 2929 esse
1277 2863 1312 2928 in
1336 2862 1462 2929 Ohristi
1485 2864 1646 2930 adventu:
1674 2865 1731 2931 sod
1754 2866 1819 2930 iam
1843 2878 1922 2930 tuno
1944 2864 2050 2948 eoepit
2071 2863 2165 2929 Deus

88 3002 96 3015 ,
155 2945 222 3009 illio
244 2944 416 3021 oraverint,
446 2963 564 3025 nempe
593 2945 672 3026 quia
698 2943 826 3008 nullum
845 2946 919 3014 ,erit
949 2945 1130 3024 dissidium,
1184 2949 1354 3015 ecelesiam
1387 2970 1481 3015 suam
1515 2950 1697 3028 restituere,
1732 2971 1833 3033 quum
1867 2950 2000 3015 Iudaeis
2027 2969 2165 3015 manum

156 3029 251 3112 quale
274 3029 382 3094 fuerat
403 3042 580 3111 antequam
604 3031 639 3092 in
669 3030 820 3094 exsilium
850 3043 960 3095 essent
989 3031 1130 3099 abducti.
1185 3034 1331 3116 porrexit
1352 3042 1390 3099 nt
1410 3034 1526 3099 urbem
1553 3046 1774 3116 exstruerent,
1804 3047 1837 3102 et
1860 3035 2030 3117 templum,
2060 3033 2164 3100 donea

156 3115 288 3181 Seimus
310 3117 397 3179 enim
416 3114 526 3179 deeem
546 3113 651 3180 tribus
669 3115 807 3181 uoluisse
825 3115 934 3180 Deum
952 3139 1011 3183 suo
1031 3138 1131 3197 mors,
1183 3120 1329 3202 prodIret
1351 3119 1513 3185 Christus.
1558 3119 1729 3202 Quantum
1751 3121 1793 3187 ad
1821 3131 2026 3205 praesentem
2056 3119 2164 3185 loeum

155 3201 230 3282 quia
260 3198 490 3265 deluserunta
519 3221 600 3281 pura
629 3210 663 3265 et
691 3201 833 3283 simpliei
862 3202 945 3285 legis
973 3203 1130 3269 doetrina.
1183 3211 1323 3286 speetat,
1362 3207 1434 3270 sive
1466 3226 1525 3288 per
1557 3216 1672 3290 gentes
1702 3205 1889 3289 intelligere
1922 3207 2022 3272 libeat
2054 3205 2164 3271 deoem

155 3283 316 3368 iutelligit
338 3305 417 3368 ergo
444 3285 604 3368 propheta
633 3306 745 3351 omnes
774 3287 844 3351 fore
873 3290 942 3352 veri
972 3299 1004 3352 et
1033 3289 1131 3353 unius
1184 3290 1298 3367 tribus,
1317 3290 1370 3357 vel
1388 3299 1566 3374 utrumque
1584 3313 1741 3376 regnum:
1760 3293 1830 3358 sivo
1849 3293 2031 3375 promiseue
2049 3310 2163 3356 omnes

156 3371 218 3436 Dei
247 3371 398 3446 onltores‚
433 3380 467 3434 et
496 3382 622 3435 tantam
650 3371 719 3435 fore
748 3372 909 3437 unitatem
939 3373 1014 3438 fidei
1044 3376 1132 3438 iuter
1183 3376 1271 3442 orbis
1289 3376 1434 3461 populos,
1453 3397 1568 3442 sensus
1586 3378 1766 3460 prophetae
1780 3376 1917 3460 perinde
1935 3378 2042 3442 elatus
2061 3383 2163 3439 esset:

155 3459 252 3539 ipsos,
271 3467 307 3520 ut
325 3476 392 3520 non
410 3464 503 3522 vooet
521 3455 662 3521 iudaeus
681 3458 791 3521 Deum
810 3479 915 3534 suum,
934 3472 967 3523 et
981 3460 1132 3524 Israelita
1184 3460 1375 3544 ampliorem
1392 3462 1517 3527 soilieet
1535 3463 1604 3526 fore
1623 3463 1802 3539 eoolesiam,
1822 3463 1877 3526 ubi
1897 3462 1986 3526 Deus
2004 3459 2162 3542 populum

154 3543 253 3607 etiam
277 3541 378 3606 alium
401 3541 464 3606 sibi
485 3540 593 3606 Deum
622 3543 735 3625 fingat
780 3541 859 3607 Ideo
887 3543 1027 3623 subiioit,
1059 3545 1132 3610 Non
1184 3548 1363 3629 reduxerit,
1387 3567 1484 3628 qoam
1508 3549 1598 3629 prius
1622 3548 1753 3613 fuisset:
1785 3557 1899 3630 postea
1921 3546 2029 3609 Deum
2058 3544 2162 3608 faetu-

154 3629 298 3693 aseendet
319 3647 414 3707 super
434 3646 500 3693 eor:
523 3628 583 3692 hoo
605 3638 661 3702 est,
687 3628 779 3692 nulla
801 3628 875 3692 talis
898 3631 1059 3713 cogitatio,
1083 3632 1130 3694 in·
1183 3652 1258 3696 rum
1276 3641 1315 3695 ut
1336 3632 1452 3696 floreat
1470 3651 1548 3697 vera
1570 3633 1683 3713 pietas,
1706 3632 1888 3715 etquidem
1906 3632 2030 3712 absque
2048 3649 2161 3695 aemu-

154 3715 235 3793 quit,
256 3713 398 3794 amplius
421 3713 486 3775 illis
501 3712 614 3777 veniet
635 3715 670 3775 in
693 3721 855 3778 mentem:
878 3713 923 3778 Et
942 3734 1007 3780 nou
1028 3735 1130 3780 reeor-
1183 3716 1305 3781 latione
1327 3727 1360 3780 et
1382 3716 1505 3781 litibus.
1550 3716 1647 3796 Quod
1677 3729 1787 3782 temen
1815 3717 1963 3800 seqnitur
1991 3717 2162 3780 oonfirmat

152 3798 326 3863 dabuntur:
354 3797 415 3862 hoo
437 3808 496 3875 est,
522 3798 613 3860 nulla
642 3808 853 3862 monumenta
879 3800 1036 3881 pristinae
1065 3800 1131 3865 dis·
1183 3800 1345 3867 divorsam
1369 3802 1579 3880 sententiam,
1609 3822 1725 3883 nempe
1752 3811 1789 3866 ut
1818 3803 1878 3868 hoo
1912 3815 2099 3884 exponatur
2121 3799 2161 3865 de

154 3882 316 3947 sensionis
356 3881 497 3962 amplius
536 3883 623 3946 inter
663 3903 718 3947 eos
751 3884 946 3949 exstabunt:
987 3885 1032 3950 Et
1070 3906 1131 3951 uon
1183 3894 1321 3969 utroque
1340 3907 1453 3970 regno,
1473 3886 1546 3951 Nou
1566 3886 1776 3970 ambutabunt,
1794 3888 1913 3970 inquit,
1933 3885 2074 3968 amplius
2089 3891 2163 3965 post

153 3966 335 4032 visitabunt:
376 3966 436 4031 hoo
469 3975 538 4044 est,
576 3989 642 4032 non
676 3969 812 4034 venient
844 3969 984 4051 amplius
1017 3972 1130 4035 furtim
1182 3972 1330 4037 duritiem
1350 3971 1468 4037 motam
1489 3972 1592 4037 cordis
1616 3974 1679 4038 sut.
1724 3973 1799 4037 Non
1826 3973 1908 4039 solet
1937 3973 1998 4037 hoo
2028 3970 2091 4034 dioi
2121 3969 2162 4035 de

154 4052 387 4137 lerosolymam
411 4052 465 4133 qui
490 4053 598 4116 volent
620 4054 778 4118 soorifioia
807 4055 925 4119 offerre
946 4056 1035 4121 Deo:
1066 4055 1130 4121 De·
1183 4060 1325 4139 profanis
1354 4057 1516 4141 gentibus,
1550 4078 1634 4140 quae
1664 4079 1793 4142 semper
1822 4059 1949 4123 alienae
1979 4058 2113 4122 fuerunt
2142 4076 2162 4120 a

152 4139 254 4218 atoue,
284 4136 366 4201 nihil
394 4137 454 4201 tote
477 4138 538 4218 fiet,
572 4139 690 4221 inquit,
726 4139 812 4204 Nam
839 4141 876 4204 in
909 4146 1041 4223 tempore
1073 4141 1130 4206 tto
1182 4142 1331 4208 doetrina
1352 4141 1443 4226 legis.
1489 4142 1656 4222 Quoniam
1678 4163 1757 4226 ergo
1784 4143 1845 4210 hoo
1866 4142 2050 4226 spontaliter
2072 4161 2161 4207 oom-

151 4223 311 4288 ooeatitur
341 4221 515 4288 Imusatem
542 4223 657 4287 solium
685 4224 826 4291 Iehouae.
877 4226 994 4292 Posset
1023 4227 1130 4292 videri
1182 4230 1265 4309 petit
1291 4229 1326 4290 in
1348 4227 1488 4293 Iudaeos
1509 4236 1544 4293 et
1565 4227 1749 4294 Israelites:
1778 4228 1852 4293 ideo
1881 4229 2014 4293 videtur
2043 4226 2161 4292 mehus

154 4308 312 4391 prophete
334 4329 444 4372 seeum
474 4328 631 4390 pugnare,
659 4309 744 4391 qnod
773 4308 882 4376 tradat
907 4313 1131 4396 lerosolymam
1182 4315 1284 4378 fluere
1310 4314 1369 4378 illa
1395 4315 1568 4396 expositio,
1600 4313 1734 4380 oeneus
1759 4319 1861 4397 pentes
1889 4313 1943 4380 hio
1966 4314 2084 4392 voeari,
2107 4311 2161 4378 vel

151 4394 219 4474 fore
250 4393 365 4458 sotium
398 4392 474 4469 Dei,
507 4404 541 4457 et
574 4402 684 4458 tamen
718 4395 857 4462 Iudaeos
891 4419 955 4463 non
990 4400 1131 4463 fauturos
1183 4396 1293 4463 deoem
1316 4399 1430 4476 tribus,
1454 4400 1505 4464 vel
1528 4408 1633 4464 totum
1657 4398 1824 4482 populum
1868 4399 1988 4464 Postea
2010 4396 2162 4479 sequitur

155 4477 352 4542 mentionem
385 4498 480 4543 areae
511 4477 659 4544 foederis.
710 4479 776 4545 Sed
805 4482 927 4564 optime
955 4483 1132 4549 oohaerent
1182 4483 1296 4549 eodem
1318 4505 1427 4560 seusu,
1451 4483 1492 4547 In
1510 4484 1618 4549 tubas
1638 4484 1706 4550 iltis
1731 4486 1852 4550 venunt
1879 4485 1989 4549 domus
2018 4480 2162 4548 Ietudah

154 4564 240 4626 inter
261 4583 297 4626 se
319 4562 400 4627 haee
422 4565 578 4640 membra,
608 4566 762 4647 quoniam
789 4567 947 4651 intelligit
968 4569 1129 4652 Ierosoly·
1181 4589 1251 4634 oum
1271 4570 1360 4635 ἅοιιιο
1383 4569 1494 4634 Israel.
1540 4569 1631 4635 Hine
1653 4581 1799 4652 apparet,
1829 4569 2024 4654 prophetem
2055 4567 2161 4650 magis

155 4668 241 4712 mam
264 4649 332 4712 fore
353 4647 472 4725 sedem,
496 4671 533 4716 ao
555 4648 754 4715 domioilium
777 4655 901 4717 aeterni
922 4654 986 4719 Dei
1009 4655 1130 4737 absque
1181 4655 1221 4720 de
1249 4655 1387 4736 posteris
1411 4653 1564 4720 Abrahae
1592 4654 1763 4736 loquntom
1794 4677 1875 4732 esse,
1907 4674 2004 4736 quam
2034 4650 2074 4717 de
2103 4673 2161 4718 ex·

154 4733 382 4797 controversia.
428 4736 517 4799 Ante
538 4736 690 4800 exsilium
716 4736 883 4803 iaetabant
905 4739 1073 4804 Israelitae
1094 4760 1129 4804 se
1181 4739 1260 4804 teris
1282 4739 1443 4820 gentibus.
1478 4739 1563 4804 Nam
1586 4740 1772 4822 expositive
1793 4739 1885 4806 addit
1907 4739 1996 4804 hune
2015 4758 2159 4803 versum.

154 4819 296 4883 retinere
318 4818 444 4883 eultum
468 4821 539 4884 veri
561 4820 635 4897 Dei,
664 4828 698 4885 et
719 4825 895 4905 magnifiee
923 4832 995 4889 erat
1024 4835 1129 4890 osten·
1181 4825 1315 4889 Poterat
1346 4825 1434 4889 enim
1465 4826 1585 4906 quaeri,
1616 4826 1695 4908 quid
1723 4827 1784 4891 hoo
1814 4826 1877 4891 sibi
1907 4824 2016 4904 vellet,
2046 4843 2160 4889 omnes

154 4905 244 4983 tatio,
266 4913 300 4968 et
321 4904 446 4968 multae
467 4925 614 4988 pompae,
637 4907 684 4972 sio
705 4916 743 4971 nt
760 4908 963 4992 lerosolyma
984 4911 1052 4975 tero
1074 4910 1129 4974 ob·
1180 4917 1294 4994 gentes
1328 4918 1500 4976 venturas:
1543 4931 1669 4993 nempe,
1702 4911 1819 4993 inquit,
1863 4909 2018 4990 Quoniam
2050 4908 2160 4974 domus

154 5009 250 5054 soora
271 4998 366 5068 esset,
395 5001 554 5071 qnantum
577 4991 619 5057 ad
647 4992 742 5057 illum
772 5004 946 5059 externum
976 4993 1128 5078 splendo·
1180 4995 1287 5061 Israel
1306 4995 1450 5062 malesoet
1477 4996 1574 5062 simut
1600 5015 1671 5061 oum
1699 4997 1787 5062 domo
1817 4995 1977 5061 Iehudah:
2009 4993 2071 5059 hoo
2099 5004 2159 5072 est,

154 5094 233 5140 rem.
285 5075 453 5158 Propheta
485 5085 594 5141 autem
624 5077 702 5142 dieit
734 5079 864 5143 nullum
890 5081 958 5145 toro
987 5080 1128 5162 amplius
1180 5080 1272 5145 nulla
1293 5083 1355 5147 erit
1370 5080 1510 5164 amplius
1531 5082 1680 5147 simultas
1702 5082 1788 5146 inter
1803 5079 1886 5146 duos
1909 5078 2056 5164 populos,
2079 5100 2158 5161 quo·

154 5156 336 5236 discrimen,
359 5172 391 5225 et
411 5179 479 5225 non
502 5161 687 5245 litigaturos
709 5162 877 5231 Israelitas
894 5174 969 5230 oum
986 5166 1129 5244 Iudaeis,
1180 5167 1270 5231 niam
1292 5175 1470 5250 agnosoent
1499 5188 1534 5234 se
1560 5177 1674 5233 mutuo
1705 5188 1765 5251 pro
1792 5165 1962 5245 fratribus,
1992 5174 2026 5231 et
2055 5165 2160 5230 soient

153 5244 230 5328 quia
244 5265 358 5310 omnes
373 5247 553 5313 oouoedent
566 5247 800 5334 lerosolymam
815 5271 887 5316 esse
904 5253 1128 5317 sanotuarium
1180 5273 1215 5317 se
1237 5253 1285 5317 ita
1306 5260 1394 5318 ortos
1416 5271 1487 5319 esse
1510 5252 1551 5317 ab
1572 5273 1638 5318 nno
1660 5254 1759 5332 tonte,
1789 5262 1825 5317 ut
1853 5250 1994 5316 debeant
2024 5271 2159 5319 manere

1900 5353 1952 5407 36.
