4784 5970
189 366 253 432 523
995 360 1385 430 PRAELEO'PIONES
1938 365 1941 369 ’
2142 363 2209 429 524

189 555 322 641 pietatis
355 552 407 617 vel
443 552 605 617 amentiae
638 552 779 634 prolapsi
821 561 900 619 sunt
939 550 1168 635 superstitiosi,
1223 550 1392 617 viscantur
1414 571 1526 617 rerum
1548 551 1704 632 omnium,
1736 550 1792 617 ubi
1812 556 1999 637 sequuntur
2020 551 2097 617 vias
2120 570 2208 618 suaa

189 641 271 725 quin
293 659 421 720 semper
441 638 578 703 confessi
602 636 725 703 luerint
745 637 876 720 aliquod
892 658 963 705 esse
978 658 1167 720 supremum
1223 635 1390 719 Sequitur,

190 746 330 792 numen:
347 722 405 789 sed
418 724 514 788 simul
534 722 717 788 miscebant
732 722 810 789 deos
825 724 985 790 minores:
1003 724 1050 789 sic
1066 723 1168 787 etiam

190 810 320 877 Baalim
344 810 430 892 apud
454 809 525 873 illos
547 821 650 889 erant,
673 819 706 873 et
728 811 866 891 patroni,
890 821 927 875 ut
945 810 1091 893 papistue
1111 828 1168 875 vo·
1310 807 1363 871 24.
1386 807 1511 891 Onager
1527 805 1600 892 (sed
1614 807 1721 875 adhuc
1740 808 1860 875 retinet
1877 808 2058 877 femineum
2076 807 2204 893 genus),

190 906 267 963 cant
300 916 376 960 suos
409 894 509 973 divos,
546 896 624 977 quia
653 916 718 960 non
749 895 873 961 audent
901 897 971 960 suis
999 893 1168 978 figmentis
1220 893 1340 976 femina
1361 894 1460 977 igilur
1481 895 1594 977 occari
1614 900 1745 961 assumo
1765 894 1891 975 deserto,
1914 895 1948 960 ia
1965 895 2113 977 amabitur
2135 896 2205 958 arri

190 982 334 1047 tribuere
357 982 488 1045 nomina
507 978 651 1045 deorum.
689 981 778 1045 Talis
800 981 901 1066 igitur
923 980 986 1045 fuit
1003 980 1169 1046 cavillatio
1222 999 1292 1044 mae
1313 999 1390 1045 suae
1416 978 1491 1064 (hoo
1513 990 1573 1056 est,
1595 1001 1654 1063 pro
1679 979 1852 1061 desiderio,
1875 978 1930 1046 vel
1951 980 2111 1064 cupidine
2133 980 2203 1045 ani·

190 1066 277 1152 apud
300 1067 448 1131 Iudaeus.
493 1064 593 1145 Dicit,
625 1067 781 1147 &eomodo
803 1087 873 1150 erpo
895 1086 1025 1132 eecuscs
1051 1071 1080 1132 te
1108 1084 1169 1130 uorr
1223 1084 1296 1129 mae
1329 1063 1437 1149 suae),
1477 1064 1620 1148 edlipeus
1651 1070 1774 1132 matum
1810 1066 1982 1133 occasionis
2017 1085 2101 1135 suae
2136 1063 2203 1149 (vel

192 1154 369 1219 ambulasse
389 1157 463 1232 post
482 1151 640 1216 Baalim?
668 1153 747 1232 orde,
770 1153 886 1235 inquit,
907 1154 979 1218 cias
995 1157 1076 1230 tuas,
1099 1150 1170 1215 vide
1222 1168 1376 1216 occursus
1399 1149 1474 1233 sui),
1502 1152 1575 1232 quis
1596 1151 1669 1217 iude
1690 1152 1812 1218 reducet
1832 1152 1926 1226 eam?
1953 1151 2113 1234 Quisquis
2128 1171 2204 1233 pcr-

190 1240 269 1322 quid
289 1240 387 1320 aperis
408 1239 443 1301 iu
471 1237 559 1316 vade,
590 1243 618 1302 et
647 1258 788 1321 capacem
816 1239 942 1304 taudem
969 1238 1169 1321 quomodote
1222 1236 1365 1317 sequitur
1400 1255 1470 1301 eam
1505 1255 1569 1300 rrorr
1606 1236 1804 1321 fatigabitur,
1843 1239 1878 1304 ia
1910 1256 2014 1303 meum
2054 1256 2116 1304 suo
2155 1237 2203 1301 irr-

154 1346 158 1352 ’
188 1325 322 1409 pessem's
343 1324 547 1389 dromedarie
568 1324 662 1389 velox.
697 1324 781 1388 Nam
802 1324 959 1407 propheta
978 1342 1043 1387 non
1063 1322 1169 1405 potuit
1222 1322 1322 1386 veniet
1342 1341 1420 1387 cam.

191 1412 270 1476 satis
289 1412 472 1491 exprimere
492 1408 628 1474 luricsos
647 1409 720 1474 illos
739 1410 892 1492 impetus,
913 1411 967 1492 qui
986 1407 1169 1491 regnabant

190 1506 269 1561 tuno
287 1496 322 1558 in
340 1494 469 1577 populo,
490 1495 551 1558 nisi
570 1495 731 1559 conferret
749 1494 969 1560 dromedariis.
1002 1493 1167 1575 Quoniam
1309 1489 1415 1557 Sicuti
1438 1491 1568 1558 vocavit
1588 1491 1747 1559 Ieremias
1769 1492 1926 1577 populum
1948 1491 2202 1572 dromedarium,

190 1591 300 1646 autem
324 1579 386 1644 sub
408 1578 548 1644 femineo
567 1601 685 1662 genere
704 1580 882 1662 alloquitur
904 1581 1071 1663 populum,
1094 1576 1168 1643 ideo
1222 1576 1270 1641 ita
1292 1597 1379 1643 nuno
1400 1587 1496 1643 vocat
1529 1577 1659 1643 asinum
1682 1579 1895 1663 sylvestrem:
1928 1579 1989 1657 Tu,
2018 1578 2141 1662 inquit,
2169 1582 2203 1645 et

191 1668 289 1730 ctiam
312 1667 404 1748 ponit
431 1664 670 1730 dromedarium
700 1665 867 1731 feminam.
913 1666 1034 1731 Vocari
1057 1675 1168 1730 autem
1223 1661 1426 1727 dromedarie
1448 1683 1498 1746 es,
1528 1670 1562 1727 et
1590 1665 1683 1729 asina
1711 1664 1893 1749 sylvestris.
1937 1664 2024 1730 Nam
2056 1663 2085 1729 si
2108 1664 2203 1731 asina

192 1752 334 1816 velocem
370 1771 434 1815 non
470 1759 596 1814 tantum
636 1761 768 1834 propter
808 1754 1010 1818 celeritatem
1053 1770 1168 1817 cursus
1221 1747 1394 1828 sylvestris
1427 1747 1595 1833 collegerit
1632 1754 1757 1815 reatum
1786 1771 1849 1833 pro
1883 1749 2039 1817 &sidric
2077 1751 2202 1817 animae

191 1837 407 1919 interpretor,
458 1835 514 1900 sed
555 1849 687 1918 propter
727 1838 942 1920 impetuosam
988 1835 1168 1914 libidinem,
1221 1853 1307 1916 suae,
1337 1833 1399 1898 huc
1421 1844 1479 1911 est,
1506 1835 1534 1900 si
1557 1835 1653 1917 pleno
1675 1834 1826 1901 anhelitu
1846 1835 2056 1919 appetiverit,
2080 1844 2115 1900 et
2136 1835 2201 1903 col·

192 1921 464 2004 quemadmodum
489 1932 598 2002 postea
622 1922 813 1988 videbimus.
858 1923 924 1989 Hie
945 1934 1055 1988 autem
1079 1922 1168 1987 locus
1221 1918 1340 2002 legerit
1369 1927 1504 1984 ventum
1537 1920 1714 1986 occasionis
1746 1940 1842 2001 snae,
1876 1919 1929 1987 vcl
1957 1939 2117 1987 occursus
2151 1922 2201 1986 sui

192 2007 292 2083 docet,
316 2007 362 2069 ita
383 2005 573 2072 obduruisse
596 2007 751 2089 populum
775 2007 878 2089 illum,
901 2018 937 2074 ut
959 2007 1169 2090 impudenter
1223 2005 1350 2070 fortuiti
1382 2002 1472 2089 (nam
1502 2004 1606 2071 voluit
1639 2005 1701 2071 hac
1729 2027 1808 2073 vcoe
1836 2005 2040 2089 exprimere,
2076 2004 2201 2071 nullam

192 2092 365 2174 repelleret
403 2112 515 2156 omnes
555 2091 797 2176 obiurgationes
831 2094 1048 2177 propheticas.
1105 2091 1170 2155 Im·
1221 2110 1292 2155 esse
1316 2089 1525 2169 electionem,
1555 2091 1609 2156 vel
1631 2091 1760 2157 nullum
1783 2090 1957 2173 iudicium,
1986 2091 2042 2156 vel
2066 2092 2201 2159 modum

191 2179 295 2260 pietas
317 2178 424 2259 palam
449 2185 527 2242 nota
549 2182 636 2241 erat:
668 2187 701 2243 et
721 2185 831 2243 tamen
855 2178 1018 2245 audebant
1039 2197 1169 2260 semper
1222 2175 1258 2239 in
1279 2173 1391 2241 bestiis
1414 2174 1502 2260 illis),
1527 2175 1582 2241 ubi
1603 2198 1681 2261 ergo
1702 2176 1854 2261 collegerit
1873 2182 1999 2243 omaus
2019 2196 2201 2261 quocunque

191 2264 331 2328 obiicere
353 2284 429 2328 suos
451 2274 651 2345 praetextus,
680 2265 773 2345 quasi
792 2265 958 2329 immerito
986 2265 1075 2346 ipsos
1093 2282 1168 2346 pro·
1219 2259 1293 2325 tulit
1318 2260 1468 2342 fortuitus
1495 2267 1628 2342 eventus,
1659 2282 1747 2329 aereo
1770 2263 1885 2346 poterit
1913 2283 1982 2328 cam
2010 2282 2200 2329 revocares

193 2350 312 2431 phetae
337 2348 541 2412 damnarent.
587 2349 656 2412 Nec
685 2349 803 2413 mirum
833 2362 882 2414 est
912 2353 1040 2414 tantam
1069 2349 1170 2414 inisse
1221 2346 1352 2411 vialardo
1381 2346 1514 2428 impetu:
1541 2352 1569 2412 et
1596 2349 1652 2430 qui
1680 2369 1749 2414 eam
1774 2352 1987 2431 perscqudur,
2014 2348 2145 2430 frustra
2170 2366 2201 2413 sc

193 2435 430 2499 contumaciam
454 2434 488 2497 in
512 2434 614 2497 veteri
637 2433 695 2498 illo
717 2434 846 2517 populo,
870 2456 970 2518 quum
993 2433 1090 2499 hodie
1113 2455 1168 2516 pa·
1220 2432 1385 2515 idiceret,
1418 2432 1511 2498 douae
1543 2434 1681 2514 reperiat
1711 2454 1781 2500 eam
1813 2435 1848 2500 ia
1880 2452 1984 2499 amose
2014 2452 2087 2498 auo.
2139 2433 2200 2499 His

191 2522 297 2601 pistae
321 2539 385 2583 non
409 2520 517 2582 minus
541 2520 754 2601 pervicaciter
776 2520 931 2585 resistant
952 2520 1060 2586 clarae
1082 2520 1168 2584 veri·
1223 2516 1330 2581 verbis
1362 2517 1525 2601 significat
1555 2519 1718 2601 propheta
1750 2519 1944 2587 indomitum
1978 2538 2053 2585 ease
2090 2518 2199 2602 populi

193 2606 262 2669 tati.
306 2604 392 2668 Nam
416 2604 477 2668 etsi
500 2614 636 2686 apparet
665 2624 761 2687 quam
793 2627 903 2672 crassa
932 2607 975 2671 sit
1001 2614 1035 2668 et
1064 2606 1169 2688 turpis
1221 2602 1382 2680 tururem,
1416 2624 1477 2669 neo
1498 2618 1605 2686 'posse
1639 2604 1714 2670 ullis
1747 2604 1851 2671 modis
1885 2604 2048 2671 cohiberi:
2086 2624 2198 2687 quem·

192 2708 305 2754 eorum
329 2689 520 2764 idololatria,
545 2704 652 2753 tamen
677 2699 847 2772 putantes
865 2691 992 2775 elapsos
1009 2711 1079 2756 esse
1102 2711 1168 2755 uno
1222 2686 1400 2753 admodum
1427 2689 1519 2754 asina
1544 2689 1716 2774 sylvestris
1738 2710 1802 2755 non
1825 2697 1933 2774 potest
1954 2690 2115 2766 cicurari,
2145 2711 2199 2755 no·

192 2775 337 2853 verbulo,
366 2796 465 2857 quum
497 2774 611 2838 dicunt
638 2785 763 2842 statuas
785 2788 818 2841 et
840 2778 985 2859 picturas
1009 2797 1074 2841 non
1098 2796 1169 2840 ease
1222 2793 1285 2855 que
1308 2794 1430 2839 exuere
1452 2795 1546 2840 suam
1570 2775 1742 2854 feritatem,
1772 2776 1964 2858 praesertim
1986 2773 2046 2841 ubi
2067 2775 2199 2861 collegit

192 2861 294 2925 idola:
313 2860 610 2943 populumquidem
627 2862 1043 2928 israeliticnmdamnatum
1058 2862 1168 2939 faiam,
1222 2868 1369 2923 ventum.
1424 2859 1511 2924 Nam
1548 2861 1575 2926 si
1608 2870 1695 2927 esset
1733 2860 1875 2940 inclusa,
1916 2860 2025 2927 adhuc
2065 2870 2199 2943 possent

192 2947 276 3028 quod
306 2945 367 3009 sibi
399 2952 524 3010 statuas
558 2947 778 3011 lubricaverit:
811 2947 868 3011 sed
902 2948 963 3013 hoo
997 2946 1068 3014 ideo
1098 2968 1169 3013 esse
1221 2945 1367 3009 claustra
1397 2943 1520 3027 aliquid
1544 2946 1662 3026 valere,
1691 2955 1817 3011 utnon
1842 2948 2096 3030 itaimpetuose
2125 2966 2198 3011 rue·

192 3033 333 3106 factum,
367 3031 450 3110 quod
486 3050 668 3113 propensus
702 3042 788 3097 esset
821 3034 860 3097 ad
895 3034 1168 3117 superstitionem.
1223 3039 1288 3094 ret:
1312 3050 1432 3094 verum
1450 3030 1478 3096 si
1496 3031 1589 3096 asina
1607 3033 1779 3116 sylvestris
1802 3031 1920 3098 habeat
1941 3050 2077 3097 cursum
2100 3050 2196 3097 sunm

192 3117 246 3179 Ita
268 3115 384 3178 deinde
406 3116 577 3178 clamitant
599 3126 713 3181 contra
736 3138 805 3195 nos,
836 3127 870 3182 et
893 3118 1007 3183 dicunt
1029 3138 1089 3184 nos
1111 3118 1170 3182 im·
1221 3115 1362 3181 liberum
1384 3136 1442 3198 par
1463 3128 1591 3183 montes
1613 3128 1646 3181 at
1667 3118 1790 3201 sylvas,
1818 3116 1874 3182 ubi
1896 3116 2028 3201 collegit
2052 3131 2197 3195 ventum,

192 3202 246 3283 pie
269 3199 463 3263 calumniari
484 3199 590 3264 cultus
619 3201 701 3277 illos,
730 3203 785 3284 qni
815 3202 901 3285 apud
932 3205 1018 3285 ipsos
1048 3206 1169 3286 recepti
1223 3212 1256 3264 et
1278 3199 1408 3285 collegit
1430 3222 1489 3284 pro
1511 3201 1672 3267 desiderio
1695 3203 1825 3268 animae
1847 3221 1934 3285 suaa
1965 3201 2029 3267 hoe
2052 3210 2114 3284 est,
2145 3203 2198 3268 ubi

192 3294 280 3350 sunt.
317 3283 484 3367 Videmus,
509 3293 540 3347 ct
556 3288 649 3368 pueri
668 3288 767 3351 etiam
782 3287 980 3371 intelligunt,
1004 3292 1041 3352 ut
1062 3290 1096 3351 in
1112 3309 1169 3371 pa·
1222 3287 1343 3367 poterit
1366 3289 1479 3368 vagari
1508 3287 1573 3353 huc
1594 3300 1627 3352 et
1649 3286 1735 3368 illuc,
1767 3300 1800 3352 ot
1822 3287 1950 3352 nullum
1973 3295 2024 3352 est
2048 3287 2197 3354 obstacu-

195 3381 272 3454 patu
296 3369 421 3434 nullum
446 3391 550 3453 genus
580 3372 820 3455 superstitionis
843 3393 910 3437 non
931 3382 1112 3455 grassetur:
1136 3380 1169 3437 et
1223 3372 1306 3449 lum,
1340 3371 1419 3453 quin
1449 3371 1612 3438 discurrat
1640 3374 1673 3437 in
1704 3394 1815 3438 omnes
1849 3383 1975 3455 partes:
2008 3372 2068 3439 ubi
2098 3372 2198 3457 igitur

192 3468 304 3521 tamen
326 3455 446 3519 volunt
468 3456 571 3520 videri
595 3478 666 3522 esse
689 3459 851 3523 immunes
869 3467 901 3523 et
918 3460 993 3543 puri
1016 3457 1057 3524 ab
1079 3460 1169 3524 omni
1223 3465 1316 3521 tanta
1337 3465 1387 3521 est
1409 3456 1542 3523 libertas
1565 3460 1724 3541 permissa
1746 3458 1825 3524 ieris
1848 3459 1968 3536 baetim,
2000 3466 2040 3522 ut
2061 3470 2197 3525 ventum

192 3543 298 3625 culpa.
344 3541 436 3605 Idem
459 3544 556 3606 etiam
580 3543 701 3609 factum
726 3543 803 3608 olim
831 3544 901 3610 init
946 3544 992 3609 Et
1013 3545 1168 3628 quoniam
1222 3541 1386 3626 colligant,
1412 3552 1444 3606 et
1467 3553 1602 3608 ventum
1624 3545 1801 3609 occasionis
1830 3541 1982 3628 (vocatur
2004 3554 2127 3609 ventus
2150 3563 2198 3609 oc·

192 3629 346 3693 manebat
368 3628 535 3709 templum,
566 3637 599 3691 et
621 3629 688 3694 illic
718 3629 855 3714 populns
884 3630 1041 3697 offerebat
1069 3631 1168 3697 saeri-
1221 3628 1363 3694 cesionis
1396 3627 1521 3693 fortuiti
1553 3628 1705 3714 eventus)
1746 3630 1839 3712 quasi
1872 3627 1996 3696 diceret
2027 3628 2198 3711 propheta,

192 3715 276 3793 ficia,
310 3721 343 3777 et
374 3713 529 3777 manebat
562 3714 672 3795 aliqua
705 3716 829 3798 species
861 3717 1005 3800 pietatis,
1043 3717 1169 3799 quoties
1223 3713 1347 3778 nullam
1378 3734 1449 3779 asso
1475 3715 1634 3780 rationem
1664 3716 1697 3780 in
1727 3714 1806 3781 ieris
1834 3713 1901 3780 illis
1930 3713 2059 3793 bestiis,
2093 3734 2199 3796 neque

192 3799 371 3881 prophetae
387 3799 607 3881 coarguebant
626 3802 743 3881 impias
763 3800 975 3884 corruptelas,
993 3823 1077 3884 quae
1095 3823 1168 3884 per·
1223 3800 1320 3864 etiam
1349 3798 1409 3864 sibi
1442 3808 1587 3866 statuere
1621 3800 1725 3865 ullum
1757 3800 1901 3866 modum.
1945 3798 1985 3867 Si
2013 3800 2088 3882 quis
2112 3801 2198 3866 viam

192 3886 316 3950 mixtae
338 3889 442 3962 erant,
466 3893 499 3948 et
521 3904 605 3965 quae
623 3885 784 3950 vit-labant
804 3908 923 3968 purum
945 3885 1009 3951 Dei
1032 3887 1167 3971 cultum,
1221 3883 1440 3969 ingrediatur,
1470 3887 1613 3968 inquirat
1641 3893 1801 3969 quantum
1830 3885 1959 3951 itineris
1988 3885 2095 3967 possit
2124 3905 2197 3950 con·

193 3979 342 4034 sterant
364 3970 459 4051 quasi
483 3969 652 4047 adulteria,
680 3970 954 4051 quemadmodum
978 3972 1098 4053 passim
1121 3972 1167 4036 lo·
1223 3972 1319 4036 ficere
1342 3969 1393 4034 die
1412 3991 1486 4051 uno,
1508 3979 1542 4037 et
1559 3973 1592 4036 lu
1619 3970 1662 4035 'et
1683 3970 1922 4050 lassitudinem,
1943 3988 1983 4036 ac
2004 3970 2198 4052 praeveniet

194 4063 357 4136 quantur:
402 4054 514 4134 Quid?
558 4055 681 4119 Annon
716 4056 852 4122 colimus
890 4056 1023 4123 Deum?
1071 4057 1168 4124 Hanc
1221 4064 1380 4138 quantum
1413 4058 1549 4139 poterit:
1612 4055 1707 4122 einde
1743 4070 1913 4139 postquam
1949 4057 2199 4139 praescripserit

193 4141 293 4223 igitur
316 4141 550 4205 contumaciam
574 4163 660 4206 nunc
683 4141 843 4224 propheta
871 4142 998 4221 relellit,
1028 4161 1066 4206 ac
1092 4143 1168 4209 sub·
1221 4141 1283 4207 sibi
1315 4161 1503 4208 mensuram
1538 4142 1682 4222 itineris,
1737 4151 1848 4208 uaerat
1879 4140 2082 4225 hospitiumr
2122 4150 2198 4205 tuno

192 4226 275 4302 iicit,
320 4224 475 4304 Quomodo
497 4227 593 4292 audes
621 4227 739 4309 drure,
768 4247 830 4292 nou
861 4247 931 4292 sum
958 4228 1107 4308 polluto?
1141 4234 1169 4294 et
1222 4227 1319 4291 etiam
1343 4225 1383 4290 de
1405 4235 1495 4292 recta
1517 4228 1573 4292 via
1594 4163 1822 4294 sciscitaqbitur.
1863 4226 1958 4293 Alius
1979 4237 2033 4292 eat
2054 4226 2198 4311 impetus

192 4331 254 4376 rrorr
283 4309 441 4374 ambulavi
466 4317 539 4390 post
567 4311 725 4376 Baalim?
762 4313 857 4376 sicuti
891 4312 987 4377 hodia
1020 4315 1168 4395 papistae
1222 4312 1256 4375 in
1279 4311 1357 4376 feris
1379 4311 1502 4378 bestiis.
1546 4313 1632 4380 Nam
1655 4313 1711 4378 ubi
1733 4314 1929 4397 inceperunt
1949 4330 2098 4393 currere,
2134 4330 2197 4375 non

193 4395 315 4473 dicunt,
338 4397 393 4459 An
417 4416 483 4459 non
507 4397 668 4462 credimus
692 4398 723 4461 in
743 4418 846 4462 unum
865 4398 999 4462 Deum?
1029 4398 1084 4462 An
1107 4401 1168 4465 fin·
1221 4407 1302 4461 eunt
1319 4397 1371 4462 vel
1389 4397 1602 4480 Lugdunum,
1625 4399 1676 4464 vel
1696 4399 1919 4476 Lausannam,
1940 4395 2000 4462 aed
2022 4398 2199 4479 proiiciunt

193 4483 301 4564 gimrm
332 4480 477 4545 diversos
511 4481 608 4546 deos?
643 4484 731 4565 atqui
764 4482 906 4566 spoliant
935 4482 1043 4548 Deum
1078 4485 1167 4548 omni
1221 4501 1257 4546 se
1282 4501 1377 4547 caeco
1407 4483 1525 4548 furore.
1569 4483 1710 4564 Deinde,
1743 4485 1842 4548 etiam
1873 4482 1901 4548 si
1931 4481 2089 4567 fatigatae
2122 4484 2197 4559 sinc,

192 4567 326 4644 virtute,
350 4575 382 4630 et
403 4567 548 4630 lacerant
571 4590 644 4631 eum
668 4569 701 4631 in
725 4568 815 4632 mille
837 4569 950 4633 frusta.
988 4569 1034 4633 Et
1056 4577 1166 4634 tamen
1221 4587 1288 4632 uon
1317 4565 1472 4632 desinunt
1505 4579 1615 4634 tamen
1648 4589 1784 4653 pergere
1806 4569 1840 4633 in
1862 4587 1962 4633 cursu
1982 4588 2064 4634 suo:
2097 4565 2198 4634 libido

193 4653 377 4716 meretricio
399 4671 458 4715 suo
480 4672 535 4716 ore
557 4657 590 4716 ct
618 4655 725 4717 lronte
747 4652 853 4718 ferrea
883 4653 975 4717 nubis
1002 4653 1168 4720 obiectant
1220 4652 1309 4716 enim
1328 4671 1382 4717 aas
1400 4655 1495 4735 rapit.
1523 4654 1621 4721 Nune
1639 4665 1789 4719 tenemus
1810 4652 1983 4719 consilium
2004 4672 2065 4735 pro
2089 4653 2195 4719 betae.

192 4756 228 4801 se
250 4757 353 4800 unum
375 4736 485 4800 Deum
507 4739 620 4801 colere.
656 4738 708 4803 Sic
730 4759 807 4822 ergo
826 4739 921 4803 etiam
942 4738 1064 4804 Iudaei.
1100 4739 1167 4805 Sed
1220 4736 1292 4802 Iam
1326 4738 1472 4818 subiicit,
1508 4740 1589 4820 Quis
1619 4739 1774 4806 revocabit
1804 4738 1900 4803 eam?
1934 4738 2030 4820 quasi
2064 4674 2196 4813 diceret.

193 4820 352 4904 propheta
389 4821 442 4888 hic
475 4823 625 4906 coarguit
661 4823 811 4889 stolidam
849 4823 940 4888 illam
978 4826 1167 4905 vanitatem,
1221 4822 1377 4905 populum
1402 4843 1466 4887 non
1490 4843 1583 4907 posse
1605 4826 1750 4906 retineri,
1776 4824 1828 4890 vel
1851 4822 1963 4890 reduci
1985 4822 2027 4889 ad
2051 4824 2197 4908 aliquam

200 4907 289 4986 Vide,
318 4907 436 4990 inquit,
467 4908 538 4972 vius
569 4913 641 4973 tuas
676 4911 711 4972 e'rr
741 4910 836 4975 calu:
867 4910 936 4973 ride
964 4910 1041 4991 quid
1068 4912 1167 4993 eperia
1220 4908 1495 4986 mediocritatem,
1537 4912 1613 4993 qnia
1650 4911 1773 4975 seilicet
1808 4917 1947 4992 occupat
1977 4929 2096 4975 omues
2129 4912 2198 4975 eius

191 4997 227 5056 tu
247 4993 447 5059 dromedarie
468 4993 562 5058 velam
602 4993 765 5073 Quoniam
787 4995 968 5059 rationibus
988 4994 1076 5059 vinci
1100 5015 1166 5059 non
1220 5014 1336 5057 sensns
1359 4994 1414 5057 illa
1436 4994 1559 5074 feritas,
1589 4997 1656 5060 imo
1678 4997 1783 5077 potius
1805 4995 1956 5059 amentia.
2001 4994 2127 5060 Postea
2148 5015 2198 5059 se·

193 5086 354 5161 poterant,
378 5087 468 5144 tanta
491 5090 562 5143 erat
590 5079 720 5144 illorum
752 5081 948 5161 pervicacia:
978 5079 1051 5144 idco
1079 5100 1165 5145 eom·
1219 5079 1342 5160 quitur,
1366 5079 1441 5143 Nora
1462 5085 1507 5144 est
1528 5081 1612 5163 quod
1632 5083 1801 5162 quisquam
1822 5100 1855 5144 se
1874 5080 1992 5164 fatiga,
2022 5082 2198 5162 reperietur

191 5172 287 5244 parat
310 5185 364 5230 eos
386 5165 465 5230 ieris
487 5165 608 5243 bestiis,
636 5165 706 5229 Vos
729 5165 817 5246 estis,
850 5167 963 5248 inquit,
995 5166 1087 5248 quasi
1117 5166 1164 5230 la·
1219 5165 1342 5228 taudem
1376 5165 1410 5228 iu
1441 5185 1544 5230 ruerrse
1574 5184 1642 5230 suo.
1694 5167 1915 5233 Consentiunt
1947 5184 2063 5231 omncs
2096 5168 2198 5232 inler-

193 5249 300 5315 scivaa
324 5249 555 5329 dromedariae,
586 5269 667 5333 quas
689 5250 777 5333 rapit
798 5270 858 5315 sna
880 5250 989 5334 libido,
1009 5260 1056 5335 unt
1084 5251 1162 5316 obli·
1217 5260 1328 5333 pretes
1349 5250 1401 5315 hic
1420 5270 1565 5314 mensem
1584 5250 1685 5334 accipi
1703 5273 1763 5335 pro
1782 5261 1929 5336 tempore
1945 5252 2057 5333 partui
2074 5253 2197 5319 vicino:
