<?xml version="1.0" encoding="UTF-8"?>
<!DOCTYPE html PUBLIC "-//W3C//DTD XHTML 1.0 Transitional//EN"
    "http://www.w3.org/TR/xhtml1/DTD/xhtml1-transitional.dtd">
<html xmlns="http://www.w3.org/1999/xhtml" xml:lang="en" lang="en">
 <head>
  <title>
</title>
<meta http-equiv="Content-Type" content="text/html;charset=utf-8" />
  <meta name='ocr-system' content='tesseract 3.04.00' />
  <meta name='ocr-capabilities' content='ocr_page ocr_carea ocr_par ocr_line ocrx_word'/>
</head>
<body>
  <div class='ocr_page' id='page_1' title='image "./corpusreformato04melagoog_0070.png"; bbox 0 0 4784 5970; ppageno 0'>
   <div class='ocr_carea' id='block_1_1' title="bbox 112 372 2105 440">
    <p class='ocr_par' dir='ltr' id='par_1_1' title="bbox 112 372 2105 440">
     <span class='ocr_line' id='line_1_1' title="bbox 112 372 2105 440; baseline 0.002 -3"><span class='ocrx_word' id='word_1_1' title='bbox 112 372 174 439; x_wconf 88' lang='grc'>109</span> <span class='ocrx_word' id='word_1_2' title='bbox 954 372 1104 439; x_wconf 77' lang='lat' dir='ltr'><strong>CAPUT</strong></span> <span class='ocrx_word' id='word_1_3' title='bbox 1127 372 1255 439; x_wconf 86' lang='lat' dir='ltr'>XLIV.</span> <span class='ocrx_word' id='word_1_4' title='bbox 2044 376 2105 440; x_wconf 86' lang='grc'>111)</span> 
     </span>
    </p>
   </div>
   <div class='ocr_carea' id='block_1_2' title="bbox 110 560 2104 1416">
    <p class='ocr_par' dir='ltr' id='par_1_2' title="bbox 110 560 2104 1416">
     <span class='ocr_line' id='line_1_2' title="bbox 197 560 2104 650; baseline 0.001 -23"><span class='ocrx_word' id='word_1_5' title='bbox 197 565 226 629; x_wconf 88' lang='lat'>6.</span> <span class='ocrx_word' id='word_1_6' title='bbox 250 561 317 650; x_wconf 83' lang='lat' dir='ltr'><strong>(Sic</strong></span> <span class='ocrx_word' id='word_1_7' title='bbox 337 563 412 628; x_wconf 80' lang='lat' dir='ltr'><strong>dicit</strong></span> <span class='ocrx_word' id='word_1_8' title='bbox 433 562 572 646; x_wconf 84' lang='grc'>181888.)</span> <span class='ocrx_word' id='word_1_9' title='bbox 603 562 700 627; x_wconf 89' lang='lat' dir='ltr'><strong>Nunc</strong></span> <span class='ocrx_word' id='word_1_10' title='bbox 719 561 877 645; x_wconf 91' lang='lat' dir='ltr'><strong>propheta</strong></span> <span class='ocrx_word' id='word_1_11' title='bbox 895 560 976 626; x_wconf 87' lang='lat' dir='ltr'><strong>nihil</strong></span> <span class='ocrx_word' id='word_1_12' title='bbox 994 560 1083 625; x_wconf 89' lang='lat' dir='ltr'><strong>aliud</strong></span> <span class='ocrx_word' id='word_1_13' title='bbox 1134 560 1295 640; x_wconf 90' lang='lat' dir='ltr'><strong>discutiat,</strong></span> <span class='ocrx_word' id='word_1_14' title='bbox 1324 562 1450 646; x_wconf 84' lang='lat' dir='ltr'><strong>fulgere</strong></span> <span class='ocrx_word' id='word_1_15' title='bbox 1473 576 1582 627; x_wconf 89' lang='lat' dir='ltr'><strong>tamen</strong></span> <span class='ocrx_word' id='word_1_16' title='bbox 1606 563 1730 627; x_wconf 88' lang='lat' dir='ltr'><strong>interea</strong></span> <span class='ocrx_word' id='word_1_17' title='bbox 1758 575 1863 629; x_wconf 90' lang='lat' dir='ltr'><strong>certas</strong></span> <span class='ocrx_word' id='word_1_18' title='bbox 1893 564 2017 648; x_wconf 88' lang='lat' dir='ltr'><strong>gloriae</strong></span> <span class='ocrx_word' id='word_1_19' title='bbox 2039 565 2104 629; x_wconf 91' lang='lat' dir='ltr'>Dei</span> 
     </span>
     <span class='ocr_line' id='line_1_3' title="bbox 111 647 2102 733; baseline 0.001 -20"><span class='ocrx_word' id='word_1_20' title='bbox 111 651 180 733; x_wconf 88' lang='lat' dir='ltr'><strong>agit</strong></span> <span class='ocrx_word' id='word_1_21' title='bbox 197 670 294 732; x_wconf 89' lang='lat' dir='ltr'><strong>quam</strong></span> <span class='ocrx_word' id='word_1_22' title='bbox 313 659 349 714; x_wconf 93' lang='lat' dir='ltr'>ut</span> <span class='ocrx_word' id='word_1_23' title='bbox 367 651 567 732; x_wconf 90' lang='lat' dir='ltr'><strong>superiorem</strong></span> <span class='ocrx_word' id='word_1_24' title='bbox 586 649 764 714; x_wconf 87' lang='lat' dir='ltr'><strong>doctrinam</strong></span> <span class='ocrx_word' id='word_1_25' title='bbox 783 649 963 730; x_wconf 88' lang='lat' dir='ltr'><strong>confirmet,</strong></span> <span class='ocrx_word' id='word_1_26' title='bbox 986 647 1081 711; x_wconf 90' lang='lat' dir='ltr'><strong>sicuti</strong></span> <span class='ocrx_word' id='word_1_27' title='bbox 1134 656 1225 713; x_wconf 90' lang='lat' dir='ltr'><strong>notas</strong></span> <span class='ocrx_word' id='word_1_28' title='bbox 1248 657 1281 712; x_wconf 91' lang='lat' dir='ltr'>et</span> <span class='ocrx_word' id='word_1_29' title='bbox 1299 648 1440 731; x_wconf 90' lang='lat' dir='ltr'><strong>iusignia</strong></span> <span class='ocrx_word' id='word_1_30' title='bbox 1461 648 1611 727; x_wconf 79' lang='lat' dir='ltr'><strong>ostendit,</strong></span> <span class='ocrx_word' id='word_1_31' title='bbox 1635 670 1717 731; x_wconf 92' lang='lat' dir='ltr'><strong>quae</strong></span> <span class='ocrx_word' id='word_1_32' title='bbox 1739 651 1847 733; x_wconf 90' lang='lat' dir='ltr'><strong>ipsum</strong></span> <span class='ocrx_word' id='word_1_33' title='bbox 1865 651 1905 715; x_wconf 93' lang='grc'>81</span> <span class='ocrx_word' id='word_1_34' title='bbox 1923 650 2017 715; x_wconf 90' lang='grc'>118118</span> <span class='ocrx_word' id='word_1_35' title='bbox 2038 651 2102 715; x_wconf 88' lang='grc'>118·</span> 
     </span>
     <span class='ocr_line' id='line_1_4' title="bbox 111 733 2104 818; baseline 0.001 -19"><span class='ocrx_word' id='word_1_36' title='bbox 111 735 287 800; x_wconf 81' lang='lat' dir='ltr'><strong>admodum</strong></span> <span class='ocrx_word' id='word_1_37' title='bbox 309 756 438 800; x_wconf 88' lang='lat' dir='ltr'><strong>necesse</strong></span> <span class='ocrx_word' id='word_1_38' title='bbox 460 746 538 800; x_wconf 90' lang='lat' dir='ltr'><strong>erat.</strong></span> <span class='ocrx_word' id='word_1_39' title='bbox 577 734 743 813; x_wconf 80' lang='lat' dir='ltr'><strong>Quoniam</strong></span> <span class='ocrx_word' id='word_1_40' title='bbox 765 733 1082 813; x_wconf 88' lang='grc'>818881888811888</span> <span class='ocrx_word' id='word_1_41' title='bbox 1134 742 1290 796; x_wconf 88' lang='lat' dir='ltr'><strong>cernant:</strong></span> <span class='ocrx_word' id='word_1_42' title='bbox 1334 755 1450 816; x_wconf 89' lang='lat' dir='ltr'><strong>nempe</strong></span> <span class='ocrx_word' id='word_1_43' title='bbox 1490 734 1568 816; x_wconf 90' lang='lat' dir='ltr'><strong>quia</strong></span> <span class='ocrx_word' id='word_1_44' title='bbox 1604 737 1639 798; x_wconf 94' lang='grc'>18</span> <span class='ocrx_word' id='word_1_45' title='bbox 1674 743 1818 817; x_wconf 88' lang='grc'>18188888</span> <span class='ocrx_word' id='word_1_46' title='bbox 1851 735 1958 818; x_wconf 90' lang='grc'>881881</span> <span class='ocrx_word' id='word_1_47' title='bbox 1991 737 2104 800; x_wconf 89' lang='grc'>1888811</span> 
     </span>
     <span class='ocr_line' id='line_1_5' title="bbox 112 818 2103 904; baseline 0.001 -19"><span class='ocrx_word' id='word_1_48' title='bbox 112 822 153 885; x_wconf 89' lang='grc'>81</span> <span class='ocrx_word' id='word_1_49' title='bbox 177 821 389 886; x_wconf 87' lang='lat' dir='ltr'><strong>diffidentiam</strong></span> <span class='ocrx_word' id='word_1_50' title='bbox 412 821 513 885; x_wconf 90' lang='grc'>881181</span> <span class='ocrx_word' id='word_1_51' title='bbox 535 821 704 885; x_wconf 91' lang='lat' dir='ltr'><strong>hominum</strong></span> <span class='ocrx_word' id='word_1_52' title='bbox 734 820 828 884; x_wconf 91' lang='lat' dir='ltr'><strong>rebus</strong></span> <span class='ocrx_word' id='word_1_53' title='bbox 858 818 1004 883; x_wconf 87' lang='lat' dir='ltr'><strong>adversis</strong></span> <span class='ocrx_word' id='word_1_54' title='bbox 1033 818 1081 881; x_wconf 84' lang='grc'>18·</span> <span class='ocrx_word' id='word_1_55' title='bbox 1133 818 1288 899; x_wconf 90' lang='grc'>88118811</span> <span class='ocrx_word' id='word_1_56' title='bbox 1309 820 1455 883; x_wconf 89' lang='lat' dir='ltr'><strong>futurum</strong></span> <span class='ocrx_word' id='word_1_57' title='bbox 1478 831 1557 897; x_wconf 90' lang='lat' dir='ltr'><strong>erat,</strong></span> <span class='ocrx_word' id='word_1_58' title='bbox 1585 830 1621 884; x_wconf 93' lang='lat' dir='ltr'>ut</span> <span class='ocrx_word' id='word_1_59' title='bbox 1649 820 1684 883; x_wconf 92' lang='grc'>18</span> <span class='ocrx_word' id='word_1_60' title='bbox 1706 820 1846 904; x_wconf 88' lang='lat' dir='ltr'><strong>flagellis</strong></span> <span class='ocrx_word' id='word_1_61' title='bbox 1875 823 1997 886; x_wconf 87' lang='lat' dir='ltr'><strong>iustum</strong></span> <span class='ocrx_word' id='word_1_62' title='bbox 2019 821 2103 886; x_wconf 93' lang='lat' dir='ltr'><strong>iudi·</strong></span> 
     </span>
     <span class='ocr_line' id='line_1_6' title="bbox 110 903 2104 987; baseline 0.001 -16"><span class='ocrx_word' id='word_1_63' title='bbox 110 906 171 971; x_wconf 91' lang='lat' dir='ltr'><strong>cile</strong></span> <span class='ocrx_word' id='word_1_64' title='bbox 200 907 410 972; x_wconf 89' lang='lat' dir='ltr'><strong>deiiciontur:</strong></span> <span class='ocrx_word' id='word_1_65' title='bbox 445 928 505 971; x_wconf 92' lang='lat' dir='ltr'>nec</span> <span class='ocrx_word' id='word_1_66' title='bbox 538 926 603 969; x_wconf 90' lang='lat' dir='ltr'>una</span> <span class='ocrx_word' id='word_1_67' title='bbox 635 916 693 969; x_wconf 89' lang='lat' dir='ltr'>aut</span> <span class='ocrx_word' id='word_1_68' title='bbox 723 905 827 969; x_wconf 90' lang='lat' dir='ltr'><strong>altera</strong></span> <span class='ocrx_word' id='word_1_69' title='bbox 856 904 1082 969; x_wconf 80' lang='lat' dir='ltr'><strong>exhortatione</strong></span> <span class='ocrx_word' id='word_1_70' title='bbox 1133 924 1203 967; x_wconf 91' lang='lat' dir='ltr'>cem</span> <span class='ocrx_word' id='word_1_71' title='bbox 1236 918 1447 987; x_wconf 74' lang='lat' dir='ltr'><strong>agnoscerent</strong></span> <span class='ocrx_word' id='word_1_72' title='bbox 1480 903 1604 985; x_wconf 87' lang='lat' dir='ltr'><strong>Iudaei,</strong></span> <span class='ocrx_word' id='word_1_73' title='bbox 1628 916 1662 970; x_wconf 93' lang='grc'>81</span> <span class='ocrx_word' id='word_1_74' title='bbox 1694 916 1804 971; x_wconf 89' lang='grc'>181888</span> <span class='ocrx_word' id='word_1_75' title='bbox 1836 907 2033 971; x_wconf 81' lang='lat' dir='ltr'><strong>exorabilem</strong></span> <span class='ocrx_word' id='word_1_76' title='bbox 2067 927 2104 972; x_wconf 90' lang='lat' dir='ltr'>ao</span> 
     </span>
     <span class='ocr_line' id='line_1_7' title="bbox 111 990 2103 1076; baseline 0 -19"><span class='ocrx_word' id='word_1_77' title='bbox 111 994 192 1076; x_wconf 87' lang='lat' dir='ltr'><strong>erigi</strong></span> <span class='ocrx_word' id='word_1_78' title='bbox 210 1002 359 1075; x_wconf 89' lang='grc'>8888881.</span> <span class='ocrx_word' id='word_1_79' title='bbox 394 990 548 1057; x_wconf 83' lang='lat' dir='ltr'><strong>Pluribus</strong></span> <span class='ocrx_word' id='word_1_80' title='bbox 565 992 666 1074; x_wconf 89' lang='lat' dir='ltr'><strong>igitur</strong></span> <span class='ocrx_word' id='word_1_81' title='bbox 685 991 746 1056; x_wconf 92' lang='lat' dir='ltr'><strong>hoc</strong></span> <span class='ocrx_word' id='word_1_82' title='bbox 763 991 949 1056; x_wconf 88' lang='lat' dir='ltr'><strong>confirmari</strong></span> <span class='ocrx_word' id='word_1_83' title='bbox 967 1010 1080 1072; x_wconf 89' lang='lat' dir='ltr'><strong>super·</strong></span> <span class='ocrx_word' id='word_1_84' title='bbox 1133 990 1309 1072; x_wconf 91' lang='lat' dir='ltr'><strong>propitium</strong></span> <span class='ocrx_word' id='word_1_85' title='bbox 1332 992 1399 1055; x_wconf 91' lang='lat' dir='ltr'><strong>fore</strong></span> <span class='ocrx_word' id='word_1_86' title='bbox 1422 1000 1600 1074; x_wconf 89' lang='lat' dir='ltr'><strong>sperarent.</strong></span> <span class='ocrx_word' id='word_1_87' title='bbox 1648 991 1764 1058; x_wconf 84' lang='lat' dir='ltr'><strong>Vocare</strong></span> <span class='ocrx_word' id='word_1_88' title='bbox 1792 992 1844 1057; x_wconf 93' lang='lat' dir='ltr'>hic</span> <span class='ocrx_word' id='word_1_89' title='bbox 1872 992 2020 1056; x_wconf 89' lang='lat' dir='ltr'><strong>bifariam</strong></span> <span class='ocrx_word' id='word_1_90' title='bbox 2051 1013 2103 1057; x_wconf 89' lang='lat' dir='ltr'>ao·</span> 
     </span>
     <span class='ocr_line' id='line_1_8' title="bbox 110 1074 2102 1158; baseline -0.001 -16"><span class='ocrx_word' id='word_1_91' title='bbox 110 1098 290 1144; x_wconf 78' lang='lat' dir='ltr'><strong>vacaneum</strong></span> <span class='ocrx_word' id='word_1_92' title='bbox 321 1098 385 1141; x_wconf 90' lang='lat' dir='ltr'>uon</span> <span class='ocrx_word' id='word_1_93' title='bbox 418 1079 489 1156; x_wconf 89' lang='lat' dir='ltr'><strong>fuit,</strong></span> <span class='ocrx_word' id='word_1_94' title='bbox 523 1078 597 1158; x_wconf 89' lang='lat' dir='ltr'><strong>quia</strong></span> <span class='ocrx_word' id='word_1_95' title='bbox 630 1097 798 1158; x_wconf 89' lang='lat' dir='ltr'><strong>nunquam</strong></span> <span class='ocrx_word' id='word_1_96' title='bbox 820 1077 883 1140; x_wconf 92' lang='lat' dir='ltr'>Dei</span> <span class='ocrx_word' id='word_1_97' title='bbox 918 1076 1081 1158; x_wconf 91' lang='lat' dir='ltr'><strong>potentiae</strong></span> <span class='ocrx_word' id='word_1_98' title='bbox 1133 1074 1197 1156; x_wconf 93' lang='lat' dir='ltr'><strong>cipi</strong></span> <span class='ocrx_word' id='word_1_99' title='bbox 1221 1085 1335 1157; x_wconf 92' lang='lat' dir='ltr'><strong>potest,</strong></span> <span class='ocrx_word' id='word_1_100' title='bbox 1365 1075 1539 1141; x_wconf 88' lang='grc'>8188181</span> <span class='ocrx_word' id='word_1_101' title='bbox 1569 1078 1891 1158; x_wconf 87' lang='grc'>88888818811881881</span> <span class='ocrx_word' id='word_1_102' title='bbox 1923 1078 1964 1142; x_wconf 91' lang='grc'>81</span> <span class='ocrx_word' id='word_1_103' title='bbox 1994 1091 2102 1143; x_wconf 87' lang='grc'>881818</span> 
     </span>
     <span class='ocr_line' id='line_1_9' title="bbox 110 1160 2102 1246; baseline -0.001 -18"><span class='ocrx_word' id='word_1_104' title='bbox 110 1176 268 1246; x_wconf 87' lang='grc'>88881818</span> <span class='ocrx_word' id='word_1_105' title='bbox 292 1185 371 1245; x_wconf 91' lang='grc'>8888</span> <span class='ocrx_word' id='word_1_106' title='bbox 394 1164 648 1238; x_wconf 88' lang='grc'>8811811818188,</span> <span class='ocrx_word' id='word_1_107' title='bbox 671 1161 727 1227; x_wconf 91' lang='lat' dir='ltr'>sed</span> <span class='ocrx_word' id='word_1_108' title='bbox 751 1161 1079 1244; x_wconf 83' lang='grc'>88811888811811881·</span> <span class='ocrx_word' id='word_1_109' title='bbox 1135 1160 1304 1226; x_wconf 88' lang='lat' dir='ltr'><strong>referatur.</strong></span> <span class='ocrx_word' id='word_1_110' title='bbox 1348 1161 1440 1226; x_wconf 91' lang='lat' dir='ltr'><strong>Deus</strong></span> <span class='ocrx_word' id='word_1_111' title='bbox 1471 1163 1558 1226; x_wconf 90' lang='lat' dir='ltr'><strong>euim</strong></span> <span class='ocrx_word' id='word_1_112' title='bbox 1590 1162 1862 1245; x_wconf 88' lang='lat' dir='ltr'><strong>quemadmodum</strong></span> <span class='ocrx_word' id='word_1_113' title='bbox 1892 1163 2001 1228; x_wconf 88' lang='lat' dir='ltr'><strong>omnia</strong></span> <span class='ocrx_word' id='word_1_114' title='bbox 2030 1184 2102 1245; x_wconf 91' lang='lat' dir='ltr'><strong>pro·</strong></span> 
     </span>
     <span class='ocr_line' id='line_1_10' title="bbox 110 1246 2103 1331; baseline -0.001 -17"><span class='ocrx_word' id='word_1_115' title='bbox 110 1250 170 1314; x_wconf 89' lang='lat' dir='ltr'>bns</span> <span class='ocrx_word' id='word_1_116' title='bbox 193 1249 413 1325; x_wconf 86' lang='lat' dir='ltr'><strong>distrahimur,</strong></span> <span class='ocrx_word' id='word_1_117' title='bbox 442 1262 473 1312; x_wconf 91' lang='grc'>81</span> <span class='ocrx_word' id='word_1_118' title='bbox 501 1249 666 1331; x_wconf 84' lang='lat' dir='ltr'><strong>praesenti</strong></span> <span class='ocrx_word' id='word_1_119' title='bbox 690 1269 799 1312; x_wconf 89' lang='lat' dir='ltr'><strong>rerum</strong></span> <span class='ocrx_word' id='word_1_120' title='bbox 821 1250 920 1311; x_wconf 88' lang='lat' dir='ltr'><strong>statui</strong></span> <span class='ocrx_word' id='word_1_121' title='bbox 943 1248 1079 1310; x_wconf 91' lang='lat' dir='ltr'><strong>nimium</strong></span> <span class='ocrx_word' id='word_1_122' title='bbox 1133 1246 1276 1311; x_wconf 85' lang='lat' dir='ltr'><strong>videntia</strong></span> <span class='ocrx_word' id='word_1_123' title='bbox 1300 1269 1358 1311; x_wconf 90' lang='lat' dir='ltr'>sua</span> <span class='ocrx_word' id='word_1_124' title='bbox 1381 1248 1599 1326; x_wconf 87' lang='lat' dir='ltr'><strong>administrat,</strong></span> <span class='ocrx_word' id='word_1_125' title='bbox 1629 1248 1787 1311; x_wconf 88' lang='grc'>11888811</span> <span class='ocrx_word' id='word_1_126' title='bbox 1816 1268 2028 1330; x_wconf 88' lang='grc'>8888888888</span> <span class='ocrx_word' id='word_1_127' title='bbox 2051 1250 2103 1312; x_wconf 92' lang='lat' dir='ltr'>fu-</span> 
     </span>
     <span class='ocr_line' id='line_1_11' title="bbox 110 1333 2101 1416; baseline 0 -18"><span class='ocrx_word' id='word_1_128' title='bbox 110 1336 328 1400; x_wconf 89' lang='lat' dir='ltr'><strong>inhaeremus.</strong></span> <span class='ocrx_word' id='word_1_129' title='bbox 374 1335 551 1416; x_wconf 88' lang='lat' dir='ltr'><strong>Postquam</strong></span> <span class='ocrx_word' id='word_1_130' title='bbox 577 1335 706 1397; x_wconf 91' lang='lat' dir='ltr'><strong>nomine</strong></span> <span class='ocrx_word' id='word_1_131' title='bbox 730 1333 793 1397; x_wconf 92' lang='lat' dir='ltr'>Dei</span> <span class='ocrx_word' id='word_1_132' title='bbox 822 1333 978 1397; x_wconf 86' lang='lat' dir='ltr'><strong>ineffabili</strong></span> <span class='ocrx_word' id='word_1_133' title='bbox 1002 1352 1081 1396; x_wconf 89' lang='lat' dir='ltr'><strong>usus</strong></span> <span class='ocrx_word' id='word_1_134' title='bbox 1133 1340 1208 1397; x_wconf 89' lang='grc'>1888</span> <span class='ocrx_word' id='word_1_135' title='bbox 1239 1348 1332 1415; x_wconf 86' lang='grc'>8881,</span> <span class='ocrx_word' id='word_1_136' title='bbox 1374 1344 1470 1415; x_wconf 87' lang='grc'>81888</span> <span class='ocrx_word' id='word_1_137' title='bbox 1503 1333 1735 1416; x_wconf 83' lang='lat' dir='ltr'><strong>praescientiae</strong></span> <span class='ocrx_word' id='word_1_138' title='bbox 1768 1355 1847 1399; x_wconf 91' lang='lat' dir='ltr'><strong>suae</strong></span> <span class='ocrx_word' id='word_1_139' title='bbox 1880 1335 2101 1398; x_wconf 88' lang='lat' dir='ltr'><strong>testimonium</strong></span> 
     </span>
    </p>
   </div>
   <div class='ocr_carea' id='block_1_3' title="bbox 110 1418 1080 1675">
    <p class='ocr_par' dir='ltr' id='par_1_3' title="bbox 110 1418 1080 1675">
     <span class='ocr_line' id='line_1_12' title="bbox 110 1418 1079 1505; baseline -0.004 -20"><span class='ocrx_word' id='word_1_140' title='bbox 110 1434 160 1485; x_wconf 91' lang='grc'>881</span> <span class='ocrx_word' id='word_1_141' title='bbox 182 1419 348 1503; x_wconf 88' lang='grc'>88881818,</span> <span class='ocrx_word' id='word_1_142' title='bbox 377 1441 478 1505; x_wconf 68' lang='lat' dir='ltr'><strong>regem</strong></span> <span class='ocrx_word' id='word_1_143' title='bbox 511 1421 608 1484; x_wconf 90' lang='lat' dir='ltr'><strong>etiam</strong></span> <span class='ocrx_word' id='word_1_144' title='bbox 639 1432 672 1482; x_wconf 91' lang='lat' dir='ltr'>ct</span> <span class='ocrx_word' id='word_1_145' title='bbox 700 1418 936 1501; x_wconf 89' lang='lat' dir='ltr'><strong>redemptorem</strong></span> <span class='ocrx_word' id='word_1_146' title='bbox 969 1431 1079 1482; x_wconf 88' lang='lat' dir='ltr'><strong>vocat:</strong></span> 
     </span>
     <span class='ocr_line' id='line_1_13' title="bbox 110 1504 1079 1587; baseline -0.003 -17"><span class='ocrx_word' id='word_1_147' title='bbox 110 1508 187 1587; x_wconf 94' lang='lat' dir='ltr'><strong>quia</strong></span> <span class='ocrx_word' id='word_1_148' title='bbox 220 1527 285 1570; x_wconf 91' lang='lat' dir='ltr'>uon</span> <span class='ocrx_word' id='word_1_149' title='bbox 314 1505 392 1570; x_wconf 91' lang='grc'>88118</span> <span class='ocrx_word' id='word_1_150' title='bbox 425 1514 477 1570; x_wconf 88' lang='grc'>881</span> <span class='ocrx_word' id='word_1_151' title='bbox 508 1504 688 1587; x_wconf 89' lang='grc'>8818811881</span> <span class='ocrx_word' id='word_1_152' title='bbox 723 1505 784 1568; x_wconf 91' lang='grc'>1181</span> <span class='ocrx_word' id='word_1_153' title='bbox 818 1504 1079 1587; x_wconf 89' lang='lat' dir='ltr'><strong>apprehendisse,</strong></span> 
     </span>
     <span class='ocr_line' id='line_1_14' title="bbox 110 1590 1080 1675; baseline -0.002 -20"><span class='ocrx_word' id='word_1_154' title='bbox 110 1593 173 1657; x_wconf 93' lang='lat' dir='ltr'><strong>nisi</strong></span> <span class='ocrx_word' id='word_1_155' title='bbox 200 1592 240 1655; x_wconf 92' lang='lat' dir='ltr'>de</span> <span class='ocrx_word' id='word_1_156' title='bbox 268 1592 368 1672; x_wconf 92' lang='lat' dir='ltr'><strong>ipsios</strong></span> <span class='ocrx_word' id='word_1_157' title='bbox 399 1612 477 1675; x_wconf 90' lang='lat' dir='ltr'><strong>erga</strong></span> <span class='ocrx_word' id='word_1_158' title='bbox 513 1611 572 1654; x_wconf 93' lang='lat' dir='ltr'>uos</span> <span class='ocrx_word' id='word_1_159' title='bbox 604 1590 829 1655; x_wconf 85' lang='lat' dir='ltr'><strong>benevolentia</strong></span> <span class='ocrx_word' id='word_1_160' title='bbox 857 1591 937 1653; x_wconf 90' lang='lat' dir='ltr'><strong>certi</strong></span> <span class='ocrx_word' id='word_1_161' title='bbox 968 1590 1080 1653; x_wconf 91' lang='lat' dir='ltr'><strong>simus.</strong></span> 
     </span>
    </p>
   </div>
   <div class='ocr_carea' id='block_1_4' title="bbox 10 1674 1080 1762">
    <p class='ocr_par' dir='ltr' id='par_1_4' title="bbox 10 1674 1080 1762">
     <span class='ocr_line' id='line_1_15' title="bbox 10 1674 1080 1762; baseline -0.004 -20"><span class='ocrx_word' id='word_1_162' title='bbox 10 1676 14 1685; x_wconf 86' lang='lat'>&#39;</span> <span class='ocrx_word' id='word_1_163' title='bbox 109 1677 157 1742; x_wconf 92' lang='lat' dir='ltr'>Ut</span> <span class='ocrx_word' id='word_1_164' title='bbox 179 1698 256 1762; x_wconf 90' lang='grc'>8888</span> <span class='ocrx_word' id='word_1_165' title='bbox 279 1677 410 1741; x_wconf 87' lang='grc'>8818881</span> <span class='ocrx_word' id='word_1_166' title='bbox 437 1674 522 1758; x_wconf 88' lang='grc'>8881</span> <span class='ocrx_word' id='word_1_167' title='bbox 557 1696 617 1738; x_wconf 89' lang='grc'>888</span> <span class='ocrx_word' id='word_1_168' title='bbox 644 1676 708 1740; x_wconf 90' lang='grc'>1181</span> <span class='ocrx_word' id='word_1_169' title='bbox 743 1677 982 1757; x_wconf 87' lang='lat' dir='ltr'><strong>promissiones,</strong></span> <span class='ocrx_word' id='word_1_170' title='bbox 1016 1698 1080 1739; x_wconf 93' lang='grc'>888</span> 
     </span>
    </p>
   </div>
   <div class='ocr_carea' id='block_1_5' title="bbox 107 1761 1083 3469">
    <p class='ocr_par' dir='ltr' id='par_1_5' title="bbox 107 1761 1083 3469">
     <span class='ocr_line' id='line_1_16' title="bbox 110 1761 1080 1846; baseline -0.002 -20"><span class='ocrx_word' id='word_1_171' title='bbox 110 1771 239 1826; x_wconf 88' lang='grc'>1881818</span> <span class='ocrx_word' id='word_1_172' title='bbox 261 1761 384 1846; x_wconf 89' lang='grc'>8188188</span> <span class='ocrx_word' id='word_1_173' title='bbox 407 1783 493 1842; x_wconf 87' lang='grc'>8888,</span> <span class='ocrx_word' id='word_1_174' title='bbox 521 1761 577 1826; x_wconf 88' lang='grc'>881</span> <span class='ocrx_word' id='word_1_175' title='bbox 606 1761 762 1826; x_wconf 89' lang='lat' dir='ltr'><strong>bonitatis</strong></span> <span class='ocrx_word' id='word_1_176' title='bbox 791 1781 917 1843; x_wconf 90' lang='lat' dir='ltr'><strong>quoque</strong></span> <span class='ocrx_word' id='word_1_177' title='bbox 946 1763 1080 1825; x_wconf 88' lang='lat' dir='ltr'><strong>mentio-</strong></span> 
     </span>
     <span class='ocr_line' id='line_1_17' title="bbox 112 1846 1079 1930; baseline 0.001 -20"><span class='ocrx_word' id='word_1_178' title='bbox 112 1870 186 1911; x_wconf 90' lang='lat' dir='ltr'>nem</span> <span class='ocrx_word' id='word_1_179' title='bbox 217 1849 303 1925; x_wconf 91' lang='grc'>18811,</span> <span class='ocrx_word' id='word_1_180' title='bbox 333 1862 369 1912; x_wconf 88' lang='grc'>81</span> <span class='ocrx_word' id='word_1_181' title='bbox 398 1870 468 1912; x_wconf 88' lang='grc'>8818</span> <span class='ocrx_word' id='word_1_182' title='bbox 498 1846 539 1911; x_wconf 97' lang='grc'>81</span> <span class='ocrx_word' id='word_1_183' title='bbox 568 1867 627 1911; x_wconf 89' lang='grc'>888</span> <span class='ocrx_word' id='word_1_184' title='bbox 655 1848 819 1929; x_wconf 88' lang='grc'>888118888</span> <span class='ocrx_word' id='word_1_185' title='bbox 848 1848 1079 1930; x_wconf 85' lang='lat' dir='ltr'><strong>intelligamus.</strong></span> 
     </span>
     <span class='ocr_line' id='line_1_18' title="bbox 109 1932 1083 2016; baseline -0.002 -18"><span class='ocrx_word' id='word_1_186' title='bbox 109 1934 243 1998; x_wconf 88' lang='lat' dir='ltr'><strong>Poterat</strong></span> <span class='ocrx_word' id='word_1_187' title='bbox 279 1949 386 1997; x_wconf 89' lang='lat' dir='ltr'><strong>autem</strong></span> <span class='ocrx_word' id='word_1_188' title='bbox 424 1933 597 1998; x_wconf 90' lang='lat' dir='ltr'><strong>ridiculum</strong></span> <span class='ocrx_word' id='word_1_189' title='bbox 630 1932 736 1997; x_wconf 82' lang='lat' dir='ltr'><strong>videri</strong></span> <span class='ocrx_word' id='word_1_190' title='bbox 777 1932 863 2013; x_wconf 92' lang='lat' dir='ltr'><strong>quod</strong></span> <span class='ocrx_word' id='word_1_191' title='bbox 903 1953 1012 2016; x_wconf 84' lang='lat' dir='ltr'><strong>regem</strong></span> <span class='ocrx_word' id='word_1_192' title='bbox 1046 1953 1083 1996; x_wconf 90' lang='lat' dir='ltr'>se</span> 
     </span>
     <span class='ocr_line' id='line_1_19' title="bbox 108 2019 1079 2102; baseline 0.001 -20"><span class='ocrx_word' id='word_1_193' title='bbox 108 2019 254 2096; x_wconf 87' lang='lat' dir='ltr'><strong>vocabat,</strong></span> <span class='ocrx_word' id='word_1_194' title='bbox 277 2040 377 2101; x_wconf 92' lang='lat' dir='ltr'><strong>quum</strong></span> <span class='ocrx_word' id='word_1_195' title='bbox 395 2019 506 2083; x_wconf 90' lang='lat' dir='ltr'><strong>nullus</strong></span> <span class='ocrx_word' id='word_1_196' title='bbox 522 2020 588 2082; x_wconf 90' lang='lat' dir='ltr'><strong>fere</strong></span> <span class='ocrx_word' id='word_1_197' title='bbox 604 2019 742 2100; x_wconf 90' lang='lat' dir='ltr'><strong>populus</strong></span> <span class='ocrx_word' id='word_1_198' title='bbox 759 2032 860 2084; x_wconf 90' lang='lat' dir='ltr'><strong>esset:</strong></span> <span class='ocrx_word' id='word_1_199' title='bbox 884 2019 953 2102; x_wconf 95' lang='lat' dir='ltr'><strong>pios</strong></span> <span class='ocrx_word' id='word_1_200' title='bbox 970 2034 1079 2083; x_wconf 86' lang='lat' dir='ltr'><strong>tamen</strong></span> 
     </span>
     <span class='ocr_line' id='line_1_20' title="bbox 108 2104 1079 2187; baseline 0.001 -19"><span class='ocrx_word' id='word_1_201' title='bbox 108 2106 142 2168; x_wconf 94' lang='grc'>18</span> <span class='ocrx_word' id='word_1_202' title='bbox 157 2105 226 2168; x_wconf 90' lang='lat' dir='ltr'>hae</span> <span class='ocrx_word' id='word_1_203' title='bbox 248 2107 460 2187; x_wconf 87' lang='lat' dir='ltr'><strong>promissione</strong></span> <span class='ocrx_word' id='word_1_204' title='bbox 483 2104 673 2168; x_wconf 83' lang='lat' dir='ltr'><strong>recumbere</strong></span> <span class='ocrx_word' id='word_1_205' title='bbox 702 2105 861 2185; x_wconf 88' lang='lat' dir='ltr'><strong>oportuit:</strong></span> <span class='ocrx_word' id='word_1_206' title='bbox 893 2116 930 2168; x_wconf 90' lang='lat' dir='ltr'>ut</span> <span class='ocrx_word' id='word_1_207' title='bbox 953 2106 1079 2169; x_wconf 90' lang='lat' dir='ltr'><strong>tametsi</strong></span> 
     </span>
     <span class='ocr_line' id='line_1_21' title="bbox 107 2190 1078 2272; baseline 0 -19"><span class='ocrx_word' id='word_1_208' title='bbox 107 2212 247 2272; x_wconf 89' lang='lat' dir='ltr'><strong>regnum</strong></span> <span class='ocrx_word' id='word_1_209' title='bbox 263 2191 365 2256; x_wconf 89' lang='lat' dir='ltr'><strong>oeulis</strong></span> <span class='ocrx_word' id='word_1_210' title='bbox 381 2191 513 2254; x_wconf 92' lang='lat' dir='ltr'><strong>minime</strong></span> <span class='ocrx_word' id='word_1_211' title='bbox 532 2190 747 2268; x_wconf 89' lang='lat' dir='ltr'><strong>intuerentur,</strong></span> <span class='ocrx_word' id='word_1_212' title='bbox 763 2190 826 2254; x_wconf 90' lang='lat' dir='ltr'>fide</span> <span class='ocrx_word' id='word_1_213' title='bbox 845 2201 954 2254; x_wconf 91' lang='lat' dir='ltr'><strong>tamen</strong></span> <span class='ocrx_word' id='word_1_214' title='bbox 971 2190 1078 2272; x_wconf 92' lang='lat' dir='ltr'><strong>ipsum</strong></span> 
     </span>
     <span class='ocr_line' id='line_1_22' title="bbox 109 2274 1080 2358; baseline 0.002 -20"><span class='ocrx_word' id='word_1_215' title='bbox 109 2274 399 2358; x_wconf 88' lang='lat' dir='ltr'><strong>apprehenderent,</strong></span> <span class='ocrx_word' id='word_1_216' title='bbox 432 2287 528 2358; x_wconf 88' lang='lat' dir='ltr'><strong>atque</strong></span> <span class='ocrx_word' id='word_1_217' title='bbox 558 2276 591 2338; x_wconf 93' lang='lat' dir='ltr'>in</span> <span class='ocrx_word' id='word_1_218' title='bbox 621 2276 767 2339; x_wconf 91' lang='lat' dir='ltr'><strong>futurum</strong></span> <span class='ocrx_word' id='word_1_219' title='bbox 797 2288 990 2357; x_wconf 87' lang='lat' dir='ltr'><strong>spectarent.</strong></span> <span class='ocrx_word' id='word_1_220' title='bbox 1036 2278 1080 2340; x_wconf 82' lang='lat' dir='ltr'>Et</span> 
     </span>
     <span class='ocr_line' id='line_1_23' title="bbox 111 2362 1079 2443; baseline 0.001 -18"><span class='ocrx_word' id='word_1_221' title='bbox 111 2362 255 2426; x_wconf 87' lang='lat' dir='ltr'><strong>certain</strong></span> <span class='ocrx_word' id='word_1_222' title='bbox 279 2364 404 2426; x_wconf 88' lang='grc'>8818188</span> <span class='ocrx_word' id='word_1_223' title='bbox 427 2362 562 2424; x_wconf 88' lang='grc'>88188118</span> <span class='ocrx_word' id='word_1_224' title='bbox 594 2362 754 2443; x_wconf 89' lang='grc'>888881118</span> <span class='ocrx_word' id='word_1_225' title='bbox 783 2363 983 2438; x_wconf 89' lang='grc'>88881818188,</span> <span class='ocrx_word' id='word_1_226' title='bbox 1013 2363 1079 2426; x_wconf 89' lang='grc'>1818</span> 
     </span>
     <span class='ocr_line' id='line_1_24' title="bbox 108 2446 1079 2529; baseline 0.003 -19"><span class='ocrx_word' id='word_1_227' title='bbox 108 2446 334 2529; x_wconf 87' lang='lat' dir='ltr'><strong>desperatione</strong></span> <span class='ocrx_word' id='word_1_228' title='bbox 357 2448 423 2511; x_wconf 92' lang='grc'>1888</span> <span class='ocrx_word' id='word_1_229' title='bbox 440 2447 573 2511; x_wconf 89' lang='grc'>8188188</span> <span class='ocrx_word' id='word_1_230' title='bbox 591 2467 760 2528; x_wconf 88' lang='grc'>88888881</span> <span class='ocrx_word' id='word_1_231' title='bbox 779 2457 980 2528; x_wconf 85' lang='lat' dir='ltr'><strong>penetrasset</strong></span> <span class='ocrx_word' id='word_1_232' title='bbox 999 2449 1079 2513; x_wconf 88' lang='lat' dir='ltr'><strong>haec</strong></span> 
     </span>
     <span class='ocr_line' id='line_1_25' title="bbox 108 2532 1078 2614; baseline 0.001 -19"><span class='ocrx_word' id='word_1_233' title='bbox 108 2532 263 2611; x_wconf 91' lang='lat' dir='ltr'><strong>doctrina,</strong></span> <span class='ocrx_word' id='word_1_234' title='bbox 283 2534 343 2597; x_wconf 91' lang='grc'>8181</span> <span class='ocrx_word' id='word_1_235' title='bbox 363 2533 486 2596; x_wconf 89' lang='grc'>8111881</span> <span class='ocrx_word' id='word_1_236' title='bbox 505 2532 707 2614; x_wconf 86' lang='lat' dir='ltr'><strong>patefecisset</strong></span> <span class='ocrx_word' id='word_1_237' title='bbox 726 2532 805 2596; x_wconf 92' lang='lat' dir='ltr'><strong>haec</strong></span> <span class='ocrx_word' id='word_1_238' title='bbox 824 2533 988 2614; x_wconf 87' lang='lat' dir='ltr'><strong>praefatio.</strong></span> <span class='ocrx_word' id='word_1_239' title='bbox 1012 2533 1078 2597; x_wconf 78' lang='lat' dir='ltr'>Sed</span> 
     </span>
     <span class='ocr_line' id='line_1_26' title="bbox 109 2617 1079 2698; baseline 0.001 -17"><span class='ocrx_word' id='word_1_240' title='bbox 109 2617 162 2681; x_wconf 91' lang='lat' dir='ltr'>ubi</span> <span class='ocrx_word' id='word_1_241' title='bbox 189 2619 278 2682; x_wconf 88' lang='lat' dir='ltr'><strong>Deus</strong></span> <span class='ocrx_word' id='word_1_242' title='bbox 299 2619 502 2681; x_wconf 84' lang='lat' dir='ltr'><strong>familiariter</strong></span> <span class='ocrx_word' id='word_1_243' title='bbox 525 2638 583 2680; x_wconf 92' lang='grc'>888</span> <span class='ocrx_word' id='word_1_244' title='bbox 605 2617 803 2698; x_wconf 87' lang='lat' dir='ltr'><strong>compellans</strong></span> <span class='ocrx_word' id='word_1_245' title='bbox 833 2639 867 2681; x_wconf 92' lang='grc'>88</span> <span class='ocrx_word' id='word_1_246' title='bbox 891 2618 982 2681; x_wconf 90' lang='grc'>88118</span> <span class='ocrx_word' id='word_1_247' title='bbox 1006 2641 1079 2683; x_wconf 92' lang='lat' dir='ltr'><strong>con·</strong></span> 
     </span>
     <span class='ocr_line' id='line_1_27' title="bbox 109 2702 1078 2783; baseline 0 -16"><span class='ocrx_word' id='word_1_248' title='bbox 109 2704 256 2767; x_wconf 90' lang='lat' dir='ltr'><strong>iunctum</strong></span> <span class='ocrx_word' id='word_1_249' title='bbox 279 2723 349 2768; x_wconf 90' lang='lat' dir='ltr'><strong>esse</strong></span> <span class='ocrx_word' id='word_1_250' title='bbox 372 2703 522 2773; x_wconf 87' lang='lat' dir='ltr'><strong>declarat.</strong></span> <span class='ocrx_word' id='word_1_251' title='bbox 555 2705 651 2765; x_wconf 91' lang='lat' dir='ltr'><strong>etiam</strong></span> <span class='ocrx_word' id='word_1_252' title='bbox 676 2724 718 2765; x_wconf 90' lang='lat' dir='ltr'>ex</span> <span class='ocrx_word' id='word_1_253' title='bbox 739 2702 819 2783; x_wconf 90' lang='lat' dir='ltr'><strong>ipsis</strong></span> <span class='ocrx_word' id='word_1_254' title='bbox 842 2703 953 2767; x_wconf 90' lang='lat' dir='ltr'><strong>inferis</strong></span> <span class='ocrx_word' id='word_1_255' title='bbox 976 2725 1078 2767; x_wconf 90' lang='lat' dir='ltr'><strong>emer·</strong></span> 
     </span>
     <span class='ocr_line' id='line_1_28' title="bbox 108 2787 852 2872; baseline -0.004 -19"><span class='ocrx_word' id='word_1_256' title='bbox 108 2791 157 2872; x_wconf 85' lang='lat' dir='ltr'>git</span> <span class='ocrx_word' id='word_1_257' title='bbox 179 2788 260 2852; x_wconf 89' lang='lat' dir='ltr'><strong>fides</strong></span> <span class='ocrx_word' id='word_1_258' title='bbox 282 2800 348 2851; x_wconf 90' lang='lat' dir='ltr'>tam</span> <span class='ocrx_word' id='word_1_259' title='bbox 371 2789 491 2853; x_wconf 90' lang='lat' dir='ltr'><strong>blanda</strong></span> <span class='ocrx_word' id='word_1_260' title='bbox 513 2789 706 2850; x_wconf 88' lang='lat' dir='ltr'><strong>invitatione</strong></span> <span class='ocrx_word' id='word_1_261' title='bbox 727 2787 852 2851; x_wconf 90' lang='lat' dir='ltr'><strong>allecta.</strong></span> 
     </span>
     <span class='ocr_line' id='line_1_29' title="bbox 194 2872 1080 2959; baseline 0 -23"><span class='ocrx_word' id='word_1_262' title='bbox 194 2872 445 2959; x_wconf 75' lang='grc' dir='ltr'>(11888νὲ8888.)</span> <span class='ocrx_word' id='word_1_263' title='bbox 488 2874 551 2936; x_wconf 91' lang='lat' dir='ltr'>His</span> <span class='ocrx_word' id='word_1_264' title='bbox 574 2872 680 2936; x_wconf 87' lang='lat' dir='ltr'><strong>verbis</strong></span> <span class='ocrx_word' id='word_1_265' title='bbox 704 2892 768 2935; x_wconf 92' lang='lat' dir='ltr'>non</span> <span class='ocrx_word' id='word_1_266' title='bbox 792 2873 1080 2954; x_wconf 89' lang='grc'>88881188188188-</span> 
     </span>
     <span class='ocr_line' id='line_1_30' title="bbox 109 2958 1080 3039; baseline 0.002 -16"><span class='ocrx_word' id='word_1_267' title='bbox 109 2961 243 3023; x_wconf 88' lang='lat' dir='ltr'><strong>nitatem</strong></span> <span class='ocrx_word' id='word_1_268' title='bbox 277 2960 346 3036; x_wconf 92' lang='lat' dir='ltr'><strong>Dei,</strong></span> <span class='ocrx_word' id='word_1_269' title='bbox 376 2958 431 3024; x_wconf 90' lang='lat' dir='ltr'>sed</span> <span class='ocrx_word' id='word_1_270' title='bbox 463 2980 537 3022; x_wconf 91' lang='lat' dir='ltr'>eum</span> <span class='ocrx_word' id='word_1_271' title='bbox 565 2959 626 3022; x_wconf 90' lang='lat' dir='ltr'><strong>sibi</strong></span> <span class='ocrx_word' id='word_1_272' title='bbox 656 2969 811 3039; x_wconf 91' lang='lat' dir='ltr'><strong>perpetuo</strong></span> <span class='ocrx_word' id='word_1_273' title='bbox 840 2958 978 3022; x_wconf 90' lang='lat' dir='ltr'><strong>similem</strong></span> <span class='ocrx_word' id='word_1_274' title='bbox 1010 2981 1080 3024; x_wconf 89' lang='grc'>8888</span> 
     </span>
     <span class='ocr_line' id='line_1_31' title="bbox 109 3044 1080 3126; baseline -0.001 -17"><span class='ocrx_word' id='word_1_275' title='bbox 109 3046 259 3122; x_wconf 88' lang='lat' dir='ltr'><strong>ostendit,</strong></span> <span class='ocrx_word' id='word_1_276' title='bbox 290 3057 328 3108; x_wconf 90' lang='lat' dir='ltr'>ut</span> <span class='ocrx_word' id='word_1_277' title='bbox 357 3065 433 3108; x_wconf 90' lang='lat' dir='ltr'>eum</span> <span class='ocrx_word' id='word_1_278' title='bbox 460 3045 560 3107; x_wconf 91' lang='lat' dir='ltr'><strong>talem</strong></span> <span class='ocrx_word' id='word_1_279' title='bbox 590 3065 668 3126; x_wconf 86' lang='grc'>8888</span> <span class='ocrx_word' id='word_1_280' title='bbox 699 3064 734 3106; x_wconf 90' lang='grc'>88</span> <span class='ocrx_word' id='word_1_281' title='bbox 768 3044 911 3107; x_wconf 88' lang='grc'>18188881</span> <span class='ocrx_word' id='word_1_282' title='bbox 947 3050 1080 3125; x_wconf 86' lang='grc'>8888881</span> 
     </span>
     <span class='ocr_line' id='line_1_32' title="bbox 109 3128 1078 3213; baseline 0.001 -19"><span class='ocrx_word' id='word_1_283' title='bbox 109 3130 238 3211; x_wconf 89' lang='grc'>8881818</span> <span class='ocrx_word' id='word_1_284' title='bbox 267 3142 364 3194; x_wconf 89' lang='grc'>88188</span> <span class='ocrx_word' id='word_1_285' title='bbox 393 3132 519 3213; x_wconf 89' lang='lat' dir='ltr'><strong>experti</strong></span> <span class='ocrx_word' id='word_1_286' title='bbox 548 3140 633 3194; x_wconf 88' lang='grc'>8881.</span> <span class='ocrx_word' id='word_1_287' title='bbox 678 3128 842 3210; x_wconf 78' lang='lat' dir='ltr'><strong>Quorsum</strong></span> <span class='ocrx_word' id='word_1_288' title='bbox 870 3141 979 3192; x_wconf 90' lang='lat' dir='ltr'><strong>autem</strong></span> <span class='ocrx_word' id='word_1_289' title='bbox 1009 3130 1078 3206; x_wconf 89' lang='lat' dir='ltr'><strong>hoc,</strong></span> 
     </span>
     <span class='ocr_line' id='line_1_33' title="bbox 109 3215 1080 3298; baseline 0.002 -20"><span class='ocrx_word' id='word_1_290' title='bbox 109 3216 195 3280; x_wconf 91' lang='lat' dir='ltr'><strong>dicet</strong></span> <span class='ocrx_word' id='word_1_291' title='bbox 228 3217 405 3298; x_wconf 86' lang='lat' dir='ltr'><strong>quispiam,</strong></span> <span class='ocrx_word' id='word_1_292' title='bbox 446 3235 546 3297; x_wconf 91' lang='lat' dir='ltr'><strong>quum</strong></span> <span class='ocrx_word' id='word_1_293' title='bbox 580 3215 692 3279; x_wconf 91' lang='lat' dir='ltr'><strong>fideles</strong></span> <span class='ocrx_word' id='word_1_294' title='bbox 724 3215 926 3295; x_wconf 87' lang='lat' dir='ltr'><strong>alloquatur,</strong></span> <span class='ocrx_word' id='word_1_295' title='bbox 962 3216 1080 3297; x_wconf 91' lang='lat' dir='ltr'><strong>quibus</strong></span> 
     </span>
     <span class='ocr_line' id='line_1_34' title="bbox 107 3301 1079 3382; baseline 0.001 -18"><span class='ocrx_word' id='word_1_296' title='bbox 107 3301 169 3365; x_wconf 94' lang='lat' dir='ltr'><strong>hoc</strong></span> <span class='ocrx_word' id='word_1_297' title='bbox 191 3303 271 3365; x_wconf 88' lang='lat' dir='ltr'><strong>satis</strong></span> <span class='ocrx_word' id='word_1_298' title='bbox 293 3313 405 3365; x_wconf 89' lang='lat' dir='ltr'><strong>uotum</strong></span> <span class='ocrx_word' id='word_1_299' title='bbox 427 3301 521 3365; x_wconf 89' lang='lat' dir='ltr'><strong>erat?</strong></span> <span class='ocrx_word' id='word_1_300' title='bbox 549 3301 751 3382; x_wconf 91' lang='lat' dir='ltr'><strong>Respondeo,</strong></span> <span class='ocrx_word' id='word_1_301' title='bbox 772 3302 900 3364; x_wconf 89' lang='grc'>18818181</span> <span class='ocrx_word' id='word_1_302' title='bbox 922 3302 990 3365; x_wconf 91' lang='grc'>1188</span> <span class='ocrx_word' id='word_1_303' title='bbox 1010 3323 1079 3365; x_wconf 90' lang='lat' dir='ltr'><strong>cre·</strong></span> 
     </span>
     <span class='ocr_line' id='line_1_35' title="bbox 109 3386 1078 3469; baseline 0.002 -20"><span class='ocrx_word' id='word_1_304' title='bbox 109 3386 188 3451; x_wconf 89' lang='lat' dir='ltr'><strong>dant</strong></span> <span class='ocrx_word' id='word_1_305' title='bbox 210 3386 367 3461; x_wconf 90' lang='lat' dir='ltr'><strong>homines,</strong></span> <span class='ocrx_word' id='word_1_306' title='bbox 391 3397 499 3451; x_wconf 91' lang='lat' dir='ltr'><strong>tamen</strong></span> <span class='ocrx_word' id='word_1_307' title='bbox 523 3408 597 3450; x_wconf 92' lang='lat' dir='ltr'>eum</span> <span class='ocrx_word' id='word_1_308' title='bbox 617 3386 721 3468; x_wconf 90' lang='grc'>888118</span> <span class='ocrx_word' id='word_1_309' title='bbox 739 3399 787 3451; x_wconf 92' lang='grc'>881</span> <span class='ocrx_word' id='word_1_310' title='bbox 810 3409 875 3450; x_wconf 89' lang='grc'>888</span> <span class='ocrx_word' id='word_1_311' title='bbox 894 3407 1078 3469; x_wconf 84' lang='lat' dir='ltr'><strong>agnoscere,</strong></span> 
     </span>
    </p>
   </div>
   <div class='ocr_carea' id='block_1_6' title="bbox 1130 1417 2103 3468">
    <p class='ocr_par' dir='ltr' id='par_1_6' title="bbox 1130 1417 2103 3468">
     <span class='ocr_line' id='line_1_36' title="bbox 1133 1417 2102 1502; baseline 0.004 -22"><span class='ocrx_word' id='word_1_312' title='bbox 1133 1417 1248 1483; x_wconf 91' lang='lat' dir='ltr'><strong>reddit.</strong></span> <span class='ocrx_word' id='word_1_313' title='bbox 1284 1418 1356 1482; x_wconf 91' lang='lat' dir='ltr'>Non</span> <span class='ocrx_word' id='word_1_314' title='bbox 1380 1432 1429 1484; x_wconf 89' lang='lat' dir='ltr'>est</span> <span class='ocrx_word' id='word_1_315' title='bbox 1451 1431 1560 1483; x_wconf 90' lang='lat' dir='ltr'><strong>autem</strong></span> <span class='ocrx_word' id='word_1_316' title='bbox 1582 1419 2102 1502; x_wconf 88' lang='grc'>111181888818188188118811888</span> 
     </span>
     <span class='ocr_line' id='line_1_37' title="bbox 1132 1503 2103 1586; baseline 0.002 -20"><span class='ocrx_word' id='word_1_317' title='bbox 1132 1503 1230 1568; x_wconf 90' lang='grc'>18188</span> <span class='ocrx_word' id='word_1_318' title='bbox 1263 1506 1353 1569; x_wconf 89' lang='grc'>88811</span> <span class='ocrx_word' id='word_1_319' title='bbox 1386 1505 1613 1579; x_wconf 85' lang='grc'>18181881881,</span> <span class='ocrx_word' id='word_1_320' title='bbox 1648 1506 1799 1586; x_wconf 89' lang='grc'>88881881</span> <span class='ocrx_word' id='word_1_321' title='bbox 1833 1518 1943 1586; x_wconf 90' lang='grc'>888818</span> <span class='ocrx_word' id='word_1_322' title='bbox 1976 1518 2103 1569; x_wconf 90' lang='grc'>8888181</span> 
     </span>
     <span class='ocr_line' id='line_1_38' title="bbox 1133 1590 2101 1672; baseline 0.001 -20"><span class='ocrx_word' id='word_1_323' title='bbox 1133 1590 1323 1671; x_wconf 89' lang='grc'>8888181881</span> <span class='ocrx_word' id='word_1_324' title='bbox 1358 1604 1391 1654; x_wconf 88' lang='grc'>81</span> <span class='ocrx_word' id='word_1_325' title='bbox 1431 1592 1681 1672; x_wconf 88' lang='lat' dir='ltr'><strong>praescientiam</strong></span> <span class='ocrx_word' id='word_1_326' title='bbox 1722 1603 1755 1653; x_wconf 91' lang='lat' dir='ltr'>et</span> <span class='ocrx_word' id='word_1_327' title='bbox 1788 1590 2101 1654; x_wconf 90' lang='lat' dir='ltr'><strong>administrationem</strong></span> 
     </span>
     <span class='ocr_line' id='line_1_39' title="bbox 1132 1675 2102 1758; baseline 0 -20"><span class='ocrx_word' id='word_1_328' title='bbox 1132 1696 1241 1738; x_wconf 88' lang='lat' dir='ltr'><strong>rorum</strong></span> <span class='ocrx_word' id='word_1_329' title='bbox 1264 1675 1409 1740; x_wconf 88' lang='lat' dir='ltr'><strong>omnium</strong></span> <span class='ocrx_word' id='word_1_330' title='bbox 1429 1676 1500 1740; x_wconf 89' lang='lat' dir='ltr'>Deo</span> <span class='ocrx_word' id='word_1_331' title='bbox 1523 1677 1674 1741; x_wconf 90' lang='lat' dir='ltr'><strong>tribuere.</strong></span> <span class='ocrx_word' id='word_1_332' title='bbox 1708 1676 1779 1758; x_wconf 80' lang='lat' dir='ltr'>Ego</span> <span class='ocrx_word' id='word_1_333' title='bbox 1802 1684 1910 1739; x_wconf 88' lang='lat' dir='ltr'><strong>tamen</strong></span> <span class='ocrx_word' id='word_1_334' title='bbox 1933 1676 2102 1758; x_wconf 89' lang='grc'>88118881</span> 
     </span>
     <span class='ocr_line' id='line_1_40' title="bbox 1132 1760 2102 1844; baseline 0.001 -21"><span class='ocrx_word' id='word_1_335' title='bbox 1132 1774 1240 1825; x_wconf 90' lang='lat' dir='ltr'><strong>aetum</strong></span> <span class='ocrx_word' id='word_1_336' title='bbox 1271 1760 1477 1826; x_wconf 89' lang='lat' dir='ltr'><strong>referendum</strong></span> <span class='ocrx_word' id='word_1_337' title='bbox 1502 1774 1598 1844; x_wconf 89' lang='lat' dir='ltr'><strong>puto:</strong></span> <span class='ocrx_word' id='word_1_338' title='bbox 1633 1765 1686 1825; x_wconf 93' lang='lat' dir='ltr'>An</span> <span class='ocrx_word' id='word_1_339' title='bbox 1709 1763 1889 1842; x_wconf 90' lang='lat' dir='ltr'><strong>reperietur</strong></span> <span class='ocrx_word' id='word_1_340' title='bbox 1911 1762 1998 1825; x_wconf 91' lang='lat' dir='ltr'><strong>iuter</strong></span> <span class='ocrx_word' id='word_1_341' title='bbox 2025 1761 2102 1826; x_wconf 89' lang='lat' dir='ltr'><strong>deos</strong></span> 
     </span>
     <span class='ocr_line' id='line_1_41' title="bbox 1132 1845 2100 1928; baseline 0.001 -19"><span class='ocrx_word' id='word_1_342' title='bbox 1132 1848 1279 1928; x_wconf 87' lang='grc'>88811881</span> <span class='ocrx_word' id='word_1_343' title='bbox 1312 1847 1369 1928; x_wconf 90' lang='grc'>881</span> <span class='ocrx_word' id='word_1_344' title='bbox 1403 1868 1531 1921; x_wconf 89' lang='grc'>888888,</span> <span class='ocrx_word' id='word_1_345' title='bbox 1564 1847 1597 1910; x_wconf 89' lang='grc'>11</span> <span class='ocrx_word' id='word_1_346' title='bbox 1630 1857 1680 1910; x_wconf 90' lang='grc'>881</span> <span class='ocrx_word' id='word_1_347' title='bbox 1713 1848 1869 1912; x_wconf 88' lang='grc'>888811888</span> <span class='ocrx_word' id='word_1_348' title='bbox 1902 1845 2100 1921; x_wconf 88' lang='lat' dir='ltr'><strong>liberatores,</strong></span> 
     </span>
     <span class='ocr_line' id='line_1_42' title="bbox 1132 1930 2101 2014; baseline 0.002 -20"><span class='ocrx_word' id='word_1_349' title='bbox 1132 1934 1327 1996; x_wconf 89' lang='lat' dir='ltr'><strong>annuntiare</strong></span> <span class='ocrx_word' id='word_1_350' title='bbox 1361 1945 1457 2014; x_wconf 87' lang='lat' dir='ltr'><strong>atque</strong></span> <span class='ocrx_word' id='word_1_351' title='bbox 1490 1932 1640 1996; x_wconf 91' lang='lat' dir='ltr'><strong>ordinare</strong></span> <span class='ocrx_word' id='word_1_352' title='bbox 1674 1931 1796 2014; x_wconf 82' lang='lat' dir='ltr'><strong>possit?</strong></span> <span class='ocrx_word' id='word_1_353' title='bbox 1831 1954 1938 1996; x_wconf 89' lang='lat' dir='ltr'><strong>aunon</strong></span> <span class='ocrx_word' id='word_1_354' title='bbox 1974 1954 2015 1995; x_wconf 91' lang='lat' dir='ltr'>ex</span> <span class='ocrx_word' id='word_1_355' title='bbox 2050 1930 2101 1996; x_wconf 91' lang='lat' dir='ltr'>his</span> 
     </span>
     <span class='ocr_line' id='line_1_43' title="bbox 1133 2017 2100 2100; baseline 0 -20"><span class='ocrx_word' id='word_1_356' title='bbox 1133 2027 1244 2100; x_wconf 88' lang='grc'>888818</span> <span class='ocrx_word' id='word_1_357' title='bbox 1273 2028 1400 2081; x_wconf 89' lang='grc'>8888181</span> <span class='ocrx_word' id='word_1_358' title='bbox 1428 2040 1480 2082; x_wconf 89' lang='grc'>188</span> <span class='ocrx_word' id='word_1_359' title='bbox 1508 2018 1615 2083; x_wconf 89' lang='grc'>881881</span> <span class='ocrx_word' id='word_1_360' title='bbox 1645 2039 1715 2081; x_wconf 89' lang='grc'>8888</span> <span class='ocrx_word' id='word_1_361' title='bbox 1742 2017 1874 2081; x_wconf 85' lang='lat' dir='ltr'><strong>Deum?</strong></span> <span class='ocrx_word' id='word_1_362' title='bbox 1908 2019 2023 2099; x_wconf 89' lang='lat' dir='ltr'><strong>Itaque</strong></span> <span class='ocrx_word' id='word_1_363' title='bbox 2052 2019 2100 2080; x_wconf 91' lang='lat' dir='ltr'>in-</span> 
     </span>
     <span class='ocr_line' id='line_1_44' title="bbox 1133 2102 2102 2185; baseline -0.001 -19"><span class='ocrx_word' id='word_1_364' title='bbox 1133 2102 1233 2166; x_wconf 89' lang='lat' dir='ltr'><strong>sultat</strong></span> <span class='ocrx_word' id='word_1_365' title='bbox 1254 2103 1358 2182; x_wconf 91' lang='lat' dir='ltr'><strong>idolis,</strong></span> <span class='ocrx_word' id='word_1_366' title='bbox 1386 2104 1503 2185; x_wconf 89' lang='lat' dir='ltr'><strong>quibus</strong></span> <span class='ocrx_word' id='word_1_367' title='bbox 1525 2103 1648 2168; x_wconf 90' lang='lat' dir='ltr'><strong>frustra</strong></span> <span class='ocrx_word' id='word_1_368' title='bbox 1676 2102 1823 2166; x_wconf 91' lang='lat' dir='ltr'><strong>homines</strong></span> <span class='ocrx_word' id='word_1_369' title='bbox 1850 2104 2029 2185; x_wconf 90' lang='lat' dir='ltr'><strong>potentiam</strong></span> <span class='ocrx_word' id='word_1_370' title='bbox 2053 2103 2102 2166; x_wconf 92' lang='lat' dir='ltr'>ul·</span> 
     </span>
     <span class='ocr_line' id='line_1_45' title="bbox 1133 2188 2101 2269; baseline 0 -17"><span class='ocrx_word' id='word_1_371' title='bbox 1133 2189 1198 2252; x_wconf 92' lang='lat' dir='ltr'>lam</span> <span class='ocrx_word' id='word_1_372' title='bbox 1229 2188 1387 2252; x_wconf 88' lang='lat' dir='ltr'><strong>tribuunt.</strong></span> <span class='ocrx_word' id='word_1_373' title='bbox 1436 2189 1666 2253; x_wconf 88' lang='lat' dir='ltr'><strong>Annuntiaudi</strong></span> <span class='ocrx_word' id='word_1_374' title='bbox 1700 2189 1806 2266; x_wconf 90' lang='lat' dir='ltr'><strong>verbo,</strong></span> <span class='ocrx_word' id='word_1_375' title='bbox 1835 2189 1919 2269; x_wconf 91' lang='lat' dir='ltr'><strong>quod</strong></span> <span class='ocrx_word' id='word_1_376' title='bbox 1948 2189 2101 2252; x_wconf 90' lang='lat' dir='ltr'><strong>contiuuo</strong></span> 
     </span>
     <span class='ocr_line' id='line_1_46' title="bbox 1133 2274 2101 2358; baseline 0.001 -21"><span class='ocrx_word' id='word_1_377' title='bbox 1133 2284 1206 2356; x_wconf 95' lang='lat' dir='ltr'><strong>post</strong></span> <span class='ocrx_word' id='word_1_378' title='bbox 1238 2274 1343 2349; x_wconf 87' lang='lat' dir='ltr'><strong>addit,</strong></span> <span class='ocrx_word' id='word_1_379' title='bbox 1383 2275 1554 2356; x_wconf 91' lang='lat' dir='ltr'><strong>specialem</strong></span> <span class='ocrx_word' id='word_1_380' title='bbox 1588 2275 1728 2358; x_wconf 86' lang='lat' dir='ltr'><strong>gratiam</strong></span> <span class='ocrx_word' id='word_1_381' title='bbox 1761 2274 1984 2350; x_wconf 89' lang='lat' dir='ltr'><strong>commendat,</strong></span> <span class='ocrx_word' id='word_1_382' title='bbox 2017 2274 2101 2355; x_wconf 91' lang='lat' dir='ltr'><strong>quod</strong></span> 
     </span>
     <span class='ocr_line' id='line_1_47' title="bbox 1133 2359 2102 2443; baseline 0 -20"><span class='ocrx_word' id='word_1_383' title='bbox 1133 2361 1223 2424; x_wconf 92' lang='lat' dir='ltr'><strong>Deus</strong></span> <span class='ocrx_word' id='word_1_384' title='bbox 1246 2360 1347 2424; x_wconf 90' lang='lat' dir='ltr'><strong>electo</strong></span> <span class='ocrx_word' id='word_1_385' title='bbox 1371 2361 1490 2443; x_wconf 92' lang='lat' dir='ltr'><strong>populo</strong></span> <span class='ocrx_word' id='word_1_386' title='bbox 1517 2359 1688 2425; x_wconf 89' lang='lat' dir='ltr'><strong>consilium</strong></span> <span class='ocrx_word' id='word_1_387' title='bbox 1718 2381 1812 2423; x_wconf 89' lang='lat' dir='ltr'><strong>suum</strong></span> <span class='ocrx_word' id='word_1_388' title='bbox 1844 2380 1901 2440; x_wconf 91' lang='lat' dir='ltr'>per</span> <span class='ocrx_word' id='word_1_389' title='bbox 1929 2360 2102 2441; x_wconf 90' lang='lat' dir='ltr'><strong>prophotas</strong></span> 
     </span>
     <span class='ocr_line' id='line_1_48' title="bbox 1133 2445 2102 2528; baseline -0.001 -19"><span class='ocrx_word' id='word_1_390' title='bbox 1133 2447 1341 2509; x_wconf 88' lang='lat' dir='ltr'><strong>manifestare</strong></span> <span class='ocrx_word' id='word_1_391' title='bbox 1371 2445 1523 2528; x_wconf 89' lang='lat' dir='ltr'><strong>diguatus</strong></span> <span class='ocrx_word' id='word_1_392' title='bbox 1548 2447 1598 2510; x_wconf 89' lang='lat' dir='ltr'><strong>sit.</strong></span> <span class='ocrx_word' id='word_1_393' title='bbox 1645 2446 1709 2510; x_wconf 90' lang='lat' dir='ltr'>Per</span> <span class='ocrx_word' id='word_1_394' title='bbox 1725 2446 1878 2526; x_wconf 79' lang='grc'>88881881</span> <span class='ocrx_word' id='word_1_395' title='bbox 1899 2447 2017 2509; x_wconf 79' lang='lat' dir='ltr'><strong>saeculi</strong></span> <span class='ocrx_word' id='word_1_396' title='bbox 2047 2446 2102 2509; x_wconf 89' lang='grc'>8111</span> 
     </span>
     <span class='ocr_line' id='line_1_49' title="bbox 1130 2531 2100 2614; baseline -0.001 -20"><span class='ocrx_word' id='word_1_397' title='bbox 1130 2532 1319 2614; x_wconf 87' lang='grc'>18181118881</span> <span class='ocrx_word' id='word_1_398' title='bbox 1350 2553 1461 2596; x_wconf 89' lang='grc'>818888</span> <span class='ocrx_word' id='word_1_399' title='bbox 1495 2542 1624 2614; x_wconf 90' lang='lat' dir='ltr'><strong>gentes,</strong></span> <span class='ocrx_word' id='word_1_400' title='bbox 1663 2532 1828 2614; x_wconf 88' lang='lat' dir='ltr'><strong>singulare</strong></span> <span class='ocrx_word' id='word_1_401' title='bbox 1868 2551 1926 2613; x_wconf 92' lang='lat' dir='ltr'>pro</span> <span class='ocrx_word' id='word_1_402' title='bbox 1966 2531 2100 2612; x_wconf 88' lang='lat' dir='ltr'><strong>plurali:</strong></span> 
     </span>
     <span class='ocr_line' id='line_1_50' title="bbox 1132 2617 2101 2698; baseline -0.001 -19"><span class='ocrx_word' id='word_1_403' title='bbox 1132 2617 1215 2698; x_wconf 89' lang='lat' dir='ltr'><strong>quod</strong></span> <span class='ocrx_word' id='word_1_404' title='bbox 1250 2617 1345 2680; x_wconf 92' lang='lat' dir='ltr'><strong>simul</strong></span> <span class='ocrx_word' id='word_1_405' title='bbox 1384 2623 1481 2698; x_wconf 89' lang='lat' dir='ltr'><strong>atque</strong></span> <span class='ocrx_word' id='word_1_406' title='bbox 1516 2619 1674 2681; x_wconf 89' lang='lat' dir='ltr'><strong>Dominus</strong></span> <span class='ocrx_word' id='word_1_407' title='bbox 1715 2620 1863 2680; x_wconf 89' lang='lat' dir='ltr'><strong>nationes</strong></span> <span class='ocrx_word' id='word_1_408' title='bbox 1901 2619 2101 2697; x_wconf 86' lang='lat' dir='ltr'><strong>propagavit,</strong></span> 
     </span>
     <span class='ocr_line' id='line_1_51' title="bbox 1131 2701 2100 2782; baseline -0.001 -18"><span class='ocrx_word' id='word_1_409' title='bbox 1131 2702 1212 2764; x_wconf 89' lang='lat' dir='ltr'><strong>alias</strong></span> <span class='ocrx_word' id='word_1_410' title='bbox 1235 2701 1386 2765; x_wconf 86' lang='lat' dir='ltr'><strong>distinxit</strong></span> <span class='ocrx_word' id='word_1_411' title='bbox 1409 2702 1449 2765; x_wconf 90' lang='lat' dir='ltr'>ab</span> <span class='ocrx_word' id='word_1_412' title='bbox 1471 2703 1551 2781; x_wconf 90' lang='lat' dir='ltr'><strong>aliis,</strong></span> <span class='ocrx_word' id='word_1_413' title='bbox 1581 2723 1720 2782; x_wconf 91' lang='lat' dir='ltr'><strong>eumque</strong></span> <span class='ocrx_word' id='word_1_414' title='bbox 1743 2703 1887 2764; x_wconf 90' lang='lat' dir='ltr'><strong>ordinem</strong></span> <span class='ocrx_word' id='word_1_415' title='bbox 1911 2703 2026 2764; x_wconf 87' lang='lat' dir='ltr'><strong>statuit</strong></span> <span class='ocrx_word' id='word_1_416' title='bbox 2045 2703 2100 2782; x_wconf 94' lang='lat' dir='ltr'>qui</span> 
     </span>
     <span class='ocr_line' id='line_1_52' title="bbox 1132 2785 2101 2868; baseline 0.002 -19"><span class='ocrx_word' id='word_1_417' title='bbox 1132 2788 1164 2849; x_wconf 91' lang='grc'>18</span> <span class='ocrx_word' id='word_1_418' title='bbox 1199 2798 1368 2868; x_wconf 90' lang='lat' dir='ltr'><strong>posterum</strong></span> <span class='ocrx_word' id='word_1_419' title='bbox 1402 2787 1543 2851; x_wconf 88' lang='lat' dir='ltr'><strong>duraret.</strong></span> <span class='ocrx_word' id='word_1_420' title='bbox 1598 2787 1666 2850; x_wconf 92' lang='lat' dir='ltr'><strong>Alii</strong></span> <span class='ocrx_word' id='word_1_421' title='bbox 1704 2785 1886 2850; x_wconf 89' lang='lat' dir='ltr'><strong>extendunt</strong></span> <span class='ocrx_word' id='word_1_422' title='bbox 1915 2786 1955 2849; x_wconf 92' lang='lat' dir='ltr'>ad</span> <span class='ocrx_word' id='word_1_423' title='bbox 1989 2807 2101 2852; x_wconf 90' lang='lat' dir='ltr'><strong>omues</strong></span> 
     </span>
     <span class='ocr_line' id='line_1_53' title="bbox 1131 2870 2101 2953; baseline 0.001 -19"><span class='ocrx_word' id='word_1_424' title='bbox 1131 2883 1307 2947; x_wconf 89' lang='lat' dir='ltr'><strong>creaturas,</strong></span> <span class='ocrx_word' id='word_1_425' title='bbox 1327 2882 1362 2935; x_wconf 92' lang='lat' dir='ltr'>ut</span> <span class='ocrx_word' id='word_1_426' title='bbox 1380 2873 1492 2936; x_wconf 90' lang='lat' dir='ltr'><strong>stellae</strong></span> <span class='ocrx_word' id='word_1_427' title='bbox 1511 2874 1577 2936; x_wconf 92' lang='lat' dir='ltr'><strong>sint</strong></span> <span class='ocrx_word' id='word_1_428' title='bbox 1596 2872 1694 2937; x_wconf 90' lang='grc'>881811</span> <span class='ocrx_word' id='word_1_429' title='bbox 1714 2894 1797 2936; x_wconf 88' lang='grc'>8888</span> <span class='ocrx_word' id='word_1_430' title='bbox 1816 2871 1963 2953; x_wconf 88' lang='grc'>8888188,</span> <span class='ocrx_word' id='word_1_431' title='bbox 1982 2870 2101 2935; x_wconf 89' lang='grc'>188188</span> 
     </span>
     <span class='ocr_line' id='line_1_54' title="bbox 1133 2955 2101 3037; baseline 0 -17"><span class='ocrx_word' id='word_1_432' title='bbox 1133 2957 1232 3031; x_wconf 89' lang='grc'>81188,</span> <span class='ocrx_word' id='word_1_433' title='bbox 1272 2959 1350 3021; x_wconf 88' lang='grc'>11818</span> <span class='ocrx_word' id='word_1_434' title='bbox 1391 2959 1570 3022; x_wconf 89' lang='lat' dir='ltr'><strong>animantia</strong></span> <span class='ocrx_word' id='word_1_435' title='bbox 1610 2970 1643 3022; x_wconf 91' lang='grc'>81</span> <span class='ocrx_word' id='word_1_436' title='bbox 1676 2956 1843 3021; x_wconf 89' lang='grc'>818818811.</span> <span class='ocrx_word' id='word_1_437' title='bbox 1901 2955 1967 3021; x_wconf 83' lang='lat' dir='ltr'>Sed</span> <span class='ocrx_word' id='word_1_438' title='bbox 2000 2978 2101 3037; x_wconf 92' lang='lat' dir='ltr'><strong>quum</strong></span> 
     </span>
     <span class='ocr_line' id='line_1_55' title="bbox 1132 3043 2101 3126; baseline -0.001 -20"><span class='ocrx_word' id='word_1_439' title='bbox 1132 3045 1262 3125; x_wconf 88' lang='lat' dir='ltr'><strong>propius</strong></span> <span class='ocrx_word' id='word_1_440' title='bbox 1292 3043 1450 3125; x_wconf 91' lang='lat' dir='ltr'><strong>expendo,</strong></span> <span class='ocrx_word' id='word_1_441' title='bbox 1485 3064 1581 3126; x_wconf 85' lang='lat' dir='ltr'><strong>cogor</strong></span> <span class='ocrx_word' id='word_1_442' title='bbox 1610 3045 1644 3107; x_wconf 94' lang='grc'>18</span> <span class='ocrx_word' id='word_1_443' title='bbox 1674 3044 1871 3108; x_wconf 90' lang='lat' dir='ltr'><strong>contrariam</strong></span> <span class='ocrx_word' id='word_1_444' title='bbox 1905 3045 2101 3106; x_wconf 89' lang='lat' dir='ltr'><strong>sententiam</strong></span> 
     </span>
     <span class='ocr_line' id='line_1_56' title="bbox 1131 3128 2102 3211; baseline 0 -19"><span class='ocrx_word' id='word_1_445' title='bbox 1131 3129 1307 3193; x_wconf 90' lang='lat' dir='ltr'><strong>inclinare:</strong></span> <span class='ocrx_word' id='word_1_446' title='bbox 1336 3149 1454 3210; x_wconf 90' lang='lat' dir='ltr'><strong>nempe</strong></span> <span class='ocrx_word' id='word_1_447' title='bbox 1478 3128 1564 3211; x_wconf 93' lang='lat' dir='ltr'><strong>quod</strong></span> <span class='ocrx_word' id='word_1_448' title='bbox 1587 3128 1749 3193; x_wconf 92' lang='lat' dir='ltr'><strong>Dominus</strong></span> <span class='ocrx_word' id='word_1_449' title='bbox 1772 3129 1811 3191; x_wconf 91' lang='lat' dir='ltr'>de</span> <span class='ocrx_word' id='word_1_450' title='bbox 1833 3129 1953 3209; x_wconf 93' lang='lat' dir='ltr'><strong>populo</strong></span> <span class='ocrx_word' id='word_1_451' title='bbox 1977 3150 2033 3192; x_wconf 89' lang='lat' dir='ltr'>suo</span> <span class='ocrx_word' id='word_1_452' title='bbox 2055 3128 2102 3191; x_wconf 93' lang='lat' dir='ltr'>lo·</span> 
     </span>
     <span class='ocr_line' id='line_1_57' title="bbox 1132 3214 2101 3296; baseline 0.001 -18"><span class='ocrx_word' id='word_1_453' title='bbox 1132 3224 1259 3296; x_wconf 91' lang='lat' dir='ltr'><strong>quatur.</strong></span> <span class='ocrx_word' id='word_1_454' title='bbox 1304 3215 1348 3277; x_wconf 84' lang='lat' dir='ltr'>Et</span> <span class='ocrx_word' id='word_1_455' title='bbox 1370 3215 1526 3296; x_wconf 92' lang='lat' dir='ltr'><strong>populum</strong></span> <span class='ocrx_word' id='word_1_456' title='bbox 1550 3214 1669 3281; x_wconf 89' lang='lat' dir='ltr'><strong>saeculi</strong></span> <span class='ocrx_word' id='word_1_457' title='bbox 1693 3228 1803 3289; x_wconf 84' lang='lat' dir='ltr'><strong>vocat,</strong></span> <span class='ocrx_word' id='word_1_458' title='bbox 1837 3214 1920 3294; x_wconf 92' lang='lat' dir='ltr'><strong>quod</strong></span> <span class='ocrx_word' id='word_1_459' title='bbox 1951 3215 2101 3279; x_wconf 90' lang='lat' dir='ltr'><strong>omnibus</strong></span> 
     </span>
     <span class='ocr_line' id='line_1_58' title="bbox 1130 3299 2101 3382; baseline 0 -19"><span class='ocrx_word' id='word_1_460' title='bbox 1130 3301 1203 3364; x_wconf 89' lang='lat' dir='ltr'><strong>aliis</strong></span> <span class='ocrx_word' id='word_1_461' title='bbox 1234 3299 1443 3381; x_wconf 85' lang='lat' dir='ltr'><strong>praeferatur.</strong></span> <span class='ocrx_word' id='word_1_462' title='bbox 1488 3301 1579 3365; x_wconf 91' lang='lat' dir='ltr'><strong>Alios</strong></span> <span class='ocrx_word' id='word_1_463' title='bbox 1609 3300 1739 3382; x_wconf 92' lang='lat' dir='ltr'><strong>quidem</strong></span> <span class='ocrx_word' id='word_1_464' title='bbox 1770 3300 1969 3380; x_wconf 83' lang='lat' dir='ltr'><strong>antiquiores</strong></span> <span class='ocrx_word' id='word_1_465' title='bbox 2003 3302 2101 3364; x_wconf 87' lang='lat' dir='ltr'><strong>fuisse</strong></span> 
     </span>
     <span class='ocr_line' id='line_1_59' title="bbox 1130 3385 2099 3468; baseline 0.002 -20"><span class='ocrx_word' id='word_1_466' title='bbox 1130 3397 1253 3449; x_wconf 89' lang='lat' dir='ltr'><strong>certum</strong></span> <span class='ocrx_word' id='word_1_467' title='bbox 1285 3397 1343 3450; x_wconf 90' lang='lat' dir='ltr'><strong>est.</strong></span> <span class='ocrx_word' id='word_1_468' title='bbox 1391 3387 1545 3468; x_wconf 80' lang='lat' dir='ltr'><strong>Aegyptii</strong></span> <span class='ocrx_word' id='word_1_469' title='bbox 1578 3406 1637 3448; x_wconf 89' lang='lat' dir='ltr'>sua</span> <span class='ocrx_word' id='word_1_470' title='bbox 1666 3390 1834 3462; x_wconf 89' lang='grc'>8811181818</span> <span class='ocrx_word' id='word_1_471' title='bbox 1863 3385 2099 3467; x_wconf 89' lang='lat' dir='ltr'><strong>gloriabantur.</strong></span> 
     </span>
    </p>
   </div>
   <div class='ocr_carea' id='block_1_7' title="bbox 109 3470 2100 3554">
    <p class='ocr_par' dir='ltr' id='par_1_7' title="bbox 109 3470 2100 3554">
     <span class='ocr_line' id='line_1_60' title="bbox 109 3470 2100 3554; baseline -0.002 -18"><span class='ocrx_word' id='word_1_472' title='bbox 109 3484 142 3536; x_wconf 91' lang='lat' dir='ltr'>et</span> <span class='ocrx_word' id='word_1_473' title='bbox 175 3471 249 3554; x_wconf 92' lang='lat' dir='ltr'><strong>plus</strong></span> <span class='ocrx_word' id='word_1_474' title='bbox 283 3473 446 3537; x_wconf 91' lang='lat' dir='ltr'><strong>interdum</strong></span> <span class='ocrx_word' id='word_1_475' title='bbox 481 3491 649 3537; x_wconf 85' lang='lat' dir='ltr'><strong>creaturae</strong></span> <span class='ocrx_word' id='word_1_476' title='bbox 682 3492 779 3553; x_wconf 90' lang='lat' dir='ltr'><strong>quam</strong></span> <span class='ocrx_word' id='word_1_477' title='bbox 820 3473 882 3554; x_wconf 92' lang='lat' dir='ltr'><strong>ipsi</strong></span> <span class='ocrx_word' id='word_1_478' title='bbox 924 3472 1077 3537; x_wconf 91' lang='lat' dir='ltr'><strong>tribuere.</strong></span> <span class='ocrx_word' id='word_1_479' title='bbox 1128 3470 1213 3534; x_wconf 90' lang='lat' dir='ltr'><strong>Item</strong></span> <span class='ocrx_word' id='word_1_480' title='bbox 1237 3471 1381 3535; x_wconf 89' lang='lat' dir='ltr'><strong>Arcades</strong></span> <span class='ocrx_word' id='word_1_481' title='bbox 1410 3487 1443 3535; x_wconf 89' lang='grc'>81</span> <span class='ocrx_word' id='word_1_482' title='bbox 1471 3471 1542 3535; x_wconf 89' lang='grc'>8111;</span> <span class='ocrx_word' id='word_1_483' title='bbox 1577 3471 1743 3534; x_wconf 89' lang='lat' dir='ltr'><strong>Abraham</strong></span> <span class='ocrx_word' id='word_1_484' title='bbox 1773 3489 1849 3533; x_wconf 89' lang='lat' dir='ltr'><strong>vero</strong></span> <span class='ocrx_word' id='word_1_485' title='bbox 1880 3492 1920 3533; x_wconf 92' lang='lat' dir='ltr'>ex</span> <span class='ocrx_word' id='word_1_486' title='bbox 1950 3472 2100 3550; x_wconf 85' lang='lat' dir='ltr'><strong>Mesopo·</strong></span> 
     </span>
    </p>
   </div>
   <div class='ocr_carea' id='block_1_8' title="bbox 108 3557 1079 3727">
    <p class='ocr_par' dir='ltr' id='par_1_8' title="bbox 108 3557 1079 3727">
     <span class='ocr_line' id='line_1_61' title="bbox 109 3557 1079 3641; baseline -0.001 -19"><span class='ocrx_word' id='word_1_487' title='bbox 109 3559 214 3622; x_wconf 91' lang='lat' dir='ltr'><strong>Puras</strong></span> <span class='ocrx_word' id='word_1_488' title='bbox 237 3559 339 3641; x_wconf 89' lang='lat' dir='ltr'><strong>igitur</strong></span> <span class='ocrx_word' id='word_1_489' title='bbox 361 3570 486 3622; x_wconf 91' lang='lat' dir='ltr'><strong>mentes</strong></span> <span class='ocrx_word' id='word_1_490' title='bbox 514 3569 652 3631; x_wconf 91' lang='lat' dir='ltr'><strong>nostras,</strong></span> <span class='ocrx_word' id='word_1_491' title='bbox 682 3569 780 3637; x_wconf 88' lang='lat' dir='ltr'><strong>atque</strong></span> <span class='ocrx_word' id='word_1_492' title='bbox 809 3557 897 3620; x_wconf 93' lang='lat' dir='ltr'><strong>omni</strong></span> <span class='ocrx_word' id='word_1_493' title='bbox 924 3559 1079 3641; x_wconf 85' lang='lat' dir='ltr'><strong>figmento</strong></span> 
     </span>
     <span class='ocr_line' id='line_1_62' title="bbox 108 3643 1079 3727; baseline -0.001 -20"><span class='ocrx_word' id='word_1_494' title='bbox 108 3664 230 3709; x_wconf 87' lang='lat' dir='ltr'><strong>vacuas</strong></span> <span class='ocrx_word' id='word_1_495' title='bbox 261 3646 293 3707; x_wconf 92' lang='lat' dir='ltr'>in</span> <span class='ocrx_word' id='word_1_496' title='bbox 327 3646 452 3708; x_wconf 91' lang='lat' dir='ltr'><strong>coelum</strong></span> <span class='ocrx_word' id='word_1_497' title='bbox 482 3645 562 3727; x_wconf 86' lang='lat' dir='ltr'><strong>erigi</strong></span> <span class='ocrx_word' id='word_1_498' title='bbox 595 3644 674 3718; x_wconf 88' lang='lat' dir='ltr'><strong>vult,</strong></span> <span class='ocrx_word' id='word_1_499' title='bbox 708 3653 745 3706; x_wconf 91' lang='lat' dir='ltr'>ut</span> <span class='ocrx_word' id='word_1_500' title='bbox 777 3643 812 3705; x_wconf 91' lang='lat' dir='ltr'>in</span> <span class='ocrx_word' id='word_1_501' title='bbox 844 3662 947 3706; x_wconf 90' lang='lat' dir='ltr'><strong>unum</strong></span> <span class='ocrx_word' id='word_1_502' title='bbox 972 3645 1079 3706; x_wconf 92' lang='lat' dir='ltr'><strong>Deum</strong></span> 
     </span>
    </p>
   </div>
   <div class='ocr_carea' id='block_1_9' title="bbox 10 3727 1079 3811">
    <p class='ocr_par' dir='ltr' id='par_1_9' title="bbox 10 3727 1079 3811">
     <span class='ocr_line' id='line_1_63' title="bbox 10 3727 1079 3811; baseline 0.002 -20"><span class='ocrx_word' id='word_1_503' title='bbox 10 3786 13 3791; x_wconf 88' lang='lat'><strong>.</strong></span> <span class='ocrx_word' id='word_1_504' title='bbox 108 3730 241 3811; x_wconf 87' lang='lat' dir='ltr'><strong>penitus</strong></span> <span class='ocrx_word' id='word_1_505' title='bbox 274 3730 372 3792; x_wconf 91' lang='lat' dir='ltr'><strong>defixi</strong></span> <span class='ocrx_word' id='word_1_506' title='bbox 407 3730 517 3793; x_wconf 91' lang='lat' dir='ltr'><strong>simus.</strong></span> <span class='ocrx_word' id='word_1_507' title='bbox 574 3729 675 3793; x_wconf 81' lang='lat' dir='ltr'><strong>Adde·</strong></span> <span class='ocrx_word' id='word_1_508' title='bbox 701 3728 786 3809; x_wconf 93' lang='lat' dir='ltr'><strong>quod</strong></span> <span class='ocrx_word' id='word_1_509' title='bbox 821 3727 978 3810; x_wconf 91' lang='lat' dir='ltr'><strong>populum</strong></span> <span class='ocrx_word' id='word_1_510' title='bbox 1012 3740 1079 3793; x_wconf 91' lang='lat' dir='ltr'>tam</span> 
     </span>
    </p>
   </div>
   <div class='ocr_carea' id='block_1_10' title="bbox 107 3814 1080 5178">
    <p class='ocr_par' dir='ltr' id='par_1_10' title="bbox 107 3814 1080 4049">
     <span class='ocr_line' id='line_1_64' title="bbox 107 3814 1080 3896; baseline -0.002 -19"><span class='ocrx_word' id='word_1_511' title='bbox 107 3816 225 3877; x_wconf 90' lang='lat' dir='ltr'><strong>misere</strong></span> <span class='ocrx_word' id='word_1_512' title='bbox 248 3827 401 3878; x_wconf 85' lang='lat' dir='ltr'><strong>vexatum</strong></span> <span class='ocrx_word' id='word_1_513' title='bbox 424 3825 537 3878; x_wconf 91' lang='lat' dir='ltr'><strong>contra</strong></span> <span class='ocrx_word' id='word_1_514' title='bbox 561 3824 626 3877; x_wconf 88' lang='lat' dir='ltr'>tam</span> <span class='ocrx_word' id='word_1_515' title='bbox 651 3814 811 3878; x_wconf 85' lang='lat' dir='ltr'><strong>violentos</strong></span> <span class='ocrx_word' id='word_1_516' title='bbox 841 3816 983 3896; x_wconf 91' lang='lat' dir='ltr'><strong>impetus</strong></span> <span class='ocrx_word' id='word_1_517' title='bbox 1013 3825 1080 3878; x_wconf 88' lang='lat' dir='ltr'><strong>sta-</strong></span> 
     </span>
     <span class='ocr_line' id='line_1_65' title="bbox 107 3897 1078 3983; baseline 0 -20"><span class='ocrx_word' id='word_1_518' title='bbox 107 3899 194 3963; x_wconf 89' lang='lat' dir='ltr'><strong>biliri</strong></span> <span class='ocrx_word' id='word_1_519' title='bbox 217 3920 348 3964; x_wconf 89' lang='lat' dir='ltr'><strong>necesse</strong></span> <span class='ocrx_word' id='word_1_520' title='bbox 371 3897 442 3982; x_wconf 87' lang='grc'>1811,</span> <span class='ocrx_word' id='word_1_521' title='bbox 472 3912 506 3963; x_wconf 91' lang='grc'>81</span> <span class='ocrx_word' id='word_1_522' title='bbox 528 3899 668 3983; x_wconf 87' lang='lat' dir='ltr'><strong>gradum</strong></span> <span class='ocrx_word' id='word_1_523' title='bbox 690 3920 784 3963; x_wconf 89' lang='lat' dir='ltr'><strong>suom</strong></span> <span class='ocrx_word' id='word_1_524' title='bbox 817 3906 1005 3964; x_wconf 89' lang='lat' dir='ltr'><strong>constanter</strong></span> <span class='ocrx_word' id='word_1_525' title='bbox 1028 3920 1078 3963; x_wconf 92' lang='lat' dir='ltr'>re·</span> 
     </span>
     <span class='ocr_line' id='line_1_66' title="bbox 109 3987 238 4049; baseline -0.016 0"><span class='ocrx_word' id='word_1_526' title='bbox 109 3987 238 4049; x_wconf 90' lang='lat' dir='ltr'><strong>tineret.</strong></span> 
     </span>
    </p>

    <p class='ocr_par' dir='ltr' id='par_1_11' title="bbox 109 4068 1080 5178">
     <span class='ocr_line' id='line_1_67' title="bbox 195 4068 1079 4154; baseline 0.001 -20"><span class='ocrx_word' id='word_1_527' title='bbox 195 4071 224 4134; x_wconf 84' lang='lat' dir='ltr'>t.</span> <span class='ocrx_word' id='word_1_528' title='bbox 247 4068 305 4154; x_wconf 84' lang='lat' dir='ltr'>(Et</span> <span class='ocrx_word' id='word_1_529' title='bbox 325 4071 397 4151; x_wconf 81' lang='lat' dir='ltr'><strong>quis</strong></span> <span class='ocrx_word' id='word_1_530' title='bbox 418 4070 497 4133; x_wconf 81' lang='lat' dir='ltr'><strong>sicut</strong></span> <span class='ocrx_word' id='word_1_531' title='bbox 518 4069 593 4154; x_wconf 82' lang='grc'>888.)</span> <span class='ocrx_word' id='word_1_532' title='bbox 632 4070 697 4135; x_wconf 91' lang='grc' dir='ltr'>Η18</span> <span class='ocrx_word' id='word_1_533' title='bbox 718 4069 880 4133; x_wconf 92' lang='lat' dir='ltr'><strong>Dominus</strong></span> <span class='ocrx_word' id='word_1_534' title='bbox 899 4070 1023 4135; x_wconf 89' lang='lat' dir='ltr'><strong>confert</strong></span> <span class='ocrx_word' id='word_1_535' title='bbox 1045 4092 1079 4135; x_wconf 93' lang='lat' dir='ltr'>se</span> 
     </span>
     <span class='ocr_line' id='line_1_68' title="bbox 110 4155 1080 4234; baseline 0 -13"><span class='ocrx_word' id='word_1_536' title='bbox 110 4178 183 4222; x_wconf 91' lang='lat' dir='ltr'>cum</span> <span class='ocrx_word' id='word_1_537' title='bbox 207 4156 310 4234; x_wconf 89' lang='lat' dir='ltr'><strong>idolis,</strong></span> <span class='ocrx_word' id='word_1_538' title='bbox 340 4168 378 4219; x_wconf 92' lang='grc'>81</span> <span class='ocrx_word' id='word_1_539' title='bbox 407 4155 472 4217; x_wconf 90' lang='grc'>1881</span> <span class='ocrx_word' id='word_1_540' title='bbox 501 4166 598 4218; x_wconf 90' lang='grc'>88188</span> <span class='ocrx_word' id='word_1_541' title='bbox 626 4156 688 4219; x_wconf 89' lang='grc'>8118</span> <span class='ocrx_word' id='word_1_542' title='bbox 718 4155 788 4220; x_wconf 90' lang='grc'>1888</span> <span class='ocrx_word' id='word_1_543' title='bbox 813 4155 961 4219; x_wconf 90' lang='lat' dir='ltr'><strong>vidimus.</strong></span> <span class='ocrx_word' id='word_1_544' title='bbox 983 4224 986 4228; x_wconf 63' lang='grc'>,</span> <span class='ocrx_word' id='word_1_545' title='bbox 1007 4155 1080 4222; x_wconf 91' lang='grc' dir='ltr'>Η88</span> 
     </span>
     <span class='ocr_line' id='line_1_69' title="bbox 109 4239 1079 4324; baseline 0 -18"><span class='ocrx_word' id='word_1_546' title='bbox 109 4252 217 4306; x_wconf 90' lang='grc'>881818</span> <span class='ocrx_word' id='word_1_547' title='bbox 239 4263 277 4306; x_wconf 91' lang='grc'>88</span> <span class='ocrx_word' id='word_1_548' title='bbox 299 4250 424 4324; x_wconf 87' lang='grc'>8888181</span> <span class='ocrx_word' id='word_1_549' title='bbox 446 4262 496 4317; x_wconf 91' lang='grc'>88,</span> <span class='ocrx_word' id='word_1_550' title='bbox 520 4261 619 4321; x_wconf 89' lang='grc'>88881</span> <span class='ocrx_word' id='word_1_551' title='bbox 643 4239 818 4323; x_wconf 84' lang='lat' dir='ltr'><strong>Babylonii</strong></span> <span class='ocrx_word' id='word_1_552' title='bbox 842 4242 978 4305; x_wconf 88' lang='lat' dir='ltr'><strong>victores</strong></span> <span class='ocrx_word' id='word_1_553' title='bbox 1001 4242 1079 4322; x_wconf 90' lang='lat' dir='ltr'><strong>ipsis</strong></span> 
     </span>
     <span class='ocr_line' id='line_1_70' title="bbox 109 4327 1079 4409; baseline -0.001 -18"><span class='ocrx_word' id='word_1_554' title='bbox 109 4336 261 4409; x_wconf 85' lang='lat' dir='ltr'><strong>proterve</strong></span> <span class='ocrx_word' id='word_1_555' title='bbox 283 4327 487 4404; x_wconf 89' lang='lat' dir='ltr'><strong>insultarent,</strong></span> <span class='ocrx_word' id='word_1_556' title='bbox 518 4327 636 4390; x_wconf 90' lang='lat' dir='ltr'><strong>animis</strong></span> <span class='ocrx_word' id='word_1_557' title='bbox 659 4327 842 4405; x_wconf 87' lang='lat' dir='ltr'><strong>deficerent,</strong></span> <span class='ocrx_word' id='word_1_558' title='bbox 872 4347 970 4409; x_wconf 91' lang='lat' dir='ltr'><strong>seque</strong></span> <span class='ocrx_word' id='word_1_559' title='bbox 993 4328 1079 4391; x_wconf 87' lang='lat' dir='ltr'><strong>frau-</strong></span> 
     </span>
     <span class='ocr_line' id='line_1_71' title="bbox 110 4411 1079 4493; baseline 0 -17"><span class='ocrx_word' id='word_1_560' title='bbox 110 4413 202 4476; x_wconf 89' lang='lat' dir='ltr'><strong>datos</strong></span> <span class='ocrx_word' id='word_1_561' title='bbox 224 4434 293 4476; x_wconf 90' lang='lat' dir='ltr'><strong>esse</strong></span> <span class='ocrx_word' id='word_1_562' title='bbox 314 4413 560 4477; x_wconf 89' lang='lat' dir='ltr'><strong>arbitrarentur.</strong></span> <span class='ocrx_word' id='word_1_563' title='bbox 607 4411 689 4475; x_wconf 92' lang='lat' dir='ltr'>Nam</span> <span class='ocrx_word' id='word_1_564' title='bbox 714 4411 813 4476; x_wconf 88' lang='lat' dir='ltr'><strong>durae</strong></span> <span class='ocrx_word' id='word_1_565' title='bbox 839 4426 915 4475; x_wconf 93' lang='lat' dir='ltr'><strong>sunt</strong></span> <span class='ocrx_word' id='word_1_566' title='bbox 945 4427 977 4475; x_wconf 91' lang='grc'>81</span> <span class='ocrx_word' id='word_1_567' title='bbox 1006 4434 1079 4493; x_wconf 89' lang='lat' dir='ltr'><strong>gra·</strong></span> 
     </span>
     <span class='ocr_line' id='line_1_72' title="bbox 110 4497 1079 4584; baseline 0 -23"><span class='ocrx_word' id='word_1_568' title='bbox 110 4518 167 4584; x_wconf 83' lang='lat' dir='ltr'>ves</span> <span class='ocrx_word' id='word_1_569' title='bbox 197 4497 368 4561; x_wconf 91' lang='lat' dir='ltr'><strong>admodum</strong></span> <span class='ocrx_word' id='word_1_570' title='bbox 397 4498 474 4562; x_wconf 91' lang='lat' dir='ltr'><strong>illae</strong></span> <span class='ocrx_word' id='word_1_571' title='bbox 503 4518 607 4576; x_wconf 86' lang='lat' dir='ltr'><strong>voces,</strong></span> <span class='ocrx_word' id='word_1_572' title='bbox 637 4498 750 4579; x_wconf 90' lang='lat' dir='ltr'><strong>quales</strong></span> <span class='ocrx_word' id='word_1_573' title='bbox 779 4499 1013 4563; x_wconf 88' lang='lat' dir='ltr'><strong>obiiciebantor</strong></span> <span class='ocrx_word' id='word_1_574' title='bbox 1039 4499 1079 4561; x_wconf 91' lang='lat' dir='ltr'>ab</span> 
     </span>
     <span class='ocr_line' id='line_1_73' title="bbox 109 4582 1079 4665; baseline 0.001 -19"><span class='ocrx_word' id='word_1_575' title='bbox 109 4582 236 4665; x_wconf 91' lang='lat' dir='ltr'><strong>impiis:</strong></span> <span class='ocrx_word' id='word_1_576' title='bbox 259 4582 322 4647; x_wconf 90' lang='lat' dir='ltr'>Ubi</span> <span class='ocrx_word' id='word_1_577' title='bbox 342 4595 391 4648; x_wconf 89' lang='lat' dir='ltr'>est</span> <span class='ocrx_word' id='word_1_578' title='bbox 409 4585 499 4649; x_wconf 91' lang='lat' dir='ltr'><strong>Deus</strong></span> <span class='ocrx_word' id='word_1_579' title='bbox 516 4582 651 4648; x_wconf 84' lang='lat' dir='ltr'><strong>eorum?</strong></span> <span class='ocrx_word' id='word_1_580' title='bbox 678 4582 747 4647; x_wconf 82' lang='grc'>(188</span> <span class='ocrx_word' id='word_1_581' title='bbox 764 4585 855 4647; x_wconf 90' lang='grc'>88118</span> <span class='ocrx_word' id='word_1_582' title='bbox 873 4604 939 4647; x_wconf 89' lang='lat' dir='ltr'>non</span> <span class='ocrx_word' id='word_1_583' title='bbox 958 4584 1079 4648; x_wconf 89' lang='lat' dir='ltr'><strong>auxilio</strong></span> 
     </span>
     <span class='ocr_line' id='line_1_74' title="bbox 109 4667 1079 4752; baseline 0 -20"><span class='ocrx_word' id='word_1_584' title='bbox 109 4668 182 4732; x_wconf 85' lang='lat' dir='ltr'><strong>est?</strong></span> <span class='ocrx_word' id='word_1_585' title='bbox 217 4667 350 4733; x_wconf 73' lang='lat' dir='ltr'><strong>Talibus</strong></span> <span class='ocrx_word' id='word_1_586' title='bbox 373 4669 582 4752; x_wconf 91' lang='lat' dir='ltr'><strong>blasphemiis</strong></span> <span class='ocrx_word' id='word_1_587' title='bbox 605 4671 732 4732; x_wconf 88' lang='grc'>8888811</span> <span class='ocrx_word' id='word_1_588' title='bbox 762 4679 912 4750; x_wconf 90' lang='grc'>88188881</span> <span class='ocrx_word' id='word_1_589' title='bbox 932 4669 1079 4733; x_wconf 89' lang='grc'>11811881</span> 
     </span>
     <span class='ocr_line' id='line_1_75' title="bbox 109 4756 1080 4837; baseline 0 -19"><span class='ocrx_word' id='word_1_590' title='bbox 109 4767 244 4830; x_wconf 88' lang='grc'>1888188,</span> <span class='ocrx_word' id='word_1_591' title='bbox 266 4766 363 4835; x_wconf 89' lang='grc'>81888</span> <span class='ocrx_word' id='word_1_592' title='bbox 385 4756 432 4818; x_wconf 90' lang='grc'>118</span> <span class='ocrx_word' id='word_1_593' title='bbox 454 4757 580 4820; x_wconf 88' lang='grc'>1881881</span> <span class='ocrx_word' id='word_1_594' title='bbox 603 4768 639 4818; x_wconf 88' lang='grc'>81</span> <span class='ocrx_word' id='word_1_595' title='bbox 661 4776 751 4837; x_wconf 89' lang='grc'>88881</span> <span class='ocrx_word' id='word_1_596' title='bbox 775 4764 807 4817; x_wconf 91' lang='grc'>81</span> <span class='ocrx_word' id='word_1_597' title='bbox 830 4756 979 4820; x_wconf 88' lang='lat' dir='ltr'><strong>fiduciam</strong></span> <span class='ocrx_word' id='word_1_598' title='bbox 1003 4756 1080 4820; x_wconf 90' lang='lat' dir='ltr'><strong>abii-</strong></span> 
     </span>
     <span class='ocr_line' id='line_1_76' title="bbox 110 4839 1079 4923; baseline -0.001 -18"><span class='ocrx_word' id='word_1_599' title='bbox 110 4851 229 4906; x_wconf 88' lang='lat' dir='ltr'><strong>cereut.</strong></span> <span class='ocrx_word' id='word_1_600' title='bbox 274 4839 352 4904; x_wconf 93' lang='lat' dir='ltr'><strong>Ideo</strong></span> <span class='ocrx_word' id='word_1_601' title='bbox 374 4851 440 4902; x_wconf 91' lang='lat' dir='ltr'>tam</span> <span class='ocrx_word' id='word_1_602' title='bbox 463 4852 613 4907; x_wconf 86' lang='lat' dir='ltr'><strong>accurate</strong></span> <span class='ocrx_word' id='word_1_603' title='bbox 635 4842 668 4904; x_wconf 91' lang='lat' dir='ltr'>in</span> <span class='ocrx_word' id='word_1_604' title='bbox 693 4841 752 4903; x_wconf 93' lang='lat' dir='ltr'><strong>hoc</strong></span> <span class='ocrx_word' id='word_1_605' title='bbox 771 4841 891 4903; x_wconf 90' lang='lat' dir='ltr'><strong>insistit</strong></span> <span class='ocrx_word' id='word_1_606' title='bbox 910 4841 1079 4923; x_wconf 90' lang='lat' dir='ltr'><strong>propheta,</strong></span> 
     </span>
     <span class='ocr_line' id='line_1_77' title="bbox 109 4925 1079 5009; baseline -0.001 -18"><span class='ocrx_word' id='word_1_607' title='bbox 109 4938 146 4992; x_wconf 91' lang='lat' dir='ltr'>ut</span> <span class='ocrx_word' id='word_1_608' title='bbox 170 4929 238 5009; x_wconf 92' lang='lat' dir='ltr'><strong>pios</strong></span> <span class='ocrx_word' id='word_1_609' title='bbox 263 4926 367 5008; x_wconf 89' lang='lat' dir='ltr'><strong>magis</strong></span> <span class='ocrx_word' id='word_1_610' title='bbox 396 4926 574 4991; x_wconf 88' lang='lat' dir='ltr'><strong>confirmet.</strong></span> <span class='ocrx_word' id='word_1_611' title='bbox 621 4927 787 4992; x_wconf 89' lang='lat' dir='ltr'><strong>Luctuosa</strong></span> <span class='ocrx_word' id='word_1_612' title='bbox 815 4925 871 4988; x_wconf 88' lang='lat' dir='ltr'><strong>illa</strong></span> <span class='ocrx_word' id='word_1_613' title='bbox 893 4925 1000 4991; x_wconf 91' lang='lat' dir='ltr'><strong>clades</strong></span> <span class='ocrx_word' id='word_1_614' title='bbox 1023 4947 1079 5007; x_wconf 93' lang='lat' dir='ltr'>po·</span> 
     </span>
     <span class='ocr_line' id='line_1_78' title="bbox 109 5010 1080 5095; baseline -0.001 -18"><span class='ocrx_word' id='word_1_615' title='bbox 109 5012 180 5095; x_wconf 93' lang='lat' dir='ltr'><strong>puli</strong></span> <span class='ocrx_word' id='word_1_616' title='bbox 202 5014 307 5076; x_wconf 88' lang='lat' dir='ltr'><strong>instar</strong></span> <span class='ocrx_word' id='word_1_617' title='bbox 329 5011 447 5075; x_wconf 90' lang='grc'>188888</span> <span class='ocrx_word' id='word_1_618' title='bbox 470 5026 540 5075; x_wconf 89' lang='grc'>8881</span> <span class='ocrx_word' id='word_1_619' title='bbox 561 5013 720 5095; x_wconf 89' lang='grc'>881181818,</span> <span class='ocrx_word' id='word_1_620' title='bbox 744 5032 826 5094; x_wconf 89' lang='grc'>8888</span> <span class='ocrx_word' id='word_1_621' title='bbox 847 5010 1080 5093; x_wconf 91' lang='lat' dir='ltr'><strong>Deiconspec-</strong></span> 
     </span>
     <span class='ocr_line' id='line_1_79' title="bbox 111 5096 1080 5178; baseline -0.002 -16"><span class='ocrx_word' id='word_1_622' title='bbox 111 5110 180 5163; x_wconf 88' lang='lat' dir='ltr'>tum</span> <span class='ocrx_word' id='word_1_623' title='bbox 214 5098 372 5164; x_wconf 89' lang='lat' dir='ltr'><strong>adimeret</strong></span> <span class='ocrx_word' id='word_1_624' title='bbox 403 5096 563 5162; x_wconf 90' lang='lat' dir='ltr'><strong>fidelibus.</strong></span> <span class='ocrx_word' id='word_1_625' title='bbox 615 5098 752 5162; x_wconf 88' lang='lat' dir='ltr'><strong>Interim</strong></span> <span class='ocrx_word' id='word_1_626' title='bbox 781 5096 1001 5178; x_wconf 89' lang='lat' dir='ltr'><strong>tripudiabant</strong></span> <span class='ocrx_word' id='word_1_627' title='bbox 1030 5098 1080 5161; x_wconf 90' lang='lat' dir='ltr'>in·</span> 
     </span>
    </p>
   </div>
   <div class='ocr_carea' id='block_1_11' title="bbox 1129 3554 2102 5178">
    <p class='ocr_par' dir='ltr' id='par_1_12' title="bbox 1129 3554 2102 5178">
     <span class='ocr_line' id='line_1_80' title="bbox 1130 3554 2101 3636; baseline -0.001 -16"><span class='ocrx_word' id='word_1_628' title='bbox 1130 3561 1229 3620; x_wconf 88' lang='grc'>181818</span> <span class='ocrx_word' id='word_1_629' title='bbox 1251 3555 1386 3620; x_wconf 91' lang='grc'>8188188</span> <span class='ocrx_word' id='word_1_630' title='bbox 1409 3568 1467 3635; x_wconf 88' lang='grc'>881,</span> <span class='ocrx_word' id='word_1_631' title='bbox 1497 3578 1594 3636; x_wconf 88' lang='grc'>88881</span> <span class='ocrx_word' id='word_1_632' title='bbox 1618 3577 1670 3619; x_wconf 89' lang='grc'>888</span> <span class='ocrx_word' id='word_1_633' title='bbox 1693 3554 1933 3619; x_wconf 83' lang='lat' dir='ltr'><strong>Chaldaeorum</strong></span> <span class='ocrx_word' id='word_1_634' title='bbox 1959 3559 2101 3619; x_wconf 88' lang='lat' dir='ltr'><strong>maxime</strong></span> 
     </span>
     <span class='ocr_line' id='line_1_81' title="bbox 1129 3640 2100 3723; baseline 0.001 -18"><span class='ocrx_word' id='word_1_635' title='bbox 1129 3643 1299 3706; x_wconf 90' lang='lat' dir='ltr'><strong>florerent:</strong></span> <span class='ocrx_word' id='word_1_636' title='bbox 1324 3642 1469 3723; x_wconf 85' lang='lat' dir='ltr'><strong>vixitque</strong></span> <span class='ocrx_word' id='word_1_637' title='bbox 1493 3641 1579 3704; x_wconf 92' lang='lat' dir='ltr'><strong>domi</strong></span> <span class='ocrx_word' id='word_1_638' title='bbox 1602 3640 1765 3705; x_wconf 86' lang='lat' dir='ltr'><strong>solitarius</strong></span> <span class='ocrx_word' id='word_1_639' title='bbox 1787 3660 1825 3704; x_wconf 91' lang='lat' dir='ltr'>ac</span> <span class='ocrx_word' id='word_1_640' title='bbox 1846 3641 1875 3705; x_wconf 92' lang='lat' dir='ltr'>si</span> <span class='ocrx_word' id='word_1_641' title='bbox 1897 3663 1971 3706; x_wconf 93' lang='lat' dir='ltr'>cum</span> <span class='ocrx_word' id='word_1_642' title='bbox 1995 3654 2100 3706; x_wconf 88' lang='lat' dir='ltr'><strong>morte</strong></span> 
     </span>
     <span class='ocr_line' id='line_1_82' title="bbox 1131 3726 2102 3809; baseline -0.001 -18"><span class='ocrx_word' id='word_1_643' title='bbox 1131 3728 1226 3809; x_wconf 90' lang='lat' dir='ltr'><strong>paulo</strong></span> <span class='ocrx_word' id='word_1_644' title='bbox 1256 3741 1327 3808; x_wconf 90' lang='lat' dir='ltr'><strong>post</strong></span> <span class='ocrx_word' id='word_1_645' title='bbox 1356 3726 1494 3790; x_wconf 91' lang='lat' dir='ltr'><strong>delenda</strong></span> <span class='ocrx_word' id='word_1_646' title='bbox 1528 3739 1614 3790; x_wconf 86' lang='lat' dir='ltr'><strong>esset</strong></span> <span class='ocrx_word' id='word_1_647' title='bbox 1645 3728 1713 3790; x_wconf 92' lang='lat' dir='ltr'><strong>eius</strong></span> <span class='ocrx_word' id='word_1_648' title='bbox 1743 3728 1907 3809; x_wconf 90' lang='lat' dir='ltr'><strong>memoria,</strong></span> <span class='ocrx_word' id='word_1_649' title='bbox 1941 3748 2042 3809; x_wconf 91' lang='lat' dir='ltr'><strong>quum</strong></span> <span class='ocrx_word' id='word_1_650' title='bbox 2070 3744 2102 3792; x_wconf 90' lang='grc'>81</span> 
     </span>
     <span class='ocr_line' id='line_1_83' title="bbox 1131 3810 2101 3893; baseline 0.002 -17"><span class='ocrx_word' id='word_1_651' title='bbox 1131 3814 1300 3876; x_wconf 92' lang='lat' dir='ltr'><strong>hominum</strong></span> <span class='ocrx_word' id='word_1_652' title='bbox 1324 3813 1415 3893; x_wconf 90' lang='lat' dir='ltr'><strong>copia</strong></span> <span class='ocrx_word' id='word_1_653' title='bbox 1433 3825 1465 3875; x_wconf 92' lang='grc'>81</span> <span class='ocrx_word' id='word_1_654' title='bbox 1481 3812 1554 3875; x_wconf 87' lang='grc'>81118</span> <span class='ocrx_word' id='word_1_655' title='bbox 1572 3812 1668 3876; x_wconf 88' lang='grc'>88188</span> <span class='ocrx_word' id='word_1_656' title='bbox 1685 3810 1829 3876; x_wconf 90' lang='grc'>88181888</span> <span class='ocrx_word' id='word_1_657' title='bbox 1847 3825 1956 3876; x_wconf 89' lang='grc'>888881</span> <span class='ocrx_word' id='word_1_658' title='bbox 1974 3814 2101 3878; x_wconf 89' lang='grc'>8181888</span> 
     </span>
     <span class='ocr_line' id='line_1_84' title="bbox 1132 3896 2099 3980; baseline 0.002 -19"><span class='ocrx_word' id='word_1_659' title='bbox 1132 3910 1247 3962; x_wconf 90' lang='lat' dir='ltr'><strong>terrae.</strong></span> <span class='ocrx_word' id='word_1_660' title='bbox 1295 3899 1482 3979; x_wconf 86' lang='lat' dir='ltr'><strong>Antiquitas</strong></span> <span class='ocrx_word' id='word_1_661' title='bbox 1512 3919 1589 3980; x_wconf 89' lang='lat' dir='ltr'><strong>ergo</strong></span> <span class='ocrx_word' id='word_1_662' title='bbox 1611 3896 1744 3962; x_wconf 89' lang='lat' dir='ltr'><strong>Israelis</strong></span> <span class='ocrx_word' id='word_1_663' title='bbox 1774 3918 1838 3960; x_wconf 91' lang='lat' dir='ltr'>non</span> <span class='ocrx_word' id='word_1_664' title='bbox 1868 3919 1909 3961; x_wconf 89' lang='lat' dir='ltr'>ex</span> <span class='ocrx_word' id='word_1_665' title='bbox 1939 3919 2099 3963; x_wconf 90' lang='lat' dir='ltr'><strong>annorum</strong></span> 
     </span>
     <span class='ocr_line' id='line_1_85' title="bbox 1131 3981 2102 4058; baseline 0.002 -11"><span class='ocrx_word' id='word_1_666' title='bbox 1131 4004 1268 4047; x_wconf 90' lang='lat' dir='ltr'><strong>numero</strong></span> <span class='ocrx_word' id='word_1_667' title='bbox 1291 3995 1348 4047; x_wconf 89' lang='lat' dir='ltr'>aut</span> <span class='ocrx_word' id='word_1_668' title='bbox 1370 3994 1505 4047; x_wconf 90' lang='lat' dir='ltr'><strong>externo</strong></span> <span class='ocrx_word' id='word_1_669' title='bbox 1536 4005 1644 4047; x_wconf 90' lang='lat' dir='ltr'><strong>rerum</strong></span> <span class='ocrx_word' id='word_1_670' title='bbox 1674 3994 1771 4058; x_wconf 89' lang='lat' dir='ltr'><strong>statu,</strong></span> <span class='ocrx_word' id='word_1_671' title='bbox 1802 3981 1858 4046; x_wconf 89' lang='lat' dir='ltr'>sed</span> <span class='ocrx_word' id='word_1_672' title='bbox 1882 3982 1921 4047; x_wconf 92' lang='lat' dir='ltr'>ab</span> <span class='ocrx_word' id='word_1_673' title='bbox 1944 3984 2102 4049; x_wconf 90' lang='lat' dir='ltr'><strong>electione</strong></span> 
     </span>
     <span class='ocr_line' id='line_1_86' title="bbox 1134 4067 2100 4134; baseline 0.002 -1"><span class='ocrx_word' id='word_1_674' title='bbox 1134 4071 1194 4133; x_wconf 90' lang='lat' dir='ltr'>Dei</span> <span class='ocrx_word' id='word_1_675' title='bbox 1217 4068 1416 4132; x_wconf 87' lang='lat' dir='ltr'><strong>aestimanda</strong></span> <span class='ocrx_word' id='word_1_676' title='bbox 1438 4079 1495 4133; x_wconf 87' lang='lat' dir='ltr'><strong>est.</strong></span> <span class='ocrx_word' id='word_1_677' title='bbox 1541 4069 1635 4133; x_wconf 91' lang='lat' dir='ltr'><strong>Unde</strong></span> <span class='ocrx_word' id='word_1_678' title='bbox 1658 4070 1754 4132; x_wconf 89' lang='lat' dir='ltr'><strong>etiam</strong></span> <span class='ocrx_word' id='word_1_679' title='bbox 1778 4067 1990 4133; x_wconf 89' lang='lat' dir='ltr'><strong>fundamenta</strong></span> <span class='ocrx_word' id='word_1_680' title='bbox 2012 4069 2100 4134; x_wconf 88' lang='lat' dir='ltr'><strong>Ieru-</strong></span> 
     </span>
     <span class='ocr_line' id='line_1_87' title="bbox 1131 4153 2100 4237; baseline 0.001 -18"><span class='ocrx_word' id='word_1_681' title='bbox 1131 4155 1229 4219; x_wconf 90' lang='lat' dir='ltr'><strong>salem</strong></span> <span class='ocrx_word' id='word_1_682' title='bbox 1254 4168 1386 4217; x_wconf 88' lang='lat' dir='ltr'><strong>aeteroa</strong></span> <span class='ocrx_word' id='word_1_683' title='bbox 1415 4155 1630 4236; x_wconf 88' lang='lat' dir='ltr'><strong>appellantur.</strong></span> <span class='ocrx_word' id='word_1_684' title='bbox 1675 4153 1815 4216; x_wconf 89' lang='lat' dir='ltr'><strong>Perinde</strong></span> <span class='ocrx_word' id='word_1_685' title='bbox 1843 4174 1920 4237; x_wconf 90' lang='grc'>8888</span> <span class='ocrx_word' id='word_1_686' title='bbox 1943 4168 2051 4221; x_wconf 87' lang='grc'>88188</span> <span class='ocrx_word' id='word_1_687' title='bbox 2074 4157 2100 4220; x_wconf 88' lang='grc'>81</span> 
     </span>
     <span class='ocr_line' id='line_1_88' title="bbox 1131 4238 2100 4321; baseline 0.002 -18"><span class='ocrx_word' id='word_1_688' title='bbox 1131 4240 1265 4304; x_wconf 88' lang='lat' dir='ltr'><strong>diceret:</strong></span> <span class='ocrx_word' id='word_1_689' title='bbox 1290 4243 1474 4321; x_wconf 84' lang='lat' dir='ltr'><strong>Antequam</strong></span> <span class='ocrx_word' id='word_1_690' title='bbox 1495 4239 1730 4305; x_wconf 88' lang='lat' dir='ltr'><strong>fabricarentur</strong></span> <span class='ocrx_word' id='word_1_691' title='bbox 1747 4238 1831 4301; x_wconf 92' lang='lat' dir='ltr'><strong>idola</strong></span> <span class='ocrx_word' id='word_1_692' title='bbox 1849 4241 1889 4304; x_wconf 93' lang='lat' dir='ltr'>ab</span> <span class='ocrx_word' id='word_1_693' title='bbox 1906 4240 2100 4321; x_wconf 90' lang='lat' dir='ltr'><strong>homiuibus,</strong></span> 
     </span>
     <span class='ocr_line' id='line_1_89' title="bbox 1131 4325 2101 4406; baseline 0 -15"><span class='ocrx_word' id='word_1_694' title='bbox 1131 4325 1286 4391; x_wconf 90' lang='lat' dir='ltr'><strong>constitui</strong></span> <span class='ocrx_word' id='word_1_695' title='bbox 1316 4348 1367 4389; x_wconf 91' lang='lat' dir='ltr'>me</span> <span class='ocrx_word' id='word_1_696' title='bbox 1395 4326 1562 4391; x_wconf 87' lang='lat' dir='ltr'><strong>ecclesiam</strong></span> <span class='ocrx_word' id='word_1_697' title='bbox 1597 4326 1794 4399; x_wconf 90' lang='lat' dir='ltr'><strong>habiturum,</strong></span> <span class='ocrx_word' id='word_1_698' title='bbox 1829 4345 1913 4406; x_wconf 93' lang='lat' dir='ltr'><strong>quae</strong></span> <span class='ocrx_word' id='word_1_699' title='bbox 1942 4329 1975 4389; x_wconf 93' lang='lat' dir='ltr'>in</span> <span class='ocrx_word' id='word_1_700' title='bbox 2005 4348 2101 4391; x_wconf 91' lang='lat' dir='ltr'><strong>omne</strong></span> 
     </span>
     <span class='ocr_line' id='line_1_90' title="bbox 1131 4409 2100 4493; baseline -0.001 -17"><span class='ocrx_word' id='word_1_701' title='bbox 1131 4433 1246 4476; x_wconf 88' lang='lat' dir='ltr'><strong>aevom</strong></span> <span class='ocrx_word' id='word_1_702' title='bbox 1281 4411 1424 4476; x_wconf 88' lang='lat' dir='ltr'><strong>duraret.</strong></span> <span class='ocrx_word' id='word_1_703' title='bbox 1470 4412 1534 4476; x_wconf 92' lang='lat' dir='ltr'>Hic</span> <span class='ocrx_word' id='word_1_704' title='bbox 1558 4431 1634 4493; x_wconf 88' lang='lat' dir='ltr'><strong>ergo</strong></span> <span class='ocrx_word' id='word_1_705' title='bbox 1664 4409 1802 4491; x_wconf 89' lang='lat' dir='ltr'><strong>populus</strong></span> <span class='ocrx_word' id='word_1_706' title='bbox 1837 4413 1980 4475; x_wconf 91' lang='lat' dir='ltr'><strong>omnium</strong></span> <span class='ocrx_word' id='word_1_707' title='bbox 2015 4414 2100 4476; x_wconf 88' lang='lat' dir='ltr'><strong>auti·</strong></span> 
     </span>
     <span class='ocr_line' id='line_1_91' title="bbox 1131 4498 2101 4580; baseline 0.001 -19"><span class='ocrx_word' id='word_1_708' title='bbox 1131 4498 1306 4580; x_wconf 89' lang='lat' dir='ltr'><strong>quissimus</strong></span> <span class='ocrx_word' id='word_1_709' title='bbox 1337 4510 1369 4561; x_wconf 90' lang='lat' dir='ltr'>et</span> <span class='ocrx_word' id='word_1_710' title='bbox 1398 4498 1694 4579; x_wconf 86' lang='lat' dir='ltr'><strong>praestantissimus</strong></span> <span class='ocrx_word' id='word_1_711' title='bbox 1717 4506 1781 4559; x_wconf 90' lang='lat' dir='ltr'><strong>est:</strong></span> <span class='ocrx_word' id='word_1_712' title='bbox 1816 4501 1944 4562; x_wconf 87' lang='lat' dir='ltr'><strong>tametsi</strong></span> <span class='ocrx_word' id='word_1_713' title='bbox 1968 4498 2021 4561; x_wconf 89' lang='lat' dir='ltr'><strong>alii</strong></span> <span class='ocrx_word' id='word_1_714' title='bbox 2045 4511 2101 4562; x_wconf 90' lang='grc'>881</span> 
     </span>
     <span class='ocr_line' id='line_1_92' title="bbox 1132 4581 2100 4665; baseline -0.002 -17"><span class='ocrx_word' id='word_1_715' title='bbox 1132 4599 1276 4665; x_wconf 90' lang='grc'>18188888</span> <span class='ocrx_word' id='word_1_716' title='bbox 1295 4594 1352 4647; x_wconf 90' lang='lat' dir='ltr'>aut</span> <span class='ocrx_word' id='word_1_717' title='bbox 1370 4583 1473 4665; x_wconf 90' lang='lat' dir='ltr'><strong>gradu</strong></span> <span class='ocrx_word' id='word_1_718' title='bbox 1492 4581 1693 4646; x_wconf 88' lang='lat' dir='ltr'><strong>antecedant.</strong></span> <span class='ocrx_word' id='word_1_719' title='bbox 1724 4581 1753 4644; x_wconf 91' lang='lat' dir='ltr'>N</span> <span class='ocrx_word' id='word_1_720' title='bbox 1757 4602 1808 4644; x_wconf 88' lang='lat' dir='ltr'>am</span> <span class='ocrx_word' id='word_1_721' title='bbox 1828 4584 2100 4663; x_wconf 87' lang='lat' dir='ltr'><strong>quemadmodum</strong></span> 
     </span>
     <span class='ocr_line' id='line_1_93' title="bbox 1131 4666 2099 4744; baseline -0.001 -11"><span class='ocrx_word' id='word_1_722' title='bbox 1131 4673 1241 4733; x_wconf 92' lang='lat' dir='ltr'><strong>omnia</strong></span> <span class='ocrx_word' id='word_1_723' title='bbox 1262 4666 1403 4732; x_wconf 89' lang='lat' dir='ltr'><strong>hominis</strong></span> <span class='ocrx_word' id='word_1_724' title='bbox 1425 4689 1522 4733; x_wconf 90' lang='lat' dir='ltr'><strong>causa</strong></span> <span class='ocrx_word' id='word_1_725' title='bbox 1543 4678 1651 4732; x_wconf 88' lang='lat' dir='ltr'><strong>creata</strong></span> <span class='ocrx_word' id='word_1_726' title='bbox 1674 4678 1762 4744; x_wconf 91' lang='lat' dir='ltr'><strong>sunt,</strong></span> <span class='ocrx_word' id='word_1_727' title='bbox 1792 4669 1838 4731; x_wconf 91' lang='lat' dir='ltr'>ita</span> <span class='ocrx_word' id='word_1_728' title='bbox 1860 4689 1973 4732; x_wconf 87' lang='lat' dir='ltr'><strong>omues</strong></span> <span class='ocrx_word' id='word_1_729' title='bbox 1997 4670 2099 4732; x_wconf 94' lang='lat' dir='ltr'><strong>homi-</strong></span> 
     </span>
     <span class='ocr_line' id='line_1_94' title="bbox 1131 4753 2100 4833; baseline -0.002 -14"><span class='ocrx_word' id='word_1_730' title='bbox 1131 4777 1188 4819; x_wconf 92' lang='grc'>888</span> <span class='ocrx_word' id='word_1_731' title='bbox 1212 4755 1246 4818; x_wconf 90' lang='grc'>18</span> <span class='ocrx_word' id='word_1_732' title='bbox 1270 4776 1363 4818; x_wconf 87' lang='grc'>88818</span> <span class='ocrx_word' id='word_1_733' title='bbox 1388 4755 1540 4818; x_wconf 89' lang='grc'>888188188</span> <span class='ocrx_word' id='word_1_734' title='bbox 1564 4753 1732 4816; x_wconf 88' lang='grc'>188118811;</span> <span class='ocrx_word' id='word_1_735' title='bbox 1756 4766 1791 4815; x_wconf 90' lang='grc'>81</span> <span class='ocrx_word' id='word_1_736' title='bbox 1814 4754 1894 4816; x_wconf 89' lang='lat' dir='ltr'><strong>nulli</strong></span> <span class='ocrx_word' id='word_1_737' title='bbox 1918 4755 1994 4833; x_wconf 91' lang='lat' dir='ltr'><strong>sint,</strong></span> <span class='ocrx_word' id='word_1_738' title='bbox 2018 4769 2100 4817; x_wconf 90' lang='lat' dir='ltr'><strong>tam·</strong></span> 
     </span>
     <span class='ocr_line' id='line_1_95' title="bbox 1131 4839 2099 4922; baseline -0.002 -17"><span class='ocrx_word' id='word_1_739' title='bbox 1131 4842 1192 4906; x_wconf 90' lang='lat' dir='ltr'><strong>etsi</strong></span> <span class='ocrx_word' id='word_1_740' title='bbox 1211 4839 1368 4922; x_wconf 81' lang='lat' dir='ltr'><strong>dignitate</strong></span> <span class='ocrx_word' id='word_1_741' title='bbox 1387 4841 1647 4921; x_wconf 88' lang='lat' dir='ltr'><strong>praestantiores,</strong></span> <span class='ocrx_word' id='word_1_742' title='bbox 1670 4840 1724 4920; x_wconf 89' lang='grc'>8111</span> <span class='ocrx_word' id='word_1_743' title='bbox 1744 4859 1808 4902; x_wconf 90' lang='grc'>888</span> <span class='ocrx_word' id='word_1_744' title='bbox 1827 4840 1979 4903; x_wconf 90' lang='lat' dir='ltr'><strong>inferiore</strong></span> <span class='ocrx_word' id='word_1_745' title='bbox 1998 4839 2099 4922; x_wconf 85' lang='lat' dir='ltr'><strong>gradu</strong></span> 
     </span>
     <span class='ocr_line' id='line_1_96' title="bbox 1131 4923 2100 5008; baseline 0 -18"><span class='ocrx_word' id='word_1_746' title='bbox 1131 4926 1310 4992; x_wconf 90' lang='lat' dir='ltr'><strong>subsidant.</strong></span> <span class='ocrx_word' id='word_1_747' title='bbox 1356 4926 1505 4989; x_wconf 88' lang='lat' dir='ltr'><strong>Ecclesia</strong></span> <span class='ocrx_word' id='word_1_748' title='bbox 1527 4925 1614 4988; x_wconf 91' lang='lat' dir='ltr'><strong>euim</strong></span> <span class='ocrx_word' id='word_1_749' title='bbox 1644 4944 1760 5007; x_wconf 90' lang='lat' dir='ltr'><strong>corpus</strong></span> <span class='ocrx_word' id='word_1_750' title='bbox 1783 4923 1907 4988; x_wconf 85' lang='lat' dir='ltr'><strong>Christi</strong></span> <span class='ocrx_word' id='word_1_751' title='bbox 1937 4940 2001 5004; x_wconf 90' lang='lat' dir='ltr'><strong>est,</strong></span> <span class='ocrx_word' id='word_1_752' title='bbox 2036 4947 2100 5008; x_wconf 87' lang='lat' dir='ltr'>quo</span> 
     </span>
     <span class='ocr_line' id='line_1_97' title="bbox 1131 5011 2101 5093; baseline 0.003 -19"><span class='ocrx_word' id='word_1_753' title='bbox 1131 5011 1213 5075; x_wconf 91' lang='lat' dir='ltr'><strong>nihil</strong></span> <span class='ocrx_word' id='word_1_754' title='bbox 1236 5013 1402 5092; x_wconf 88' lang='lat' dir='ltr'><strong>antiquius</strong></span> <span class='ocrx_word' id='word_1_755' title='bbox 1425 5018 1482 5074; x_wconf 87' lang='lat' dir='ltr'>aut</span> <span class='ocrx_word' id='word_1_756' title='bbox 1504 5011 1609 5074; x_wconf 91' lang='lat' dir='ltr'><strong>maius</strong></span> <span class='ocrx_word' id='word_1_757' title='bbox 1632 5032 1701 5074; x_wconf 90' lang='lat' dir='ltr'><strong>esso</strong></span> <span class='ocrx_word' id='word_1_758' title='bbox 1724 5021 1838 5093; x_wconf 90' lang='lat' dir='ltr'><strong>potest.</strong></span> <span class='ocrx_word' id='word_1_759' title='bbox 1870 5011 1952 5074; x_wconf 81' lang='lat' dir='ltr'><strong>(lum</strong></span> <span class='ocrx_word' id='word_1_760' title='bbox 1970 5011 2101 5077; x_wconf 92' lang='lat' dir='ltr'><strong>Iudaeis</strong></span> 
     </span>
     <span class='ocr_line' id='line_1_98' title="bbox 1131 5095 2100 5178; baseline 0 -17"><span class='ocrx_word' id='word_1_761' title='bbox 1131 5097 1262 5178; x_wconf 88' lang='lat' dir='ltr'><strong>quidem</strong></span> <span class='ocrx_word' id='word_1_762' title='bbox 1293 5096 1431 5160; x_wconf 91' lang='lat' dir='ltr'><strong>fabulari</strong></span> <span class='ocrx_word' id='word_1_763' title='bbox 1460 5097 1633 5162; x_wconf 90' lang='lat' dir='ltr'><strong>ridiculum</strong></span> <span class='ocrx_word' id='word_1_764' title='bbox 1664 5110 1763 5170; x_wconf 89' lang='lat' dir='ltr'><strong>esset,</strong></span> <span class='ocrx_word' id='word_1_765' title='bbox 1797 5095 1958 5160; x_wconf 89' lang='lat' dir='ltr'><strong>conditam</strong></span> <span class='ocrx_word' id='word_1_766' title='bbox 1990 5100 2100 5161; x_wconf 90' lang='lat' dir='ltr'><strong>statim</strong></span> 
     </span>
    </p>
   </div>
   <div class='ocr_carea' id='block_1_12' title="bbox 110 5181 2101 5351">
    <p class='ocr_par' dir='ltr' id='par_1_13' title="bbox 110 5181 2101 5351">
     <span class='ocr_line' id='line_1_99' title="bbox 110 5181 2101 5267; baseline -0.001 -18"><span class='ocrx_word' id='word_1_767' title='bbox 110 5185 243 5264; x_wconf 88' lang='lat' dir='ltr'><strong>creduli,</strong></span> <span class='ocrx_word' id='word_1_768' title='bbox 266 5186 356 5266; x_wconf 90' lang='lat' dir='ltr'><strong>quasi</strong></span> <span class='ocrx_word' id='word_1_769' title='bbox 378 5184 509 5264; x_wconf 90' lang='lat' dir='ltr'><strong>plenum</strong></span> <span class='ocrx_word' id='word_1_770' title='bbox 529 5183 686 5266; x_wconf 89' lang='lat' dir='ltr'><strong>fulgorem</strong></span> <span class='ocrx_word' id='word_1_771' title='bbox 706 5184 822 5265; x_wconf 88' lang='lat' dir='ltr'><strong>adepta</strong></span> <span class='ocrx_word' id='word_1_772' title='bbox 845 5194 929 5246; x_wconf 89' lang='lat' dir='ltr'><strong>esset</strong></span> <span class='ocrx_word' id='word_1_773' title='bbox 947 5182 1078 5247; x_wconf 89' lang='lat' dir='ltr'><strong>deorum</strong></span> <span class='ocrx_word' id='word_1_774' title='bbox 1132 5184 1171 5246; x_wconf 87' lang='lat' dir='ltr'>ab</span> <span class='ocrx_word' id='word_1_775' title='bbox 1194 5184 1286 5247; x_wconf 93' lang='lat' dir='ltr'><strong>initio</strong></span> <span class='ocrx_word' id='word_1_776' title='bbox 1309 5183 1409 5246; x_wconf 87' lang='lat' dir='ltr'><strong>fuisse</strong></span> <span class='ocrx_word' id='word_1_777' title='bbox 1430 5182 1673 5267; x_wconf 84' lang='lat' dir='ltr'><strong>lerosolymam,</strong></span> <span class='ocrx_word' id='word_1_778' title='bbox 1698 5182 1774 5263; x_wconf 91' lang='lat' dir='ltr'><strong>quia</strong></span> <span class='ocrx_word' id='word_1_779' title='bbox 1797 5181 1850 5245; x_wconf 93' lang='lat' dir='ltr'>hic</span> <span class='ocrx_word' id='word_1_780' title='bbox 1873 5202 1939 5245; x_wconf 92' lang='grc'>888</span> <span class='ocrx_word' id='word_1_781' title='bbox 1963 5183 2101 5248; x_wconf 87' lang='grc'>1818188</span> 
     </span>
     <span class='ocr_line' id='line_1_100' title="bbox 111 5268 2100 5351; baseline 0 -17"><span class='ocrx_word' id='word_1_782' title='bbox 111 5291 244 5336; x_wconf 88' lang='lat' dir='ltr'><strong>suorum</strong></span> <span class='ocrx_word' id='word_1_783' title='bbox 262 5272 417 5350; x_wconf 89' lang='lat' dir='ltr'><strong>potentia.</strong></span> <span class='ocrx_word' id='word_1_784' title='bbox 450 5268 624 5351; x_wconf 85' lang='lat' dir='ltr'><strong>Propheta,</strong></span> <span class='ocrx_word' id='word_1_785' title='bbox 645 5280 682 5333; x_wconf 93' lang='lat' dir='ltr'>ut</span> <span class='ocrx_word' id='word_1_786' title='bbox 700 5270 772 5336; x_wconf 88' lang='lat' dir='ltr'><strong>illas</strong></span> <span class='ocrx_word' id='word_1_787' title='bbox 791 5269 909 5334; x_wconf 89' lang='lat' dir='ltr'><strong>erroris</strong></span> <span class='ocrx_word' id='word_1_788' title='bbox 930 5273 1079 5333; x_wconf 91' lang='lat' dir='ltr'><strong>tenebras</strong></span> <span class='ocrx_word' id='word_1_789' title='bbox 1132 5280 1314 5350; x_wconf 91' lang='lat' dir='ltr'><strong>temporum</strong></span> <span class='ocrx_word' id='word_1_790' title='bbox 1337 5269 1433 5331; x_wconf 82' lang='lat' dir='ltr'><strong>ratio:</strong></span> <span class='ocrx_word' id='word_1_791' title='bbox 1468 5269 1523 5332; x_wconf 88' lang='lat' dir='ltr'>scd</span> <span class='ocrx_word' id='word_1_792' title='bbox 1547 5279 1657 5332; x_wconf 87' lang='lat' dir='ltr'><strong>tamen</strong></span> <span class='ocrx_word' id='word_1_793' title='bbox 1688 5268 1880 5348; x_wconf 89' lang='lat' dir='ltr'><strong>principium</strong></span> <span class='ocrx_word' id='word_1_794' title='bbox 1906 5269 1965 5334; x_wconf 92' lang='lat' dir='ltr'><strong>hoc</strong></span> <span class='ocrx_word' id='word_1_795' title='bbox 1989 5285 2100 5334; x_wconf 90' lang='lat' dir='ltr'><strong>tenen·</strong></span> 
     </span>
    </p>
   </div>
   <div class='ocr_carea' id='block_1_13' title="bbox 0 0 2396 5970">
    <p class='ocr_par' dir='ltr' id='par_1_14' title="bbox 0 0 2396 5970">
     <span class='ocr_line' id='line_1_101' title="bbox 0 0 2396 5970; baseline 0 1"><span class='ocrx_word' id='word_1_796' title='bbox 0 0 2396 5970; x_wconf 95' lang='lat' dir='ltr'> </span> 
     </span>
    </p>
   </div>
  </div>
 </body>
</html>
