4784 5970
188 356 249 421 671
995 344 1379 413 PRAELDO'PIONDS
2137 340 2200 407 672

189 549 451 628 καταχρηστικῶς
485 541 633 624 ponitur:
668 547 702 604 et
722 544 834 622 postea
862 534 1064 602 ostendimus
1092 554 1156 599 non
1207 534 1281 601 ficia
1302 545 1334 599 et
1356 544 1509 600 externos
1532 536 1625 615 ritus,
1648 555 1754 619 neque
1775 535 1861 600 bano
1882 553 1956 600 esse
1981 529 2115 598 litandi
2136 531 2197 595 for·

191 649 261 695 esse
283 640 465 710 argentum,
493 624 579 708 qnod
608 633 716 690 tamen
744 622 917 706 dignamur
945 619 1075 686 nomine
1104 640 1156 684 ar·
1207 638 1312 699 mam,
1351 620 1624 703 quemadmodum
1663 619 1832 704 putabant.
1887 619 1977 684 Nam
2013 624 2197 702 postquam

191 715 288 797 genti.
341 712 396 778 Sic
424 711 522 776 etiam
551 709 723 793 propheta:
757 708 843 774 Sunt
875 714 1064 790 argentum,
1097 724 1157 770 sno
1207 705 1452 771 celebraverant
1470 705 1555 773 diem
1577 707 1706 787 festum,
1727 707 1864 789 qnisqne
1885 704 2027 772 domum
2050 701 2195 784 redibat,

190 799 325 875 iudicio,
355 810 387 863 et
415 796 476 861 hoc
506 796 601 860 titulo
634 816 672 859 sn
716 793 836 859 rbiunt.
893 790 956 891 Sed
986 795 1156 889 argeutum,
1207 791 1298 872 quasi
1319 792 1504 874 expiatione
1526 792 1612 893 faeta
1638 812 1750 858 omnes
1771 790 1879 857 Deum
1909 788 2106 889 propitium
2138 788 2193 853 ba·

191 879 673 1049 llllll’tddulltt
695 877 948 1031 ambli
961 896 1051 1040 tl,
1071 894 1157 1026 tlt
1208 876 1628 1029 tlttclzthttl?
1645 877 1866 1046 detti
1884 873 2194 1026 'tltd'ttl

191 1055 387 1120 sententiam
406 1053 445 1118 de
463 1051 659 1126 hominibus,
683 1059 714 1114 et
732 1071 787 1115 eos
805 1049 873 1114 suis
891 1047 1056 1113 blanditiis
1074 1046 1157 1111 nihil
1208 1054 1337 1112 mutent
1358 1047 1394 1113 in
1416 1048 1550 1114 melina:
1573 1047 1693 1128 Bonus,
1715 1048 1831 1131 inquit,
1851 1047 1946 1131 focile
1967 1047 2045 1111 utus
2068 1050 2195 1112 uestras

192 1141 329 1206 lucrari:
370 1138 488 1203 deinde
525 1138 665 1201 retinere
702 1135 842 1218 aliquam
883 1133 1157 1199 existimationem
1208 1137 1235 1197 et
1266 1133 1373 1198 eludia
1405 1138 1515 1214 uestra,
1545 1139 1617 1200 tuuc
1648 1132 1789 1200 tetulo
1815 1133 1851 1197 iu
1878 1132 1942 1198 loeo
1972 1131 2042 1199 luca
2099 1130 2194 1196 Haec

191 1246 301 1289 coram
322 1224 453 1289 mundo.
491 1224 580 1287 Deus
603 1223 690 1286 enim
713 1222 800 1288 solus
822 1231 871 1286 est
891 1218 1027 1284 idonens
1048 1217 1156 1282 iudex.
1209 1219 1380 1301 promissio
1411 1221 1556 1285 continet
1589 1220 1719 1286 tacitam
1760 1217 1948 1284 antithesin.
2007 1216 2194 1301 Significat

192 1311 282 1394 Ergo
311 1309 470 1393 propheta
502 1309 646 1372 ostendit
675 1328 744 1373 esse
772 1305 945 1389 reprobum
974 1311 1158 1387 argentum,
1210 1303 1297 1369 enim
1319 1305 1488 1386 propbeta,
1518 1326 1582 1370 non
1606 1304 1662 1369 din
1685 1305 1753 1370 fore
1774 1304 1985 1388 superstitem
2016 1301 2193 1385 populum,

192 1410 230 1460 nt
251 1396 355 1462 sciant
377 1394 490 1459 Iudaei
512 1415 547 1457 se
570 1394 609 1457 de
636 1392 738 1457 nihilo
766 1391 908 1476 gloriari,
938 1389 1014 1453 dum
1037 1389 1159 1453 iactant
1210 1388 1274 1454 nisi
1295 1388 1405 1455 Deum
1427 1390 1492 1455 alio
1514 1390 1609 1456 modo
1631 1390 1760 1475 placare
1789 1388 1933 1454 studeat:
1964 1387 2138 1453 Hubitubo
2160 1388 2195 1451 ia

192 1503 227 1547 se
249 1503 318 1547 esse
340 1480 403 1544 Dei
426 1479 580 1563 populum
603 1489 636 1543 ct
658 1477 900 1543 haereditatem.
945 1473 1110 1557 Sequitur,
1209 1473 1264 1539 tec
1286 1474 1356 1553 luco,
1378 1474 1494 1557 inquit,
1515 1475 1570 1540 ubi
1591 1477 1658 1541 vitu
1676 1481 1777 1541 oestro
1798 1478 1918 1540 mucra
1936 1473 2049 1556 fuerit.
2101 1472 2192 1557 Ergo

1211 1582 1252 1624 ex
1274 1560 1419 1642 opposito
1442 1563 1594 1644 seqnitur,
1617 1562 1708 1627 Deus
1725 1560 1867 1643 expellet
1883 1579 1941 1625 vos
1961 1560 1999 1623 in
2021 1557 2193 1636 exsilium,

1211 1645 1276 1710 nisi
1304 1647 1437 1710 mutetis
1459 1648 1560 1712 vitam
1589 1655 1740 1712 vestram.
1785 1646 1924 1711 Frustra
1951 1643 2061 1728 igitur
2093 1662 2192 1725 qnae·

1212 1730 1284 1795 ritis
1305 1729 1398 1798 vobis
1417 1736 1548 1831 'statum
1571 1734 1728 1816 quietum,
1754 1740 1787 1796 et
1808 1730 1944 1831 felicem,
1976 1729 2192 1829 ubioffertis

478 1876 615 1945 carn
642 1874 870 1947 scurrula.
1212 1817 1645 1981 {tltlttl‘itcltlt
1666 1814 2193 1985 {wttcllltlttltt

1211 1986 1272 2052 hoc
1295 1996 1353 2066 est,
1375 1987 1440 2054 nisi
1461 1988 1549 2053 ritae
1571 1989 1742 2072 integritas
1764 1986 1958 2070 respondeat
1980 1986 2192 2068 professioni

281 2077 309 2140 1.
345 2074 449 2140 Sumo
479 2078 533 2157 qui
562 2077 656 2140 dotus
683 2074 747 2154 fuit
775 2072 930 2138 Ieremias
962 2071 1031 2157 (qui
1059 2070 1162 2135 faetus
1212 2072 1286 2138 Hoc
1318 2082 1369 2137 est
1400 2094 1512 2138 unum.
1568 2071 1694 2140 Deinde
1725 2073 1886 2156 propbeta
1924 2072 2063 2154 propina
2105 2071 2193 2155 ipsos

194 2164 256 2227 fuit
277 2161 318 2226 ad
340 2160 530 2225 Ieremiam:
553 2162 607 2243 qui
631 2161 726 2225 datus
744 2158 816 2241 fuit,
840 2154 1049 2240 adverbum)
1071 2178 1092 2221 u
1115 2156 1163 2219 Ie·
1213 2166 1308 2241 urget
1329 2178 1429 2240 qnum
1453 2158 1540 2234 dicit,
1571 2159 1621 2225 Ne
1640 2159 1788 2241 fiduciata
1808 2157 1896 2224 vole
1909 2157 2039 2238 puncta
2062 2157 2104 2221 ia
2126 2176 2193 2222 uer·

194 2249 270 2313 llouu
291 2246 434 2312 duceudos
1213 2243 1261 2308 lis
1292 2243 1455 2310 mendacii.
1506 2244 1578 2311 Nisi
1611 2245 1699 2309 enim
1731 2243 1792 2310 hoo
1825 2243 1939 2308 fuisset
1969 2240 2103 2307 diserte
2135 2263 2192 2307 ex-

278 2332 308 2397 2.
339 2330 395 2396 Sto
416 2333 451 2395 iu
467 2336 560 2413 portu
582 2331 690 2398 dorsus
713 2329 842 2395 Iebccue
871 2327 944 2413 (boc
966 2336 1016 2392 est
1037 2324 1163 2410 templi)
1214 2349 1378 2411 pressum,
1416 2338 1566 2412 poterant
1596 2330 1709 2394 Iudaei
1742 2327 1848 2393 adhno
1881 2326 2101 2412 tergiversari
2136 2346 2194 2409 pro

194 2424 222 2484 et
251 2418 352 2482 clamo
378 2417 444 2482 illic
476 2416 555 2480 buuc
585 2436 754 2483 samonem
786 2413 860 2498 (boo
893 2422 951 2492 est,
985 2409 1163 2478 vociferare
1215 2434 1303 2479 more
1325 2434 1393 2479 sno.
1438 2415 1526 2499 Ergo
1549 2437 1608 2481 nos
1630 2413 1831 2499 perdidimus
1857 2433 2001 2496 operam,
2030 2411 2095 2477 nbi
2127 2422 2194 2477 tam

195 2504 282 2569 hunc
305 2522 495 2582 sermonem,
518 2501 570 2565 vel
591 2522 666 2566 oum
694 2501 834 2568 clamore
859 2497 989 2583 profer),
1018 2496 1161 2573 uiduus,
1213 2497 1324 2565 sedulo
1346 2499 1579 2566 celebravimus
1599 2501 1699 2568 festos
1721 2498 1811 2565 dies?
1834 2500 1891 2564 nbi
1911 2497 2035 2565 relictis
2054 2496 2195 2563 aedibus

194 2589 313 2655 Audite
340 2608 509 2653 sennonem
538 2586 670 2653 Iobouue
698 2591 825 2653 cuculus
850 2583 1002 2662 Ietudau
1031 2582 1086 2665 qui
1114 2583 1162 2647 iu·
1214 2585 1335 2650 nostris
1367 2594 1400 2649 et
1432 2584 1564 2651 familiis
1589 2586 1736 2652 sistimus
1763 2604 1824 2651 nos
1852 2603 1960 2649 eoram
1990 2581 2094 2648 Deo?
2125 2604 2192 2648 non

193 2673 366 2759 predimiui
382 2693 441 2753 per
462 2673 520 2736 baa
536 2677 654 2752 portus,
677 2677 711 2737 ut
731 2671 867 2738 odorum
888 2669 1045 2735 Iebouum.
1214 2671 1377 2755 paroimns
1397 2670 1597 2754 sumptibus:
1630 2670 1818 2738 adducimus
1840 2669 1970 2746 hostias,
2003 2682 2036 2733 et
2069 2689 2192 2735 oonsu-

281 2759 310 2822 3.
335 2757 388 2823 Sic
409 2759 486 2824 dicit
501 2758 614 2823 Iebcuu
631 2759 829 2840 exucduum,
848 2755 937 2821 Deus
952 2753 1072 2820 Israel:
1095 2751 1162 2817 Bo·
1214 2757 1333 2821 mimus
1344 2764 1488 2822 nostram
1505 2757 1736 2822 substantiam:
1758 2756 1838 2822 haec
1852 2775 1930 2821 vero
1941 2753 2068 2820 nullius
2080 2762 2195 2820 essent

196 2867 256 2911 uos
276 2845 369 2925 facile
389 2845 459 2908 ulus
485 2849 605 2908 uestras
634 2849 662 2908 et
690 2844 797 2910 studio
824 2846 935 2920 emta,
965 2846 992 2905 et
1020 2839 1162 2905 bubilubo
1215 2842 1310 2924 pretii
1343 2861 1451 2906 coram
1479 2842 1571 2907 Deo?
1615 2842 1702 2908 Nam
1730 2841 1921 2926 hypocritae
1949 2859 2086 2923 semper
2117 2860 2193 2905 snas

195 2932 348 2997 vobiscum
367 2930 401 2992 iu
423 2928 478 2994 boc
500 2928 568 2994 loco.
1215 2948 1321 3011 nugas
1348 2928 1601 3012 magnifaciunt,
1630 2925 1901 3011 quemadmodum
1929 2924 2052 2991 dicitur
2083 2924 2193 2990 Isaiae

282 3016 312 3077 4.
337 3014 385 3077 Nc
404 3014 563 3093 confidatis
580 3015 663 3080 uobis
684 3013 759 3098 (boo
774 3025 833 3091 est,
849 3032 891 3077 ne
906 3011 997 3077 vobis
1012 3009 1163 3076 fiduciam
1215 3014 1482 3096 quinquagesimo
1504 3023 1617 3079 octavo
1639 3014 1754 3097 capite,
1777 3014 1832 3078 nbi
1850 3032 1925 3078 cnm
1942 3010 2015 3076 Deo
2033 3022 2191 3095 expostu-

198 3099 333 3181 ponatis,
363 3099 422 3173 vel,
452 3119 492 3161 ne
515 3099 673 3164 adiiciatis
696 3099 786 3165 vobis
807 3096 973 3181 fiduciam)
1004 3096 1046 3161 ud
1072 3094 1165 3161 uerba
1216 3098 1295 3180 lant,
1317 3098 1410 3181 quasi
1431 3099 1510 3181 ipsis
1531 3100 1574 3164 sit
1596 3099 1754 3183 ingratus,
1783 3098 1852 3162 Nos
1880 3097 1921 3160 de
1949 3096 2005 3161 die
2033 3096 2073 3161 in
2105 3095 2192 3162 diem

197 3183 359 3262 mendacii,
374 3183 514 3246 diceudo:
532 3183 691 3263 Templum
707 3184 847 3260 lubecae,
865 3183 1012 3262 templum
1028 3181 1165 3260 lebeuue,
1217 3184 1435 3265 quaesivimus
1470 3182 1665 3249 Dominum:
1703 3184 1760 3250 sed
1800 3182 1961 3248 Dominus
2001 3181 2191 3265 respondet,

198 3269 343 3351 templum
366 3267 499 3332 Ielsoauc
520 3274 601 3332 suut.
1217 3268 1357 3333 Frustra
1377 3288 1430 3333 me
1452 3270 1606 3351 quaeritis
1628 3268 1668 3335 de
1691 3269 1742 3335 die
1771 3271 1805 3335 in
1828 3268 1915 3332 diem
1936 3277 1970 3333 et
1992 3268 2192 3334 scrutamini

1218 3353 1258 3417 de
1274 3354 1334 3417 viis
1355 3353 1445 3419 meis.
1480 3353 1617 3419 Deridet
1633 3356 1735 3438 igitur
1751 3353 1843 3420 Dens
1860 3352 1950 3420 illam
1968 3352 2192 3437 diligentiam,

284 3438 348 3504 Hic
366 3437 524 3521 propheta
539 3438 726 3504 concionem
747 3437 888 3503 breviter
905 3435 1085 3521 perscribit,
1102 3454 1165 3518 qua
1217 3458 1281 3521 qua
1314 3438 1468 3503 volebant
1500 3439 1687 3524 hypocritae
1718 3441 1825 3523 ipsum
1857 3439 1918 3505 sibi
1947 3436 2089 3504 reddere
2119 3458 2193 3522 pro·

199 3523 312 3590 durius
340 3525 487 3589 invectus
517 3534 565 3588 est
594 3529 707 3588 contra
736 3522 901 3606 populum,
934 3522 1012 3605 quia
1043 3519 1166 3586 scilicet
1218 3524 1334 3608 pitium
1356 3523 1476 3607 absque
1494 3546 1571 3591 vero
1593 3523 1698 3591 cordis
1720 3527 1848 3590 affectu.
1892 3524 1967 3588 Hoc
1987 3524 2094 3608 igitur
2115 3544 2193 3590 eon·

200 3610 327 3675 inutilis
355 3610 460 3673 fuerat
488 3610 556 3673 eius
585 3609 684 3683 labor,
715 3629 815 3692 quum
845 3615 953 3674 tamen
983 3606 1064 3673 satis
1093 3627 1164 3691 gra·
1217 3610 1288 3675 silio
1311 3631 1397 3675 nunc
1420 3610 1510 3675 addit
1531 3610 1701 3693 propheta,
1724 3611 1775 3676 Ne
1793 3610 1943 3692 (idacium
1967 3610 2111 3692 pouuts'e,
2141 3622 2191 3674 est

201 3697 288 3761 viter
309 3708 341 3758 et
363 3716 473 3759 severe
503 3692 575 3758 illos
606 3695 822 3779 obiurgasset,
859 3692 951 3760 Dicit
976 3693 1078 3776 igitur
1106 3692 1166 3757 siti
1217 3696 1305 3761 enim
1327 3696 1527 3779 anticipatio,
1550 3717 1614 3778 qua
1634 3697 1805 3780 praevenit
1826 3693 1910 3779 qnod
1932 3696 2075 3760 obiicere
2098 3707 2190 3778 pote·

198 3781 299 3863 fuisse
316 3780 467 3844 diuinitus
488 3781 671 3844 uluudutum
688 3785 722 3844 ut
737 3784 830 3845 claret
847 3779 890 3844 ud
905 3784 1030 3860 portum
1050 3779 1164 3861 templi.
1217 3792 1301 3861 rant,
1323 3795 1356 3846 et
1376 3781 1523 3846 solebant
1544 3783 1652 3859 etiam,
1680 3781 1766 3863 Quid
1789 3780 1888 3865 ergo?
1918 3801 1960 3844 an
1982 3781 2112 3846 frustra
2133 3802 2190 3845 ex·

200 3866 356 3931 Solebant
377 3864 438 3929 hoc
460 3864 588 3948 quidem
612 3866 715 3929 facere
737 3863 928 3949 prophetae:
956 3864 1013 3930 sed
1037 3863 1167 3928 videtur
1217 3874 1377 3931 structum
1398 3876 1448 3932 est
1469 3866 1649 3948 templum?
1672 3866 1796 3950 inquit:
1820 3888 1862 3932 an
1880 3867 2002 3931 frustra
2021 3866 2077 3932 bie
2097 3865 2190 3932 Deus

200 3949 292 4014 Deus
325 3951 464 4014 voluisse
498 3951 618 4014 clarius
648 3953 687 4015 ab
723 3951 873 4015 omnibus
906 3949 1054 4015 exaudiri
1082 3949 1167 4014 hane
1217 3950 1356 4017 colitur?
1386 3950 1469 4017 Suut
1488 3952 1581 4017 verbu
1599 3953 1763 4032 mendacii,
1785 3973 1902 4035 nempe
1924 3951 1979 4016 ubi
2002 3950 2100 4016 abest
2121 3952 2189 4017 sin·

204 4035 472 4116 obiurgationem.
517 4034 607 4099 Dicit
629 4045 797 4119 practerea
820 4035 881 4099 arbi
908 4036 1010 4116 fuisse
1038 4035 1168 4100 munda
1218 4058 1292 4102 cera
1312 4037 1425 4119 pietas.
1468 4037 1628 4103 Videmus
1650 4057 1727 4122 ergo
1755 4038 1809 4104 bic
1835 4035 2000 4120 repudiari
2027 4047 2191 4102 externos

201 4126 267 4185 tum
299 4125 334 4182 ut
365 4120 567 4201 alloqueretur
598 4126 691 4185 utum
723 4120 838 4185 tribum
867 4120 1020 4186 lebudub.
1071 4118 1167 4187 Unde
1218 4124 1309 4199 ritus,
1338 4122 1391 4187 ubi
1413 4121 1561 4187 homines
1590 4123 1747 4189 fallaciter
1769 4123 1886 4189 volunt
1913 4121 2085 4204 acquirere
2114 4143 2190 4206 gra·

202 4203 367 4289 probabile
398 4217 446 4269 est
474 4216 507 4270 et
534 4207 627 4271 facile
659 4205 838 4289 colligitur,
867 4206 1054 4271 concionem
1083 4205 1168 4270 hane
1219 4209 1297 4270 tiam
1325 4227 1431 4272 coram
1462 4208 1543 4286 Deo,
1574 4218 1606 4272 et
1634 4209 1748 4273 volunt
1775 4208 1936 4274 redimere
1964 4227 2025 4274 sua
2053 4217 2192 4290 peccata

203 4293 300 4356 fnisse
323 4290 467 4354 habitam
490 4290 540 4355 dic
563 4292 655 4374 festo,
683 4311 782 4374 quum
810 4290 951 4356 solennis
980 4298 1065 4356 esset
1092 4312 1167 4357 con·
1220 4292 1307 4358 falsis
1335 4294 1664 4377 compensationibus,
1693 4315 1793 4376 quum
1823 4302 1933 4358 tamen
1961 4303 2095 4357 maneat
2124 4293 2191 4359 illis

203 4386 323 4441 ventus
355 4376 473 4457 populi.
526 4377 639 4459 Neque
672 4378 759 4441 enim
791 4385 917 4459 poterat
949 4376 1089 4459 quotidie
1122 4377 1169 4441 sic
1220 4399 1274 4444 cor
1302 4378 1508 4442 obstinatum.
1557 4380 1675 4445 Posset
1706 4378 1853 4463 pluribus
1886 4377 1994 4444 verbis
2028 4378 2190 4460 explicari

203 4462 299 4544 loqui.
344 4461 430 4525 Nam
449 4461 575 4531 incolae
604 4462 692 4528 urbis
719 4461 965 4544 frequentabant
994 4462 1167 4543 templum:
1220 4464 1299 4529 baec
1322 4462 1482 4527 doctrina:
1512 4464 1742 4547 sedquoniam
1770 4465 1898 4548 saepius
1925 4464 2072 4530 occurrit
2102 4463 2190 4549 apud

206 4548 327 4612 sodex
350 4547 466 4611 vicinis
489 4546 613 4627 oppidis
643 4561 674 4612 et
704 4569 744 4611 ex
774 4555 843 4612 tota
871 4545 992 4612 ditione
1021 4547 1168 4612 solebant
1221 4547 1403 4631 prophetas,
1436 4569 1495 4634 ego
1527 4550 1644 4615 leviter
1669 4560 1849 4634 praetereo:
1880 4549 1960 4615 satis
1991 4558 2044 4615 est
2075 4558 2191 4615 tenere

205 4635 367 4698 confluere
396 4630 507 4697 diebus
536 4632 625 4697 festis
658 4631 698 4697 ad
730 4632 912 4715 legitimum
939 4631 1002 4696 Dei
1035 4632 1168 4708 cultum,
1221 4654 1377 4699 summam
1400 4635 1457 4711 rei,
1486 4635 1563 4699 dnm
1586 4637 1707 4700 scilicet
1729 4634 1842 4701 Iudaei
1864 4634 1985 4718 templo
2016 4643 2051 4699 et
2077 4656 2189 4701 caere·

205 4719 260 4799 qni
281 4719 352 4799 lege
374 4727 566 4800 praeceptus
595 4719 709 4783 fuerat.
752 4718 865 4798 Quum
893 4737 970 4800 ergo
999 4718 1169 4802 compellat
1221 4720 1346 4796 moniis,
1376 4729 1407 4782 et
1437 4721 1602 4786 sacrificiis
1628 4722 1772 4787 contenti
1805 4727 1892 4798 sunt,
1925 4741 1979 4785 eos
2012 4719 2077 4785 sibi
2112 4721 2191 4803 ipsis

205 4802 361 4868 Ieremias
394 4811 498 4866 totum
531 4801 706 4880 Iehudam,
746 4804 822 4868 hine
855 4802 1037 4885 colligimus
1070 4804 1169 4868 verba
1221 4825 1290 4870 esse
1312 4805 1510 4886 impostores,
1532 4807 1607 4888 quia
1622 4809 1664 4870 sit
1681 4808 1758 4871 baec
1781 4807 1879 4871 fallax
1901 4807 2065 4871 iactantia.
2105 4807 2190 4872 Nam

206 4889 319 4955 fecisse
353 4910 417 4951 non
447 4898 574 4951 tantum
607 4888 647 4952 ad
675 4890 762 4954 cives
789 4889 887 4965 urbis,
917 4886 973 4954 sed
1003 4889 1099 4952 etiam
1128 4889 1168 4953 ad
1222 4891 1320 4954 verba
1342 4890 1501 4954 mendacii
1530 4893 1646 4974 accipit
1667 4912 1726 4973 pro
1756 4893 1856 4956 stulta
1886 4903 1918 4956 et
1945 4893 2036 4956 inani
2067 4893 2191 4976 gloria·

207 4982 308 5038 totam
341 4974 474 5055 tribum,
505 4993 585 5055 qnae
615 4972 655 5037 ad
685 4973 769 5038 diem
797 4975 914 5038 festum
941 4974 1168 5039 celebrandum
1221 4976 1316 5053 tione,
1346 4997 1409 5056 qua
1438 4977 1613 5060 turgebant
1643 4998 1741 5059 quum
1772 4978 1893 5042 vellent
1921 4997 2087 5058 opponere
2118 4981 2192 5042 vin·

208 5068 410 5125 convenerat.
456 5059 592 5123 Summa
613 5068 720 5123 autem
743 5060 904 5125 concionis
933 5072 993 5139 est,
1021 5069 1058 5123 ut
1087 5059 1169 5125 serio
1222 5062 1326 5126 dictae
1359 5059 1420 5125 Dei
1455 5083 1530 5127 snos
1568 5072 1721 5126 externos
1755 5064 1855 5126 ritus:
1895 5067 1929 5127 et
1961 5064 2091 5127 interea
2127 5086 2192 5128 non

207 5143 1057 5313 ttttltltlcldtl”lltltlblltlltlt
1072 5144 1169 5296 tlt?
1220 5146 2195 5316 {llltlllblltttltllttltlll‘llttllt

530 5281 536 5308 r
1419 5282 1426 5296 ·
1957 5283 1965 5312 r
