4784 5970
190 348 231 415 75
1076 346 1124 411 IN
1146 345 1312 413 ISAIAM
2156 346 2198 410 76

189 538 305 604 fecisse
344 536 553 603 insanabiles.
612 534 784 600 Caeterum
826 536 903 601 hinc
945 534 1166 618 colligendum
1218 557 1291 601 mus
1321 555 1398 619 ergo
1427 543 1466 600 nt
1495 535 1574 600 haec
1601 537 1774 602 admiratio
1803 538 1927 602 crimen
1952 536 2118 602 amentiae
2140 556 2197 619 eg·

189 633 241 689 est
261 644 414 706 quorsum
434 623 600 687 Dominus
623 632 671 685 tot
693 621 857 686 beneficiis
879 632 974 685 ornet
997 621 1166 686 ecclesiam
1218 630 1353 705 gravet:
1384 623 1458 704 quia
1487 642 1616 704 semper
1637 623 1740 687 tutari
1763 623 1828 687 sint
1851 621 2015 687 indociles.
2060 621 2197 686 Interea

190 730 298 774 suam:
328 728 447 791 nempe
476 719 514 772 ut
542 708 647 790 legem
671 728 764 771 suam
787 717 953 789 propaget,
982 705 1097 783 idest,
1129 716 1168 770 nt
1218 707 1381 771 discamus
1404 709 1475 789 quis
1497 707 1541 772 sit
1562 710 1724 773 minarum
1743 718 1777 772 et
1798 728 1977 791 poenarum
2002 729 2091 773 usus.
2126 707 2196 772 Nec

190 796 340 860 homines
363 794 503 859 adducat
525 791 566 857 ad
588 793 713 858 cultum
736 813 813 857 suae
836 794 1025 865 maiestatis,
1051 793 1168 873 magis·
1218 792 1306 856 enim
1335 792 1544 875 reprehendit
1566 793 1657 858 Deus
1687 794 1811 859 scelera
1840 804 1959 873 nostre,
1990 791 2042 858 vel
2071 812 2197 877 poenas

190 901 253 964 qne
283 900 321 946 ao
350 880 455 963 magis
482 879 602 943 veritas
624 879 726 959 ipsius
748 877 919 943 elucescat.
963 878 1075 957 Quum
1098 877 1166 942 Do·
1219 879 1259 941 de
1287 878 1329 942 iis
1356 879 1466 961 sumit,
1500 880 1593 959 quasi
1623 879 1768 945 vindicte
1797 878 1985 959 oblectetur,
2016 887 2076 944 ant
2105 897 2198 944 com·

190 967 316 1032 minum
340 966 425 1030 velle
448 986 485 1030 ac
508 985 703 1047 propensum
727 985 796 1028 esso
815 962 902 1040 dicit,
926 966 1006 1027 satis
1024 961 1168 1028 ostendit
1219 964 1442 1047 pausationem
1477 965 1641 1045 quandam
1674 967 1836 1048 requirat,
1870 965 1927 1029 sed
1960 976 1997 1029 ut
2030 963 2125 1029 nobis
2158 965 2197 1028 in

190 1075 256 1117 non
279 1051 411 1117 aliunde
434 1050 557 1133 impelli
581 1070 679 1132 quam
702 1071 721 1112 a
744 1070 780 1114 se
797 1050 883 1131 ipso:
906 1050 964 1113 sed
983 1050 1044 1113 hoc
1063 1050 1168 1131 magis
1219 1061 1383 1130 posterum
1406 1070 1589 1115 caveamus.

191 1137 347 1219 exprimit
374 1158 476 1220 quum
499 1135 599 1214 addit,
622 1139 754 1216 propter
775 1136 931 1200 iustitiam
951 1155 1053 1199 suom
1098 1135 1167 1199 llx-
1304 1135 1356 1200 24.
1379 1132 1474 1218 (Quis
1499 1135 1585 1201 dedit
1607 1136 1701 1202 Iacob
1723 1138 1758 1200 in
1774 1135 1954 1221 praedam.)
1997 1135 2092 1200 Haec
2115 1147 2197 1199 sunt

191 1223 295 1289 cludit
316 1224 403 1288 enim
427 1220 582 1305 quidquid
607 1221 756 1303 homines
779 1221 897 1286 efferre
919 1228 1062 1303 possent.
1100 1219 1168 1286 Nec
1219 1241 1303 1302 quae
1332 1242 1352 1285 e
1381 1219 1510 1284 Iudaeis
1544 1243 1610 1285 non
1644 1222 1810 1287 observari
1839 1222 2049 1304 conqueritur
2077 1220 2197 1286 Isaiae.

192 1330 269 1375 vero
302 1310 366 1374 alia
397 1307 436 1372 de
469 1328 565 1372 cansa
598 1306 772 1371 adducitur
799 1306 962 1370 Dominus
995 1306 1036 1370 ed
1070 1306 1167 1370 bene·
1220 1307 1304 1370 Nam
1333 1327 1416 1388 qnae
1438 1308 1654 1389 patiebantur,
1682 1317 1738 1372 aut
1759 1308 1893 1372 fortuito
1915 1308 2060 1372 accidere
2082 1307 2197 1370 existi·

190 1395 386 1474 faciendum,
410 1415 506 1476 quam
531 1392 617 1475 qnod
633 1393 738 1456 iustus
754 1406 812 1456 est.
845 1391 937 1456 Nihil
953 1392 1040 1456 enim
1058 1392 1168 1456 meriti
1220 1391 1362 1468 mebant,
1386 1405 1441 1456 aut
1463 1393 1524 1456 sibi
1546 1415 1612 1457 non
1635 1413 1705 1458 esse
1727 1392 1856 1458 easdem
1881 1393 1966 1458 vires
1982 1392 2023 1458 ad
2039 1393 2198 1458 resisten-

192 1493 249 1546 aut
280 1480 451 1564 dignitatis
484 1480 517 1542 in
550 1478 737 1542 hominibus
767 1479 956 1559 reperietur.
1008 1476 1168 1559 Specielis
1220 1477 1297 1541 dum
1320 1498 1402 1561 quae
1424 1478 1557 1543 fuerent
1579 1477 1733 1561 patribus,
1763 1491 1861 1560 atque
1886 1477 1959 1543 ideo
1981 1478 2021 1544 ab
2044 1478 2199 1543 hostibus

191 1578 302 1631 autem
330 1566 363 1629 in
387 1564 518 1628 Indaeis
545 1575 617 1627 eret
645 1563 737 1645 ratio,
771 1583 851 1644 quos
881 1563 966 1627 solos
995 1563 1168 1645 adoptione
1220 1571 1391 1645 superatos
1413 1583 1492 1628 esse.
1527 1564 1677 1645 Denique
1699 1567 1732 1627 in
1756 1565 1899 1628 externis
1922 1566 2027 1630 causis
2045 1563 2200 1645 occupati

192 1650 346 1734 dignatus
370 1661 449 1714 orat.
1219 1650 1344 1713 interea
1367 1670 1431 1712 non
1454 1649 1671 1715 observabant
1692 1671 1730 1714 ea
1753 1670 1836 1732 quae
1856 1652 1951 1715 toties
1966 1651 2083 1714 minati
2101 1657 2201 1713 erant

278 1737 330 1800 22.
357 1734 472 1820 (Atqui
501 1734 551 1799 dic
575 1732 738 1817 populus.)
790 1733 861 1797 Iam
892 1731 1035 1800 declarat
1065 1733 1168 1797 Isains
1220 1733 1409 1816 prophetae,
1439 1754 1498 1798 neo
1526 1735 1647 1799 indicia
1667 1735 1730 1799 Dei
1753 1734 2069 1801 animadvertebant.
2116 1734 2199 1799 Ideo

190 1822 345 1905 populum
376 1842 436 1885 sua
465 1820 561 1901 culpa
592 1822 747 1883 miserum
779 1831 811 1882 et
840 1819 940 1883 exitio
968 1819 1167 1883 destinatum
1219 1818 1259 1883 ed
1283 1820 1421 1884 coeleste
1441 1839 1496 1885 ecs
1519 1820 1661 1885 tribunal
1679 1822 1826 1899 retrahit,
1850 1822 2068 1904 pronuntians
2084 1819 2198 1884 Deum

191 1926 271 1984 esse,
295 1907 350 1988 qui
371 1906 478 1971 Deum
502 1905 622 1988 alioqui
646 1926 842 1988 propensum
861 1903 902 1969 ad
920 1904 1167 1969 beneficentiam
1221 1926 1291 1970 esse
1314 1915 1470 1969 autorem.
1505 1905 1572 1971 Neo
1590 1908 1678 1970 enim
1698 1917 1850 1988 poterant
1864 1907 2062 1990 persuaderi,
2085 1904 2199 1972 clades

191 1994 351 2076 repudiat,
384 2013 421 2057 ac
448 1992 476 2056 si
506 1990 583 2054 deta
611 2011 718 2072 opera,
748 1991 905 2073 neglectis
934 1990 1087 2054 omnibus
1117 2011 1168 2054 ro·
1221 2009 1299 2072 ques
1329 1990 1543 2069 sustinebant,
1573 1999 1728 2073 tanquam
1755 1994 1859 2057 instes
1881 1993 2040 2059 scelerum
2062 2012 2198 2075 poenas,

190 2078 325 2159 mediis,
360 2087 396 2142 ut
429 2077 534 2140 solent
567 2075 742 2157 desperati,
782 2088 918 2140 mortem
953 2086 1168 2156 praeoptaret.
1221 2077 1326 2141 aDeo
1347 2076 1524 2160 proficisci:
1547 2087 1582 2140 ut
1605 2076 1701 2142 hodie
1724 2078 1806 2142 nihil
1825 2077 1988 2144 difficilius
2004 2076 2199 2161 persuaderi

191 2164 249 2231 Sic
278 2185 356 2248 ergo
385 2162 566 2226 Dominum
593 2168 742 2237 excusat,
774 2174 812 2225 ut
839 2162 984 2244 graviter
1012 2158 1168 2243 populum
1220 2182 1314 2244 posse
1342 2161 1472 2226 scimus.
1522 2162 1631 2227 Deum
1659 2163 1788 2245 quidem
1817 2166 1964 2229 omnium
1994 2185 2108 2229 rerum
2138 2183 2199 2228 eu·

192 2261 335 2328 accuset,
376 2249 461 2330 quod
495 2247 733 2329 ingratitudine
765 2267 825 2312 sue
857 2247 965 2328 ipsum
999 2244 1168 2328 repulerit,
1221 2258 1325 2311 torem
1356 2266 1451 2310 nemo
1480 2268 1545 2310 non
1576 2249 1712 2312 fatetur:
1743 2271 1853 2313 verum
1885 2250 1914 2314 si
1943 2251 2014 2331 quis
2037 2257 2134 2333 roget
2154 2267 2198 2312 an

191 2345 393 2418 paternaque
416 2334 486 2397 eius
509 2331 713 2415 indulgentia
731 2332 852 2396 ebusus
871 2334 922 2396 sit.
959 2329 1167 2413 Quanquam,
1220 2333 1357 2397 adverse
1390 2335 1498 2396 omnia
1530 2335 1595 2396 sint
1628 2335 1697 2398 eius
1730 2336 1973 2418 castigationes,
2006 2335 2069 2400 hoo
2100 2335 2200 2399 fateri

192 2431 229 2486 ut
251 2441 355 2502 nuper
378 2419 482 2502 attigi,
506 2438 571 2481 non
594 2427 661 2480 tem
682 2418 859 2482 excusandi
882 2417 945 2480 Dei
967 2436 1065 2480 causa
1088 2414 1168 2481 haec
1222 2416 1371 2499 pudebit:
1409 2419 1510 2482 variis
1550 2419 1636 2482 enim
1677 2421 1928 2501 cogitationibus
1967 2420 2201 2484 distrahuntur

192 2506 333 2585 adducit,
362 2525 461 2588 quam
492 2502 639 2567 dolenter
668 2508 903 2567 commemorat
931 2500 1070 2585 gentiles
1091 2521 1168 2565 suos
1222 2502 1385 2567 homines:
1416 2513 1450 2567 et
1477 2507 1705 2586 praeoccupati
1732 2508 1884 2588 opinione
1906 2508 2056 2571 fortunae
2078 2507 2115 2570 in
2139 2505 2201 2570 has

192 2595 227 2658 in
257 2612 350 2657 snam
379 2590 558 2674 perniciem
587 2589 806 2671 conspirasse:
835 2589 910 2670 quia
938 2608 973 2651 ee
996 2585 1089 2670 quasi
1112 2587 1167 2650 de·
1222 2601 1254 2653 et
1287 2589 1366 2653 alies
1395 2609 1509 2653 causae
1537 2591 1645 2670 potius
1675 2612 1773 2672 quam
1801 2592 1836 2655 in
1866 2590 1973 2657 Deum
2005 2601 2135 2657 mentes
2166 2602 2201 2655 et

192 2679 278 2744 votis
310 2675 429 2742 animis
460 2675 493 2738 in
528 2675 646 2739 multas
679 2673 787 2739 clades
822 2672 1025 2756 proiecerint.
1078 2673 1168 2754 Ergo
1222 2676 1348 2738 animos
1370 2683 1576 2739 convertunt.
1611 2674 1752 2741 Causam
1770 2678 1871 2758 igitur
1889 2679 1972 2741 tenti
1991 2678 2085 2742 exitii
2105 2686 2202 2742 notat

192 2766 219 2830 si
243 2763 433 2846 dissipatam
457 2758 553 2823 hodie
576 2770 608 2824 et
629 2759 804 2824 deformem
824 2758 990 2823 ecclesiam
1011 2758 1168 2834 videmus,
1221 2759 1338 2836 Isaias,
1377 2759 1489 2842 populi
1522 2761 1659 2836 scelera,
1692 2762 1726 2825 in
1760 2765 1843 2845 qu'ae
1876 2765 1995 2827 merito
2028 2762 2200 2828 Dominus

192 2850 254 2915 hoc
288 2849 376 2914 vitiis
411 2858 444 2910 et
473 2845 647 2910 sceleribus
677 2846 796 2909 nostris
825 2843 1071 2927 imputandum,
1104 2864 1168 2926 quc
1222 2845 1464 2910 animadvertit.
1495 2844 1779 2924 Quemadmodum
1798 2847 1925 2914 aMose
1944 2847 2062 2934 (Dent.
2075 2848 2131 2933 32,
2144 2849 2200 2932 30)

193 2934 286 2999 nobis
320 2956 340 2998 a
370 2932 442 2997 Deo
473 2931 625 2995 benefieri
663 2950 729 2993 non
763 2930 916 2994 sinamus.
972 2928 1132 3012 Copulem
1159 2942 1168 2995 t
1222 2931 1302 2995 satis
1335 2940 1501 2995 ostensum
1535 2941 1620 2994 erat:
1663 2933 1834 3012 Quomodo
1871 2935 2023 3016 fugerent
2056 2934 2149 2999 mille
2182 2955 2202 2998 a

193 3019 344 3084 nonnulli
374 3025 510 3082 vertunt
531 3015 664 3097 Itaque:
692 3035 752 3097 ego
783 3014 882 3079 malui
905 3022 1035 3078 vertere
1058 3014 1170 3095 Atqui.
1223 3015 1305 3080 facie
1328 3016 1449 3078 unius?
1473 3036 1582 3079 annon
1600 3015 1764 3082 Dominus
1783 3038 1842 3084 vos
1860 3022 2077 3103 persequitur,
2101 3035 2201 3103 atque

193 3106 286 3171 Haec
326 3103 413 3170 enim
453 3101 662 3166 adversativa
701 3100 878 3183 opponitur
917 3099 965 3162 illi
999 3097 1170 3178 desiderio,
1221 3101 1257 3163 in
1291 3100 1435 3164 hostium
1470 3122 1586 3165 manus
1618 3102 1804 3168 concludit?
1857 3105 2019 3171 Miramur
2053 3106 2201 3189 quotidie

194 3212 259 3274 quo
289 3210 324 3254 se
353 3189 487 3254 ductum
518 3187 616 3251 fuisse
644 3185 782 3250 asseruit
809 3184 915 3261 Dens,
946 3192 983 3248 ut
1012 3183 1170 3266 populum
1222 3185 1387 3269 permulta
1417 3184 1561 3250 accidere
1584 3202 1713 3269 practer
1734 3190 1921 3270 opinionem
1945 3202 2110 3256 nostram:
2140 3212 2201 3256 neo

192 3296 290 3343 snum
315 3282 470 3351 tueretur,
493 3271 520 3338 si
536 3271 665 3353 quidem
689 3270 723 3335 id
738 3291 855 3352 passus
870 3282 964 3334 esset.
1010 3281 1088 3346 ΠΒΠ,
1111 3289 1170 3350 per
1222 3272 1349 3335 interea
1388 3291 1518 3335 causam
1558 3272 1593 3335 in
1630 3274 1722 3337 nobis
1755 3274 1944 3340 haerentem
1978 3279 2200 3360 agnoscimus.

194 3359 413 3447 gerundivum
443 3368 573 3424 vertere
595 3356 692 3439 malo,
722 3354 961 3438 illaqueandas.
1004 3354 1170 3437 Loquitur
1222 3356 1343 3438 Urgeri
1372 3377 1449 3437 ergo
1478 3377 1537 3422 nos
1561 3368 1595 3421 et
1617 3360 1648 3421 vi
1671 3359 1757 3441 adigi
1781 3381 1911 3427 necesse
1933 3373 1984 3426 est
2005 3375 2045 3427 ut
2066 3362 2201 3446 culpam

194 3447 283 3513 enim
318 3444 358 3509 de
390 3443 524 3527 populo,
558 3443 613 3525 qui
642 3442 677 3507 in
707 3440 930 3524 captivitatem
960 3438 1170 3505 abducendus
1223 3455 1368 3505 nostram
1403 3443 1570 3505 fateamur.
1627 3442 1847 3522 Quamobrem
1885 3446 2066 3513 doctrinam
2102 3451 2201 3514 istam

194 3544 274 3600 erat.
308 3542 431 3610 nt'ttm,
454 3529 536 3594 duas
558 3527 716 3593 dictiones
738 3527 846 3608 potius
868 3545 966 3608 quam
986 3546 1084 3589 unam
1100 3545 1171 3589 esse
1222 3528 1351 3607 saepius
1384 3532 1519 3609 proponi
1551 3549 1589 3594 ao
1622 3531 1724 3611 repeti
1758 3530 1932 3596 admodum
1971 3555 2106 3599 necesse
2139 3546 2201 3600 est.

195 3629 290 3703 puto:
322 3618 354 3681 id
377 3628 436 3696 est,
461 3616 497 3679 in
519 3612 690 3697 speluncis.
734 3612 821 3676 Nam
845 3631 903 3693 pro
925 3609 1098 3675 iuvenibus
1120 3630 1173 3675 ac·
1223 3612 1294 3675 Iam
1328 3632 1404 3676 vero
1438 3633 1479 3677 ne
1513 3612 1620 3676 Deum
1662 3616 1852 3681 insimulent
1884 3620 2059 3696 saevitiae,
2100 3619 2202 3685 simul

196 3706 313 3787 cipere,
336 3703 418 3766 mihi
442 3700 586 3766 alienum
610 3698 740 3763 videtur
763 3719 783 3761 a
805 3705 968 3761 contextu.
1224 3696 1328 3773 addit,
1360 3718 1434 3762 enm
1465 3719 1505 3761 ex
1534 3700 1620 3763 iuste
1653 3720 1750 3763 causa
1780 3703 1841 3766 hoo
1871 3705 1988 3780 lacere,
2025 3706 2104 3787 quie
2135 3727 2200 3770 non

284 3787 405 3874 (Erurd
432 3788 466 3851 in
494 3783 719 3868 direptionem.)
763 3781 829 3863 Qui
851 3790 1020 3864 exponunt
1043 3780 1082 3845 de
1104 3791 1172 3844 toto
1223 3781 1349 3865 prosilit
1377 3781 1418 3846 ad
1448 3803 1568 3864 poenes
1598 3785 1775 3866 exigendas
1804 3789 1866 3851 nisi
1890 3801 1987 3872 cogat
2010 3793 2201 3869 necessitas,

197 3894 318 3960 genere
341 3874 494 3949 hnmano,
516 3873 608 3934 cuius
631 3890 727 3933 nemo
750 3876 879 3950 praeter
901 3867 1071 3931 Christum
1094 3865 1171 3930 lihe-
1224 3889 1283 3932 neo
1315 3866 1515 3948 voluptatem
1550 3890 1591 3932 ex
1625 3871 1718 3934 malis
1752 3874 1871 3938 nostris
1903 3877 1999 3956 capit.
2052 3877 2202 3942 Proinde

196 3971 286 4026 rator
308 3969 366 4035 est,
396 3957 476 4022 nihil
499 3956 640 4022 afferunt
662 3952 747 4036 qnod
770 3952 873 4017 menti
897 3950 1074 4035 prophetae
1096 3971 1171 4015 con·
1225 3952 1288 4016 duo
1322 3951 1375 4016 hic
1414 3951 1565 4016 distincte
1601 3956 1740 4018 notanda
1772 3972 1858 4022 sunt.
1913 3960 2080 4037 Primum,
2117 3962 2203 4027 nihil

196 4048 320 4112 veniat.
367 4042 569 4128 Simpliciter
591 4041 677 4105 enim
701 4039 856 4104 admonet
878 4037 1034 4120 populum
1057 4036 1172 4100 interi·
1226 4038 1318 4102 nobis
1347 4036 1425 4100 mali
1450 4037 1513 4101 nisi
1543 4037 1725 4104 aDomino
1751 4045 1957 4128 contingere:
1990 4068 2033 4111 ne
2057 4048 2112 4113 vel
2136 4050 2201 4113 lor·

197 4143 309 4197 turum
344 4132 416 4194 sine
447 4128 515 4195 ulla
543 4148 600 4208 spe
632 4123 849 4205 liberationis,
884 4121 969 4204 qnod
1003 4130 1173 4204 respueret
1225 4124 1308 4186 tuito
1336 4142 1446 4186 rerum
1468 4143 1555 4198 casu,
1587 4123 1637 4186 vel
1660 4125 1723 4188 alia
1744 4147 1840 4193 causa
1862 4146 1999 4196 externa
2019 4132 2202 4216 quidquem

198 4218 339 4304 gratiam
374 4214 447 4280 Dei.
502 4214 592 4278 Hinc
633 4210 749 4287 collige
789 4207 866 4291 quid
900 4207 994 4272 nobis
1028 4205 1174 4271 accidere
1225 4206 1370 4272 accidere
1399 4207 1632 4273 existimemus.
1683 4211 1824 4292 Deinde,
1859 4237 1916 4280 nos
1951 4217 2034 4281 nihil
2063 4220 2201 4285 omnino

198 4323 331 4369 necesse
361 4303 421 4379 sit,
453 4301 518 4365 nisi
546 4297 689 4363 oblatam
712 4295 776 4358 Dei
806 4293 946 4374 gratiam
970 4294 1003 4355 in
1027 4303 1173 4372 tempore
1225 4292 1319 4367 mali,
1354 4292 1417 4354 nisi
1447 4292 1533 4355 iuste
1562 4292 1601 4356 de
1631 4314 1743 4379 causa,
1776 4301 1951 4378 sustinere,
1983 4306 2138 4384 quoniam
2165 4306 2202 4370 in

199 4390 443 4472 amplectamur.
490 4385 593 4468 Digni
623 4383 766 4464 profecto
795 4378 917 4443 erimus
939 4379 997 4459 qui
1018 4375 1173 4441 destitue-
1225 4376 1335 4441 Deum
1364 4378 1578 4457 peccavimus.
1629 4379 1766 4446 Frustra
1799 4407 1876 4468 ergo
1907 4387 2057 4454 homines
2086 4390 2202 4457 Deum

198 4496 274 4540 mur
294 4475 384 4539 omni
407 4472 537 4546 auxilio,
561 4468 762 4552 praedaeque
784 4475 818 4528 et
841 4462 1014 4545 direptioni
1032 4461 1173 4542 expositi
1225 4459 1428 4559 crudelitatis
1450 4462 1651 4528 insimulent.
1696 4466 1779 4531 Nam
1803 4472 1923 4535 iustum
1947 4476 2017 4539 eius
2039 4474 2202 4543 iudicium

197 4580 379 4646 pereamus.
1225 4567 1261 4610 rn
1284 4567 1405 4628 poenis,
1428 4566 1509 4628 quas
1532 4549 1645 4641 merito
1668 4552 1795 4636 infligit,
1818 4558 2061 4638 agnoscendum
2083 4573 2146 4627 est.

284 4645 337 4711 23.
366 4643 463 4729 (Quis
491 4642 528 4707 itt
555 4639 664 4724 eodm.)
715 4635 807 4700 Idem
838 4642 1069 4715 argumentum
1104 4652 1174 4712 pro·
1311 4629 1390 4714 (Neo
1432 4633 1615 4713 coluerunt.)
1676 4636 1740 4702 Hic
1784 4641 1963 4722 amplificat
2000 4645 2201 4713 Iudaeorum

199 4733 346 4815 seqnitur
378 4730 490 4795 isaias.
543 4726 626 4790 Nam
660 4721 801 4786 Iudaeos
835 4718 915 4782 adeo
944 4716 1076 4781 hebetes
1104 4737 1174 4781 esse
1225 4717 1365 4782 crimen:
1395 4717 1451 4781 sed
1482 4739 1650 4799 personam
1682 4735 1795 4801 mutet,
1830 4728 1905 4806 quia
1935 4731 2026 4810 prius
2056 4752 2092 4797 ee
2124 4755 2202 4799 oum

200 4841 239 4885 ac
259 4821 330 4883 tore
348 4815 520 4900 significat,
544 4820 580 4875 ut
598 4830 639 4874 ne
657 4805 816 4872 admoniti
835 4804 966 4886 quidem
986 4802 1174 4884 percipiant.
1226 4801 1298 4865 aliis
1329 4802 1580 4878 annumerabat,
1610 4805 1693 4885 quod
1723 4810 1905 4876 membrum
1934 4816 2024 4881 illins
2051 4820 2202 4901 corporis

200 4909 251 4970 Ac
283 4901 476 4968 nominatim
509 4899 597 4980 ipsos
630 4891 820 4975 compellat,
853 4886 938 4971 quod
967 4907 1068 4969 quum
1097 4907 1175 4967 prae
1226 4896 1321 4964 esset,
1351 4898 1384 4950 et
1405 4894 1532 4951 reatum
1555 4910 1650 4953 suum
1672 4890 1852 4959 fatebatur:
1883 4919 1948 4962 non
1971 4901 2057 4983 qnod
2081 4905 2202 4971 similis

201 4990 274 5054 aliis
308 4985 460 5054 instructi
487 4993 584 5067 etque
613 4979 718 5046 edocti
751 4996 821 5041 esse
851 4973 1057 5049 debuissent,
1091 4972 1175 5035 nihil
1226 4978 1313 5035 esset
1342 4971 1438 5054 vulgo
1460 4971 1637 5049 hominum,
1668 4991 1724 5040 aut
1745 5000 1857 5044 eorum
1880 4985 2004 5050 scelere
2026 4989 2201 5069 probaret:

201 5089 313 5140 tamen
335 5074 558 5156 perciperent:
589 5088 648 5133 nec
670 5062 790 5129 iudicia
811 5058 887 5143 Dei,
909 5058 1058 5140 quamvis
1081 5076 1174 5137 aper·
1226 5056 1283 5120 sed
1313 5055 1399 5137 qnod
1427 5057 1461 5120 in
1491 5067 1582 5122 tante
1610 5061 1761 5127 vitiorum
1788 5067 1927 5133 colluvio
1947 5072 2106 5140 immunis
2129 5098 2203 5142 esse

200 5161 335 5237 tissime,
366 5158 585 5224 observarent.
630 5153 674 5217 In
695 5153 864 5233 posterum,
892 5142 925 5242 id
951 5154 1014 5242 test,
1045 5153 1082 5206 nt
1103 5152 1174 5239 tan·
1228 5162 1294 5240 non
1322 5151 1455 5239 posset,
1470 5143 1558 5224 quin,
1590 5148 1627 5207 nt
1654 5147 1796 5229 reliquae
1825 5158 1969 5236 corpmis
1998 5172 2123 5241 partos,
2154 5165 2203 5229 sio

202 5246 274 5312 dem
298 5246 391 5312 melis
415 5244 566 5318 domitus,
589 5237 739 5322 quamvis
756 5252 839 5310 sero,
863 5238 1039 5310 resipiscat.
1075 5224 1174 5290 Vide·
1227 5247 1296 5309 ipse
1328 5236 1519 5310 contagione
1551 5229 1689 5309 quadam
1722 5235 1916 5307 inficeretur.
1972 5241 2086 5324 Quum
2121 5269 2202 5334 ergo
