4784 5970
202 377 265 442 689
329 414 335 428 =
915 377 964 441 IN
985 377 1234 444 Insertum.
1278 376 1377 443 cAP.
1400 375 1479 442 Vll.
2127 377 2191 443 690

287 565 339 629 21.
371 562 425 628 Sic
450 563 527 628 dicit
548 561 682 628 chouub
711 565 914 647 meatuum,
943 565 1033 632 Deus
1055 563 1168 648 Israel,
1219 565 1284 631 cise
1321 564 1477 631 Ieremias
1513 563 1668 630 damnare
1707 564 1874 632 sacrificia.
1934 564 2065 631 Scimus
2101 567 2190 630 enim

203 651 391 717 Holoccaetu
419 653 520 714 verua
548 649 654 714 addite
681 669 777 731 asper
804 651 948 716 uictimae
976 656 1110 734 vestroe,
1142 655 1170 717 a
1220 671 1376 733 quorsum
1412 653 1598 733 spectarint:
1635 661 1728 717 eraut
1764 653 1921 717 exercitia
1958 650 2188 735 poenitentiae.

201 737 346 802 comite
366 754 499 800 caruem
1220 737 1306 801 Nam
1334 735 1461 818 quoties
1489 746 1663 802 mactatum
1695 737 1758 801 init
1787 737 1910 803 animal
1943 757 2051 802 coram
2084 736 2190 816 altari,

287 822 338 885 22.
365 821 447 902 Quia
468 840 529 886 aon
547 820 690 903 loquum
708 841 779 885 cam
795 841 866 887 cum
880 821 1029 902 putridas
1048 823 1169 899 vestie,
1220 842 1333 887 omnes
1355 819 1613 888 admonebantur
1635 844 1669 888 se
1687 843 1759 887 reos
1781 843 1853 888 esse
1874 823 1995 899 mortis,
2019 821 2097 887 dum
2120 823 2189 887 ani·

201 914 229 972 et
245 927 309 972 uon
324 907 475 988 praccmi
496 906 563 972 atis
580 927 640 988 qao
658 907 710 971 dic
731 907 827 971 edaci
843 926 894 972 ara
908 928 924 973 e
937 908 1170 992 tewcAepypti
1220 908 1286 973 mal
1308 908 1436 974 subibat
1458 908 1561 972 vicem
1582 906 1762 973 hominum.
1793 907 1867 974 Illic
1889 929 1966 993 ergo
1987 909 2076 974 Deus
2097 906 2190 992 quasi

200 1014 297 1074 super
316 993 416 1057 cabis
441 992 518 1076 (hoc
540 1004 591 1056 est
613 992 802 1058 rationibus.
847 993 932 1058 Nam
955 1006 1019 1061 ἾΞἹ
1040 996 1169 1078 proprie
1220 995 1254 1059 iu
1270 994 1401 1075 speculo
1423 993 1691 1076 repraesentabat
1705 992 1835 1059 Iudaeis
1857 992 2013 1060 horribile
2036 992 2188 1060 iudicium

201 1079 364 1163 significat
385 1079 543 1143 rationem
566 1076 677 1141 latine.
708 1078 851 1142 Hebraei
873 1079 962 1143 enim
983 1080 1029 1143 ita
1050 1081 1169 1162 passim
1220 1079 1306 1161 quod
1340 1079 1448 1143 meriti
1481 1089 1590 1142 erant:
1628 1078 1745 1143 deinde
1778 1081 1936 1146 sacrificia
1969 1089 2064 1145 erent
2096 1080 2190 1143 vivae

201 1175 362 1246 usurpant
385 1163 470 1229 hanc
492 1183 612 1241 vocem,
635 1164 730 1229 sicuti
745 1163 858 1229 Latini
880 1165 1049 1243 rationem,
1072 1186 1170 1248 super
1220 1164 1346 1230 christi
1375 1165 1551 1248 imagines:
1581 1179 1675 1228 eraut
1700 1174 1790 1231 certa
1820 1166 1957 1249 pignora
1984 1164 2189 1248 expiationis,

202 1250 380 1315 rationibus
401 1248 501 1334 crgo),
522 1249 767 1314 holocaustorum
787 1254 816 1315 et
837 1250 984 1316 uictimae.
1222 1259 1256 1314 ut
1279 1250 1428 1316 homines
1450 1249 1737 1315 reconciliarentur
1753 1270 1829 1315 cum
1839 1250 1921 1331 Deo,
1945 1271 2023 1333 ergo
2034 1249 2189 1316 Ieremias

287 1335 339 1399 23.
375 1336 459 1417 Quin
488 1336 596 1416 potius
626 1333 711 1418 (sed,
745 1347 792 1402 nt:
816 1348 846 1401 ’3
879 1345 929 1400 est
961 1336 1169 1401 adversativa
1220 1335 1350 1400 videtur
1376 1335 1431 1400 hio
1461 1337 1557 1401 nimis
1589 1338 1801 1419 contemptim
1831 1335 1871 1402 de
1893 1336 2059 1402 sacrificiis
2091 1334 2189 1418 loqui,

202 1421 369 1505 particula,
403 1421 464 1485 hoc
487 1433 545 1500 est,
578 1420 640 1484 hae
669 1420 752 1485 duae
782 1440 874 1486 voces
903 1435 1069 1503 ponuntur
1099 1421 1169 1487 loco
1220 1441 1303 1505 quae
1325 1433 1358 1487 et
1379 1420 1487 1505 sigilla
1509 1431 1602 1487 erant
1625 1423 1748 1504 gratiae
1770 1423 1844 1498 Dei,
1867 1432 1900 1486 et
1922 1431 2016 1487 erant
2038 1421 2190 1487 instituta

202 1508 436 1582 adversativae,
460 1507 531 1590 sed)
552 1505 677 1571 cubam
694 1506 750 1571 boc
764 1508 912 1589 muccepi
931 1506 1008 1590 illie,
1029 1507 1170 1574 diceudo:
1220 1519 1258 1572 ut
1280 1507 1430 1572 homines
1462 1506 1660 1573 adducerent
1693 1508 1733 1571 ad
1763 1508 2007 1590 poenitentium.
2052 1505 2121 1573 Sed
2143 1506 2189 1571 lo-

200 1593 320 1659 Auditc
348 1612 448 1657 cooem
475 1612 590 1673 mecon,
623 1596 722 1658 erere
749 1591 836 1657 cobis
863 1593 898 1657 in
919 1592 1033 1672 Deum,
1061 1598 1089 1657 et
1115 1612 1170 1658 cos
1220 1593 1330 1676 quitur
1352 1614 1393 1657 ex
1416 1613 1526 1658 eorum
1556 1614 1670 1670 sensu,
1703 1593 1761 1675 qui
1790 1614 1959 1676 perperam
1989 1593 2190 1659 vitiaverant

200 1680 290 1744 eritis
318 1678 395 1742 mibi
425 1680 458 1741 in
475 1679 641 1761 populum
671 1677 919 1743 ctumbulobita‘s
948 1680 984 1743 in
1003 1680 1088 1743 muni
1115 1679 1169 1743 viu
1220 1678 1283 1742 Dei
1306 1679 1439 1742 cultum.
1483 1678 1568 1743 Nam
1598 1698 1699 1761 quum
1729 1679 1843 1746 sedulo
1865 1699 1996 1762 operam
2020 1678 2189 1743 sacrifieiis

201 1764 277 1853 (hoc
294 1776 352 1839 est,
376 1764 410 1828 in
430 1776 498 1829 tota
515 1762 582 1849 via)
603 1784 697 1845 quum
718 1764 906 1829 mundavero
925 1763 1020 1847 coba,
1041 1770 1077 1829 ut
1097 1764 1169 1829 bene
1220 1764 1446 1847 impenderent
1475 1762 1604 1840 Iudaei,
1639 1764 1850 1848 negligebant
1882 1765 1966 1847 quod
1995 1774 2067 1829 erat
2095 1783 2188 1846 prae·

199 1851 242 1915 sit
262 1849 356 1914 nebu.
1219 1851 1362 1932 cipuum,
1386 1870 1504 1934 nempe
1519 1859 1552 1915 et
1566 1849 1664 1915 fidem
1682 1861 1715 1914 et
1732 1850 1976 1933 poeniteutiam.
2010 1850 2099 1932 Ergo
2118 1869 2190 1931 pro

285 1935 337 2001 24.
360 1934 405 1999 Et
425 1954 487 2000 non
509 1935 685 2016 audierunt,
715 1940 824 1999 deon
845 1936 1039 2001 inclinarunt
1060 1955 1168 2001 aaran
1220 1935 1318 2018 pheta
1346 1934 1399 2001 hio
1427 1936 1584 2002 sacrificia
1618 1936 1776 2018 repudiat,
1810 1957 1891 2020 quae
1924 1934 2191 2000 adulteraverant

196 2041 298 2102 wem,
321 2026 350 2085 et
371 2021 605 2086 ambulaverunt
624 2021 659 2084 in
675 2021 837 2103 perpletis
857 2021 997 2087 consiliis
1022 2020 1167 2107 (proprie
1219 2021 1363 2102 perversi
1385 2021 1434 2084 illi
1457 2020 1520 2086 Dei
1542 2022 1692 2098 cultores,
1714 2043 1815 2104 quum
1838 2021 1960 2087 scilicet
1983 2027 2115 2085 tantum
2137 2022 2190 2084 in·

198 2107 356 2191 accipitur
387 2108 422 2170 in
455 2107 573 2170 malam
607 2105 763 2190 partem),
795 2108 883 2171 etia
910 2110 1069 2189 pravitate
1101 2106 1167 2192 (vel
1220 2109 1301 2171 tenti
1323 2112 1434 2171 essent
1451 2107 1486 2171 in
1504 2119 1656 2173 externus
1678 2106 1908 2184 caeremonias,
1931 2118 1964 2171 et
1986 2105 2190 2189 negligerent

199 2191 332 2277 dumus)
361 2193 465 2257 cordis
483 2191 645 2272 cuimodi,
676 2192 856 2272 ctfueraut
875 2198 965 2275 retro,
994 2199 1104 2259 daca
1126 2194 1168 2258 od
1219 2193 1318 2257 linem
1352 2193 1476 2275 ipsum,
1509 2203 1605 2274 atque
1635 2192 1714 2257 adeo
1747 2200 2005 2259 contemnerent.
2057 2191 2189 2257 Scimus

196 2279 319 2361 facien.
1220 2279 1308 2343 enim
1341 2277 1382 2341 ab
1409 2278 1514 2356 initio,
1547 2276 1657 2344 Deum
1686 2276 1828 2344 voluisse
1862 2277 2076 2361 spiritualiter
2110 2276 2187 2341 coli:

1221 2383 1325 2445 neque
1352 2364 1438 2427 enim
1467 2362 1565 2429 hodie
1587 2365 1728 2429 mutavit
1750 2375 1912 2429 naturam.
1958 2363 2047 2444 Ergo
2078 2382 2192 2445 quem·

284 2450 348 2514 Hie
371 2449 552 2514 subsannat
582 2448 741 2530 propheta
761 2447 908 2525 Iudaeos,
939 2450 993 2532 qui
1021 2447 1166 2515 sedulam
1220 2447 1392 2514 admodum
1423 2448 1520 2513 hodie
1548 2470 1615 2515 non
1645 2450 1746 2515 alium
1774 2449 1901 2515 cultum
1934 2448 2059 2531 probat,
2093 2467 2191 2529 quem

198 2555 328 2618 operam
351 2534 473 2599 dabant
501 2533 678 2609 saemficiis
708 2553 808 2615 quum
835 2546 945 2597 tamen
968 2535 1059 2600 nulla
1081 2545 1167 2600 esset
1220 2533 1433 2617 spiritualem,
1456 2535 1552 2600 sicuti
1573 2537 1643 2617 ipse
1665 2547 1714 2600 est
1736 2536 1885 2620 spiritus:
1914 2536 1960 2599 ita
1982 2546 2014 2598 et
2036 2533 2097 2598 sub
2119 2533 2191 2614 lege

198 2621 328 2702 pietatis
346 2640 432 2685 eura.
460 2619 551 2701 Ergo
566 2638 623 2700 per
638 2617 768 2682 modum
786 2618 917 2683 ludibrii
935 2619 1022 2698 dicit,
1041 2618 1167 2685 Offerte
1220 2619 1323 2683 voluit
1359 2621 1486 2685 sincero
1525 2621 1620 2686 corde
1658 2641 1692 2685 se
1729 2621 1801 2687 coli.
1861 2620 2074 2702 Praepostere
2113 2637 2190 2701 ergo

198 2707 355 2772 suomficia
376 2718 493 2780 vestra,
517 2714 550 2767 et
567 2704 731 2769 cumulate
755 2704 942 2769 holocausta
960 2715 993 2770 et
1008 2707 1167 2785 victimas,
1219 2702 1333 2770 Iudaei
1356 2703 1547 2770 obtulerunt
1565 2708 1732 2785 raenfieia,
1755 2708 1847 2789 quasi
1866 2707 1927 2770 hoc
1946 2704 2040 2769 modo
2058 2704 2192 2768 litarent

199 2801 233 2856 et
262 2791 421 2856 comedite
452 2810 593 2855 carnem.
646 2789 717 2854 Hoc
750 2798 950 2870 postremum
984 2794 1167 2857 membrum
1220 2790 1300 2855 Deo.
1345 2791 1391 2855 Et
1420 2790 1500 2856 haee
1530 2791 1614 2855 ratio
1643 2802 1709 2870 est,
1742 2813 1801 2857 cur
1833 2811 1929 2874 saepe
1962 2789 2110 2873 asperius
2140 2789 2190 2852 in·

199 2876 349 2957 ostendit,
381 2876 487 2940 Deum
519 2897 576 2959 pro
601 2876 702 2940 nihilo
726 2875 842 2940 ducere
863 2877 1030 2952 sacrificia,
1061 2898 1167 2959 neque
1220 2876 1385 2941 vehantur
1417 2877 1595 2959 prophetae
1624 2878 1659 2942 iu
1688 2878 1857 2944 sacrificia.
1909 2876 2001 2942 Dicit
2033 2895 2068 2940 ee
2098 2874 2190 2939 Deus

199 2963 375 3045 quidquam
391 2964 476 3026 ferre
492 2972 670 3044 acceptum,
686 2961 1168 3045 tametsietmagnossumptus
1220 2982 1387 3041 nauseare,
1422 2962 1500 3026 dicit
1528 2985 1563 3028 se
1593 2964 1764 3045 fatigatum
1798 2984 1870 3028 esse
1898 2961 2076 3038 sacrifieiis,
2112 2958 2190 3026 dicit

199 3048 321 3116 iaciant
353 3047 482 3121 ludaei,
520 3059 552 3112 et
587 3048 685 3111 etiam
724 3067 787 3110 non
826 3057 961 3128 parcant
995 3047 1166 3113 laboribus.
1219 3066 1337 3112 nomen
1361 3067 1457 3112 suum
1487 3048 1598 3131 pollui,
1633 3048 1713 3114 dicit
1740 3049 1875 3132 perinde
1897 3067 1977 3127 esse,
2007 3068 2044 3112 ac
2067 3045 2190 3130 siquis

199 3132 353 3201 Ostendit
375 3131 555 3216 ergoDeus
579 3133 658 3198 haec
680 3133 790 3196 omnia
807 3152 866 3215 pro
884 3133 986 3198 nihilo
1005 3133 1065 3198 sibi
1086 3155 1166 3199 esse.
1219 3154 1284 3197 non
1308 3144 1436 3197 tantum
1460 3145 1618 3199 mactaret
1640 3154 1763 3218 canem,
1788 3137 1953 3217 impurum
1975 3132 2108 3212 animal,
2131 3131 2189 3197 sed

201 3219 354 3286 Oomedite
375 3238 509 3298 carnem,
536 3220 652 3300 inquit,
681 3220 741 3283 hoo
764 3230 823 3293 est,
851 3220 1042 3286 sacrificatis
1064 3220 1167 3293 vobis,
1218 3220 1245 3282 si
1269 3221 1342 3300 quis
1363 3219 1529 3301 iugularat
1552 3219 1727 3286 hominem.
1751 3220 1807 3287 Sic
1830 3220 1972 3303 loquitur
1993 3238 2053 3302 per
2070 3217 2189 3284 Isaiam

199 3326 265 3371 non
288 3305 377 3370 mihi.
419 3304 480 3369 Est
502 3305 590 3369 enim
614 3303 666 3370 hic
689 3307 789 3368 tacita
811 3305 991 3384 antithesis,
1015 3306 1165 3387 quoniam
1217 3304 1260 3390 (1,
1280 3305 1322 3368 14
1343 3315 1375 3369 et
1397 3305 1447 3383 66,
1466 3304 1509 3388 3).
1554 3305 1722 3385 Quorsum
1744 3307 1825 3371 mihi
1848 3307 2010 3383 victimae,
2034 3313 2067 3368 et
2089 3305 2189 3368 saeri-

199 3391 277 3456 dum
300 3412 432 3456 carnem
464 3388 689 3469 comedebant,
720 3389 790 3454 Deo
813 3402 922 3454 tamen
951 3390 1166 3457 exhibebatur
1217 3391 1316 3455 ficia?
1351 3390 1429 3456 dicit
1461 3394 1573 3455 Amos.
1628 3391 1756 3457 Passim
1788 3392 1891 3474 igitur
1924 3390 2004 3455 haec
2042 3389 2189 3454 doctrina

200 3477 366 3561 legitimus
394 3475 509 3551 cultus,
543 3476 570 3540 si
600 3475 662 3539 rite
691 3475 800 3540 oblate
829 3476 966 3540 fuissent
998 3478 1165 3543 sacrificis.
1218 3477 1358 3541 occurrit
1378 3474 1464 3557 apud
1489 3477 1673 3559 prophetas.
1705 3477 1830 3559 Nempe
1852 3476 2011 3541 sacrificia
2032 3494 2098 3538 non
2117 3486 2187 3536 tan-

200 3560 291 3628 Deus
320 3571 428 3627 autem
458 3561 511 3625 hio
540 3583 575 3626 se
597 3561 755 3627 excludit:
789 3561 881 3643 quasi
909 3561 1039 3640 diceret,
1073 3563 1166 3628 Haec
1217 3571 1288 3625 tum
1311 3581 1417 3625 coram
1441 3559 1513 3626 Deo
1545 3561 1668 3627 nullius
1697 3584 1766 3628 esse
1797 3562 1965 3638 momenti,
1997 3560 2054 3625 sed
2088 3558 2186 3623 etiam

198 3646 239 3712 ad
258 3669 309 3713 me
329 3648 411 3713 nihil
435 3648 616 3729 pertinent:
640 3667 698 3710 vos
716 3646 794 3710 dum
817 3645 976 3712 adducitis
998 3648 1164 3726 sacrificia,
1216 3667 1287 3710 esse
1309 3648 1400 3729 quasi
1421 3647 1540 3712 foetida
1558 3660 1709 3724 stercora,
1733 3669 1816 3730 quae
1834 3647 2048 3722 abominetur,
2072 3664 2186 3727 nempe

200 3733 300 3798 vultis
330 3735 471 3815 epulari:
505 3753 583 3814 ergo
617 3732 791 3814 comedite,
825 3738 858 3795 et
888 3733 1000 3797 farcita
1034 3746 1165 3798 ventres
1216 3733 1271 3797 ubi
1294 3733 1417 3796 veritas
1447 3746 1619 3815 separatur
1649 3733 1803 3817 asignia.
1848 3733 1941 3798 Haec
1971 3732 2072 3814 igitur
2102 3730 2185 3794 ratio

198 3830 334 3883 vestros:
358 3818 418 3883 hoc
440 3819 480 3882 ad
502 3839 554 3882 me
577 3817 658 3881 nihil
682 3827 814 3899 spectat.
853 3815 991 3883 Summa
1013 3832 1072 3899 est,
1095 3840 1165 3901 pro·
1216 3826 1283 3897 eet,
1320 3839 1380 3883 cur
1412 3817 1568 3882 Ieremias
1601 3820 1654 3885 hio
1686 3820 1844 3885 sacrificia
1880 3839 2013 3900 prorsus
2050 3816 2186 3892 reliciat,

197 3905 273 3968 fana
295 3925 365 3969 esse
383 3904 543 3983 convivia,
565 3923 648 3985 quae
666 3902 779 3967 ludaei
796 3902 1010 3980 celebrabant,
1034 3906 1164 3970 tametsi
1216 3924 1333 3985 nempe
1366 3904 1519 3985 quoniam
1546 3907 1754 3987 conqueritur
1783 3905 1823 3970 de
1852 3904 1978 3986 polluto
2008 3913 2040 3967 et
2061 3902 2185 3966 violato

198 4001 424 4072 praetexerent
460 3989 521 4053 Dei
555 4008 688 4065 nomen,
723 4000 754 4050 et
782 3988 904 4052 vellent
936 3988 1007 4053 ideo
1039 3993 1164 4056 censeri
1216 3988 1279 4053 Dei
1301 3989 1409 4054 cultu:
1441 3992 1523 4054 ratio
1545 4001 1603 4068 est,
1633 3992 1718 4073 quod
1740 3990 1854 4055 Iudaei
1885 3988 2098 4055 obtruderent
2124 3989 2187 4070 ipsi

197 4096 299 4141 saura.
345 4075 496 4142 comedite
517 4095 595 4156 ergo
616 4094 749 4151 aarum,
779 4073 839 4138 hoo
861 4088 919 4155 est,
948 4096 1008 4157 ego
1030 4076 1164 4158 repudio
1215 4074 1288 4139 Deo
1321 4085 1450 4158 spectra
1479 4096 1537 4158 pro
1566 4075 1673 4141 rebus.
1721 4074 1788 4143 Sed
1820 4074 1948 4140 videtur
1982 4083 2092 4140 tamen
2125 4074 2186 4139 hoc

199 4172 307 4226 vestra
327 4163 493 4242 sacrificia,
518 4181 576 4224 nec
595 4171 645 4223 eet
664 4159 749 4241 quod
773 4161 890 4242 tegetis
914 4163 1028 4225 umbra
1050 4161 1165 4243 templi
1216 4161 1346 4224 modum
1380 4159 1544 4240 excedere,
1577 4164 1663 4244 quod
1698 4172 1795 4246 negat
1823 4161 1915 4227 Deus
1946 4183 1980 4226 se
2008 4159 2186 4243 quidquam
2309 4189 2315 4202 ·

198 4247 261 4310 mei
280 4260 404 4312 vestras
425 4247 626 4327 iniquitates:
649 4245 801 4327 quoniam
824 4246 1018 4327 pollutiones
1037 4261 1165 4314 vestrae
1217 4247 1387 4312 mandasse
1411 4247 1450 4311 de
1473 4248 1649 4313 sacrificiis.
1693 4249 1779 4313 Nam
1808 4261 1981 4331 antequam
2008 4247 2062 4311 lex
2085 4245 2185 4309 luerit

197 4332 381 4415 impediunt
398 4355 439 4397 ne
457 4340 623 4413 acceptum
643 4331 746 4394 feram
765 4332 848 4411 quod
868 4332 991 4414 putatis
1008 4354 1065 4398 vos
1083 4333 1164 4397 mihi
1217 4332 1431 4416 promulgata,
1454 4333 1559 4397 voluit
1581 4334 1672 4398 Deus
1693 4333 1851 4400 sacrificia
1876 4333 1938 4399 sibi
1961 4331 2082 4398 offerri.
2127 4330 2183 4395 In·

198 4418 325 4483 offerre.
353 4418 463 4498 Quum
483 4415 696 4493 autemdicit,
716 4417 1163 4497 Addilesucrificiuct'ctimia
1214 4419 1300 4499 cepit
1322 4440 1341 4483 a
1363 4416 1534 4483 Paschate.
1575 4419 1703 4485 Pascha
1725 4420 1813 4484 enim
1836 4420 1896 4484 suit
1917 4417 2122 4494 sacrificium,
2146 4421 2184 4480 ut

197 4505 360 4588 significat
388 4504 515 4568 etiamsi
545 4512 687 4578 mactent
714 4501 870 4583 quidquid
898 4516 947 4567 eet
974 4504 1163 4569 animalium
1215 4504 1294 4569 satis
1318 4512 1430 4567 notum
1452 4513 1518 4567 est:
1541 4513 1573 4569 et
1593 4506 1638 4568 ita
1659 4504 1759 4568 etiam
1781 4505 1989 4588 praedixerat
2010 4511 2183 4585 autequam

195 4592 230 4654 in
251 4599 320 4654 tota
343 4603 438 4666 terra,
462 4588 523 4653 hoc
546 4601 656 4652 temen
678 4588 746 4651 fore
767 4588 908 4664 irritum,
932 4589 1016 4669 quia,
1040 4591 1161 4654 utiam
1214 4589 1368 4653 liberaret
1389 4590 1555 4673 populum.
1601 4589 1728 4654 Deinde
1750 4600 1825 4655 ante
1846 4591 1945 4654 latum
1969 4590 2076 4671 legem
2098 4607 2183 4652 sem·

197 4675 275 4754 dixi,
304 4695 404 4759 quum
427 4684 580 4757 putarent
602 4694 637 4738 sc
658 4673 776 4736 offerre
798 4673 870 4736 Deo
893 4676 1058 4753 sacrificia,
1091 4688 1163 4739 tan·
1215 4695 1272 4757 per
1299 4675 1360 4738 tuit
1389 4696 1468 4741 usus
1498 4674 1668 4741 sacerdotii
1696 4676 1730 4739 in
1758 4676 1887 4760 populo,
1924 4686 1959 4738 ut
1989 4675 2098 4739 Moses
2128 4673 2183 4737 de·

196 4769 267 4826 tum
289 4762 424 4843 profano
445 4759 541 4824 modo
559 4759 791 4842 epulabantur:
814 4760 896 4823 ratio
914 4772 972 4838 est,
996 4760 1079 4841 quod
1098 4781 1162 4824 non
1214 4771 1384 4826 monstrat.
1429 4762 1599 4826 Postremo
1629 4762 1778 4827 videmus
1807 4781 1903 4843 quam
1926 4760 2063 4824 sollicite
2090 4778 2182 4822 man-

197 4849 387 4929 spectabant
407 4848 440 4910 in
460 4856 583 4911 rectum
605 4847 712 4909 finem.
746 4844 824 4909 Ideo
846 4845 975 4910 subiicit
997 4845 1163 4928 propheta,
1214 4847 1341 4910 daverit
1364 4847 1403 4912 de
1425 4847 1598 4912 offerendis
1628 4847 1689 4912 sibi
1719 4846 1895 4912 sacrificiis.
1940 4846 2008 4911 Our
2029 4863 2107 4926 ergo
2130 4842 2183 4908 bic

198 4933 273 4997 Nou
294 4932 437 5015 legumus
457 4951 529 4995 sum
549 4950 619 4994 cum
635 4930 782 5012 putribus
803 4932 926 5013 vestris,
949 4936 976 4996 ot
996 4952 1056 4997 aon
1073 4953 1164 5013 prae
1214 4931 1406 5014 simpliciter
1435 4942 1533 5015 negat
1565 4952 1599 4997 se
1628 4933 1800 5015 quidquam
1835 4931 2007 5013 loquutum
2042 4950 2112 4996 esee
2142 4932 2182 4997 de

196 5020 262 5100 cepi
284 5018 351 5083 illis
370 5038 429 5100 quo
450 5018 502 5083 die
527 5017 623 5080 eclam
650 5036 700 5081 eos
722 5036 737 5079 e
759 5021 844 5081 terra
866 5017 1008 5100 Aegypti,
1038 5037 1099 5080 uer:
1121 5018 1163 5082 lc-
1214 5017 1403 5084 sacrificiis?
1438 5038 1555 5101 nempe
1584 5018 1661 5100 quia
1682 5018 1839 5083 sacrificia
1868 5039 1926 5100 per
1947 5039 1982 5082 se
2004 5016 2086 5082 nihil
2114 5038 2182 5081 mo·

196 5109 311 5186 quotus
330 5123 402 5170 aum
423 5103 460 5167 dc
478 5101 653 5182 carnficiis,
675 5103 722 5166 vel
744 5101 945 5168 holocaustis:
971 5105 1025 5168 sed
1046 5107 1163 5167 mutum
1214 5115 1306 5167 ratus
1328 5114 1387 5168 est.
1433 5103 1598 5168 Discernit
1628 5104 1731 5188 igitur
1759 5104 1855 5185 sigua
1884 5113 2021 5169 externa
2047 5104 2181 5184 aspiri·

191 5191 347 5271 praecepi,
377 5195 412 5253 ut
434 5188 584 5253 audirent
604 5206 703 5252 vocem
724 5207 838 5267 meum,
867 5194 895 5252 ct
916 5187 1109 5253 amtuuree
1128 5191 1163 5253 iu
1216 5190 1298 5252 tuali
1319 5190 1418 5267 uultu,
1441 5191 1593 5271 quoniam
1616 5189 1729 5254 Iudaei
1752 5189 1819 5253 suis
1842 5191 2045 5271 corruptelis,
2069 5209 2181 5272 quem·

195 5280 257 5341 totu
277 5278 340 5357 eto,
362 5276 400 5341 de
415 5294 478 5357 qua
500 5274 581 5355 ipsis
596 5275 752 5356 praecepi.
790 5273 931 5338 Videtur
952 5274 1049 5338 nimis
1071 5295 1163 5357 prae·
1215 5275 1389 5340 admodum
1422 5276 1512 5358 prius
1545 5274 1668 5342 dictum
1702 5284 1768 5351 est,
1802 5275 1848 5340 sio
1876 5285 2064 5345 everterant
2096 5272 2181 5355 quod

301 5379 411 5439 want
428 5393 521 5448 opera
549 5375 604 5431 Vol.
622 5374 783 5430 XXXVII.
1945 5375 1980 5429 44
