4784 5970
187 337 254 402 483
995 328 1383 397 Pssauuueutortus
2136 329 2197 395 484

187 524 336 590 coelestis
358 523 514 590 doctrina.
558 520 717 601 Quamvis
748 520 834 584 euim
866 519 909 586 sit
938 517 1016 584 oder
1047 518 1161 583 mertis
1186 534 1189 603 ι
1215 516 1305 581 nulla
1327 517 1390 582 erit
1413 516 1528 583 allusio
1550 519 1584 584 in
1608 519 1751 602 vocibus,
1774 525 1872 602 atque
1889 519 1937 585 its
1955 518 2064 585 oratic
2084 516 2197 600 perdet

188 611 224 674 iu
246 619 381 674 mortem
412 608 562 673 omnibus
590 611 643 689 qui
674 615 828 689 pereunt:
863 614 914 670 est
944 612 1053 668 tamen
1084 603 1162 668 odor
1186 610 1189 663 l
1215 604 1368 684 gratiam,
1401 612 1435 668 ιι
1457 625 1574 671 ιιιιιι
1596 605 1737 690 frigebit.
1785 603 1926 671 Necesse
1945 614 1999 671 est
2021 602 2130 688 igitur
2151 604 2197 667 ita

189 696 278 760 vitae
299 696 331 757 in
356 696 458 758 vitam
483 693 594 757 electis
617 691 689 757 Dei.
724 690 830 774 Saepe
848 690 978 773 quidem
994 689 1164 773 continget
1218 699 1357 765 vertere,
1391 689 1453 753 nisi
1484 690 1623 756 velimus
1652 709 1861 774 eorrumpere
1891 690 1981 755 hunc
2010 688 2135 765 locum,
2165 700 2197 753 et

188 789 226 844 ιι
248 780 348 843 maier
371 780 465 843 turba
488 788 657 843 convertat
680 778 831 841 insuam
854 776 1029 858 perniciem
1048 774 1163 840 saluti·
1216 774 1360 838 tenebris
1382 775 1554 841 involvere
1577 776 1756 860 prophetae
1778 795 1924 853 sensum,
1947 775 2037 840 video
2060 775 2196 857 virgam,

188 867 291 930 feram
314 864 511 930 doctrinam:
547 863 602 927 sed
625 864 717 927 Deus
742 873 851 927 tamen
879 881 1046 943 nunquam
1077 861 1164 925 sinet
1187 848 1191 961 ἰ
1216 868 1272 922 ιιι
1296 859 1456 938 ιιιιιιιι,
1479 861 1594 944 eigilis.
1630 862 1813 945 Fingamus
1836 861 1941 926 notari
1960 860 2195 943 bicamygda·

189 970 302 1014 omnes
326 951 441 1033 perire.
485 950 597 1013 Faciet
627 949 744 1031 igitur,
780 959 816 1011 ιι
847 945 994 1011 ιοιιιιιι
1022 946 1092 1028 ipsa
1121 947 1164 1009 sit
1215 944 1300 1008 lum:
1340 946 1396 1010 sed
1432 956 1540 1011 tamen
1574 956 1709 1013 vocatur
1741 947 1838 1012 arbor
1869 946 1948 1030 vigil
1982 945 2135 1029 proprie,
2168 946 2195 1009 si

188 1036 435 1117 incorruptibile
458 1055 568 1099 semen
590 1034 624 1097 iu
648 1034 751 1098 vitam
779 1032 846 1098 suis
875 1032 1000 1097 electis:
1037 1031 1164 1109 deinde,
1217 1030 1406 1112 respicimus
1429 1032 1670 1117 etymologiam,
1700 1041 1733 1096 et
1755 1053 1806 1097 res
1828 1032 1875 1098 ita
1897 1031 2054 1113 postulet,
2086 1051 2195 1112 quern·

189 1134 228 1184 ιι
249 1122 337 1203 ipses
367 1120 515 1185 aedificet
544 1121 578 1183 in
611 1119 739 1200 templa.
792 1117 865 1182 Hoc
894 1115 1072 1181 tenendum
1104 1127 1162 1180 est.
1216 1114 1392 1180 admodum
1426 1138 1538 1184 omnes
1572 1137 1660 1182 nune
1700 1117 1822 1182 vident.
1877 1116 2059 1200 Proposuit
2093 1116 2196 1201 igitur

188 1206 299 1288 Atque
328 1207 373 1270 ita
404 1227 470 1269 nen
504 1218 552 1268 est
585 1227 642 1269 eur
675 1204 785 1268 odiosa
817 1204 859 1268 sit
893 1201 985 1267 nobis
1019 1201 1165 1267 doctrina
1189 1186 1192 1227 ¹
1216 1200 1309 1266 Deus
1332 1201 1418 1267 haue
1441 1205 1580 1284 speciem
1602 1224 1697 1269 serve
1720 1224 1792 1281 suo,
1821 1213 1860 1266 ut
1888 1200 2017 1267 videret
2040 1201 2195 1267 baculum

189 1291 270 1366 Dei,
305 1291 456 1372 quamvis
485 1290 596 1355 multis
628 1289 722 1354 cedat
754 1290 788 1352 in
822 1289 977 1364 exitium,
1010 1287 1163 1369 quoniam
1189 1242 1192 1389 Ι
1217 1287 1333 1370 vigilis.
1388 1286 1577 1367 Quorsum?
1623 1289 1713 1353 Recte
1742 1289 1867 1369 vidisti,
1895 1288 2018 1370 inquit,
2049 1286 2196 1354 baalam

189 1376 299 1441 electis
321 1396 449 1458 semper
472 1376 588 1439 afferet
610 1375 759 1454 salutem,
790 1374 943 1455 quoniam
964 1375 1052 1455 ipsos
1075 1373 1163 1455 plan·
1216 1372 1331 1454 vigilis,
1354 1374 1431 1455 quie
1452 1394 1506 1457 eye
1526 1374 1622 1458 vigilo
1643 1394 1739 1456 super
1759 1392 1928 1438 sermonem
1949 1393 2064 1457 mcum,
2094 1378 2130 1437 ιιι
2150 1374 2196 1454 ip-

190 1461 278 1539 tabit,
302 1472 337 1524 ιιι
359 1460 483 1526 ιιιιιιι
507 1474 606 1543 agant
627 1462 661 1523 in
685 1481 775 1542 spem
799 1459 913 1524 beatae
936 1459 1163 1522 immortalita·
1189 1412 1192 1547 ι
1217 1478 1286 1522 sura
1309 1478 1471 1541 exsequor,
1501 1459 1552 1524 vel
1575 1461 1764 1543 compleam.
1811 1458 1974 1522 Videntur
1995 1458 2197 1541 interpretes

189 1548 246 1612 tis:
272 1547 389 1611 deiude
411 1548 497 1628 ipsos
521 1548 618 1609 etiam
642 1547 746 1629 eriget
769 1544 802 1609 iu
826 1564 919 1610 sacra
941 1544 1163 1626 templaDec.
1218 1563 1387 1625 perperam
1422 1546 1620 1628 restringere
1655 1546 1716 1610 bec
1750 1542 1791 1609 ad
1823 1563 1961 1626 poenas,
2005 1543 2047 1608 de
2081 1545 2196 1626 quibus

189 1632 288 1696 Nunc
311 1633 471 1713 sequitur,
1189 1562 1192 1705 i
1217 1639 1329 1710 postea
1352 1628 1544 1696 videbimus.
1588 1629 1643 1697 Sic
1668 1630 1755 1695 enim
1779 1638 1957 1711 exponunt,
1981 1649 2051 1693 non
2076 1632 2196 1693 caritu-

1189 1710 1192 1807 ι
1217 1733 1270 1778 ιιι
1299 1735 1359 1778 sue
1388 1714 1506 1779 effectu
1537 1717 1656 1791 minas,
1686 1714 1805 1797 quibus
1835 1723 1944 1779 utet-ur
1973 1713 2094 1779 deinde
2124 1734 2195 1796 pre·

276 1803 325 1865 11.
349 1802 393 1865 Et
414 1803 490 1887 (ιιι
510 1811 570 1877 ιιι,
597 1800 721 1884 postea)
741 1801 844 1882 sectus
859 1806 904 1866 est
918 1821 1017 1866 ιινιιο
1033 1798 1165 1864 Ιιιιιιι
1189 1822 1192 1859 ι
1218 1800 1325 1881 pheta,
1349 1801 1503 1881 quoniam
1528 1810 1660 1881 paratus
1683 1800 1726 1866 sit
1749 1800 1840 1865 Deus
1861 1801 2013 1883 infligere
2036 1798 2193 1882 quidquid

189 1888 232 1953 ed
254 1908 301 1951 me
328 1885 435 1970 (datus
458 1896 508 1951 est
538 1888 636 1965 mibi,
668 1888 746 1964 suit,
776 1886 816 1951 ad
847 1886 995 1971 verbum)
1024 1885 1164 1965 ιιιιιιο,
1218 1883 1431 1949 denuntiabit.
1477 1884 1543 1951 Sed
1566 1885 1648 1950 illud
1672 1895 1722 1951 est
1752 1884 1850 1950 nimis
1880 1884 2091 1962 restrictum,
2122 1906 2193 1949 mee

194 1973 278 2053 Quid
307 1979 341 2037 ιιι
369 1974 471 2051 eides,
504 1973 664 2038 Ieremia?
710 1972 753 2037 Ει
774 1973 861 2050 dixi,
892 1972 1035 2037 boetium
1057 1970 1165 2054 vigilis
1190 2014 1192 2061 ,
1218 1970 1343 2034 iudicio.
1389 1970 1504 2053 Neque
1527 1972 1613 2035 enim
1644 1970 1773 2051 dubito,
1802 1970 1881 2054 quin
1911 1970 2115 2054 generaliter
2145 1970 2195 2036 bie

191 2058 260 2142 (aut
284 2058 460 2142 amygdali)
484 2080 535 2140 epo
558 2059 656 2122 video.
1218 2055 1310 2120 Deus
1332 2056 1468 2120 extollat
1490 2077 1673 2122 sermonem
1706 2076 1819 2135 suum,
1853 2064 1886 2121 ιι
1916 2056 2128 2121 commendet
2157 2057 2194 2120 ab

279 2144 327 2207 12.
359 2144 403 2207 Et
424 2145 506 2209 dicit
528 2143 662 2208 Ιιιιιιι
684 2144 725 2208 ιι
747 2163 803 2225 me,
834 2143 906 2208 bene
926 2142 1031 2223 fecisti
1053 2142 1096 2206 ιι
1117 2141 1164 2204 ιι-
1190 2076 1194 2229 ι
1218 2141 1353 2206 effectu:
1374 2144 1464 2224 quasi
1489 2141 1610 2208 diceret
1632 2163 1668 2208 se
1690 2163 1756 2207 nou
1780 2141 1868 2223 loqui
1891 2161 1950 2223 per
1972 2161 2089 2207 serves
2112 2162 2194 2218 sues,

189 2229 326 2294 cendum
359 2230 433 2313 (boe
467 2235 534 2309 est,
576 2244 662 2293 recte
697 2228 822 2313 vidisti)
855 2229 932 2308 quic
967 2227 1062 2310 eigile
1095 2224 1165 2309 (aut
1217 2235 1256 2289 ut
1278 2238 1450 2293 evanescat
1473 2226 1629 2310 quidquid
1654 2227 1816 2309 dixerint,
1847 2226 1902 2292 vel
1931 2226 1968 2291 iu
1999 2237 2126 2292 terram
2148 2249 2195 2292 ιι-

190 2316 323 2379 festino:
355 2316 495 2398 vigilans
518 2335 596 2396 ege,
627 2315 667 2377 ad
691 2313 841 2398 verbum)
870 2333 965 2394 super
994 2331 1166 2377 sermonem
1219 2312 1289 2388 dat,
1320 2313 1377 2376 ιιι
1401 2315 1497 2378 simul
1521 2315 1728 2378 coniunctam
1751 2331 1825 2377 esse
1854 2311 2054 2389 efficaciam,
2088 2333 2194 2396 quern-

190 2420 291 2465 ιιιιιι
313 2404 346 2463 ιι
368 2401 472 2479 ipsum
492 2400 610 2481 seciam
631 2398 706 2483 (boe
729 2404 788 2476 est,
812 2406 849 2463 ut
871 2397 1073 2481 compleam).
1219 2396 1394 2462 admodum
1417 2398 1502 2483 apud
1525 2398 1647 2464 isaiam
1666 2396 1731 2482 (55,
1749 2397 1802 2482 11)
1826 2396 1953 2473 dicitur,
1977 2397 2055 2463 Non
2078 2396 2195 2463 redibit

1191 2466 1324 2548 isermo
1348 2504 1440 2549 meus
1470 2484 1510 2549 ad
1541 2505 1592 2549 me
1624 2504 1763 2560 vacuus,
1796 2481 1853 2548 sed
1884 2482 2134 2565 prosperabitur
2161 2484 2193 2547 in

277 2570 459 2634 Confirmat
491 2570 551 2635 hoe
580 2571 649 2636 loeo
678 2570 770 2635 Deus
800 2568 886 2651 qued
917 2570 1007 2651 prius
1036 2567 1165 2631 dixerat
1191 2552 1194 2603 ¹
1219 2567 1385 2649 omnibus,
1415 2570 1475 2634 hoe
1498 2577 1563 2646 est,
1593 2570 1709 2635 faciam
1733 2577 1771 2634 ut
1793 2578 1907 2651 parata
1928 2569 1971 2634 sit
2001 2570 2194 2651 exsequutie

192 2657 231 2721 de
264 2665 425 2738 potestate
458 2654 548 2719 verbi
583 2658 644 2721 sui.
700 2655 878 2739 Exegetice
908 2675 985 2737 erge
1016 2651 1166 2718 sumendi
1190 2646 1194 2683 ¹
1219 2654 1385 2719 doctrinae
1408 2655 1633 2737 propheticae,
1666 2676 1728 2737 quc
1759 2654 1884 2720 scilicet
1913 2653 2080 2737 intelligat
2109 2663 2193 2719 totus

190 2751 269 2807 sunt
293 2742 325 2805 bi
349 2741 412 2806 duc
437 2762 564 2820 versus,
595 2743 670 2823 quia
693 2741 775 2806 nihil
799 2759 922 2806 novum
945 2740 998 2804 bie
1021 2739 1164 2820 docetur,
1191 2692 1194 2801 i
1217 2739 1360 2805 mundus
1383 2762 1435 2804 me
1459 2761 1522 2806 nen
1547 2742 1669 2805 frustra
1692 2741 1794 2822 loqui,
1824 2750 1856 2805 et
1878 2759 1945 2803 non
1967 2760 2040 2804 esse
2064 2741 2193 2804 inanem

190 2827 246 2891 sed
281 2836 408 2891 tantum
440 2830 651 2892 confirmatur
684 2827 833 2908 superior
866 2826 1046 2903 sententia,
1080 2821 1164 2906 qued
1191 2814 1194 2913 ι
1218 2825 1362 2889 sonitum
1387 2826 1418 2889 in
1444 2826 1541 2891 verbo
1564 2847 1645 2904 mee,
1669 2825 1724 2889 sed
1741 2823 1877 2891 solidam
1897 2824 2087 2902 efficaciam,
2111 2844 2193 2906 quae

191 2913 314 2977 scilicet
336 2933 400 2976 nen
424 2914 547 2975 frustra
568 2912 741 2994 loquentur
764 2911 957 2993 propbetas,
987 2929 1093 2991 neque
1117 2909 1166 2973 ιι·
1190 2934 1193 2985 5
1219 2921 1364 2994 tempore
1386 2933 1445 2976 suo
1467 2913 1618 2977 exstabit.
1651 2910 1728 2974 Ideo
1752 2911 1821 2975 dixi
1844 2911 1902 2975 bes
1926 2930 2042 2976 versus
2064 2911 2193 2976 contexi

192 2998 308 3071 tiliter,
338 2999 492 3077 quoniam
516 2998 667 3062 instructi
691 3010 767 3061 suut
789 2997 918 3060 coelesti
941 2995 1101 3079 petentia,
1131 2999 1167 3058 ιιι
1190 2990 1193 3076 ἶ
1219 2995 1334 3061 ιιιιιι
1357 3018 1429 3061 cum
1454 2997 1602 3079 proximo
1625 2996 1786 3074 membro,
1815 2994 1872 3060 ubi
1894 2992 2022 3060 dicebat
2044 2995 2140 3060 Deus
2160 3016 2193 3060 se

188 3083 342 3164 plauteut,
373 3082 548 3160 aedificent:
582 3093 614 3144 et
637 3081 676 3145 ab
700 3083 838 3146 adversa
867 3091 958 3162 parte
987 3082 1119 3146 diruant
1139 3084 1167 3145 et
1190 3092 1194 3193 q
1219 3081 1349 3146 mittere
1371 3082 1564 3165 prophetam
1588 3081 1627 3146 ιι
1647 3079 1887 3158 eradicandum,
1909 3081 1950 3145 ad
1967 3079 2192 3163 plantandum,

192 3165 334 3243 ιιιιιιιι,
365 3166 636 3245 quemadmodum
660 3166 833 3231 citavimus
856 3186 897 3229 ex
919 3166 1040 3244 Paulo,
1072 3185 1165 3229 veros
1219 3165 1260 3230 ad
1294 3166 1535 3232 demoliendum
1565 3175 1598 3231 ιι
1625 3166 1666 3232 ιι
1699 3164 1945 3232 ιιιιιιιιιιιιι.
1998 3167 2087 3232 Aliis
2116 3185 2192 3249 crgo

193 3251 340 3315 dectores
368 3269 438 3313 esse
469 3257 610 3314 armates
641 3251 697 3314 tali
727 3251 881 3332 potentia.
936 3250 974 3314 Iu
1003 3260 1166 3333 promptu,
1219 3251 1330 3315 verbis
1353 3251 1413 3317 bec
1435 3253 1559 3333 prebat,
1583 3271 1701 3334 nempe
1723 3251 1959 3334 queniamipse
1976 3251 2084 3335 uiytlet
2100 3271 2193 3333 caper

192 3336 315 3417 iuquit,
347 3336 439 3399 nobis
462 3334 606 3400 vindicta
629 3346 677 3400 sst
699 3344 813 3400 contra
836 3355 947 3400 omues
970 3334 1165 3412 incredulos,
1192 3392 1194 3401 ,
1219 3356 1275 3401 suc
1297 3357 1449 3417 sermone,
1479 3358 1538 3419 quo
1560 3341 1747 3418 assectatur
1768 3337 1923 3419 quidquid
1944 3336 2114 3420 protulerit
2133 3357 2193 3418 per

194 3421 403 3503 quantumvis
426 3421 634 3503 superbiant,
668 3423 766 3485 etiam
797 3422 823 3484 si
854 3421 996 3504 ipsorum
1029 3421 1166 3485 altitude
1218 3440 1324 3486 ιινιιι
1346 3442 1435 3487 succ:
1458 3423 1550 3505 quasi
1574 3422 1705 3503 diecret,
1727 3422 1895 3506 prophetis
1916 3420 2051 3505 quidem
2075 3421 2193 3488 mando

194 3505 322 3570 territet
345 3513 448 3569 totum
478 3507 645 3586 mundum,
675 3517 784 3572 tamen
813 3508 844 3571 ιι
869 3526 968 3572 manu
1000 3506 1091 3571 nobis
1117 3517 1167 3571 est
1220 3506 1279 3571 bas
1302 3516 1427 3589 partes,
1459 3515 1497 3572 ut
1518 3508 1711 3591 loquantur:
1745 3508 1802 3573 sed
1833 3508 1911 3590 quia
1941 3508 2123 3590 loquuntur
2154 3529 2193 3572 ex

196 3590 323 3673 gladius
347 3591 400 3672 qui
424 3592 512 3673 ipses
535 3594 693 3674 conficiat,
717 3591 793 3674 quia
812 3613 920 3657 sermo
944 3591 1005 3657 Dei
1029 3592 1108 3657 satis
1131 3593 1165 3655 in
1218 3613 1273 3657 ore
1297 3612 1377 3668 mee,
1409 3613 1469 3677 ege
1493 3594 1607 3660 adsum
1631 3602 1768 3676 praesto,
1797 3593 1914 3676 inquit,
1945 3601 1982 3658 ιι
2010 3593 2193 3675 compleam

194 3697 228 3739 se
252 3675 348 3739 babet
377 3676 540 3741 efficaciae
570 3679 610 3741 ad
641 3678 823 3760 perdendos
851 3678 998 3743 rebelles.
1050 3678 1166 3744 Prese·
1191 3632 1195 3765 ι
1218 3676 1374 3760 quidquid
1408 3679 1488 3761 ipsis
1522 3679 1665 3762 iniungo.
1723 3679 1872 3761 Denique
1905 3679 2071 3763 significat
2105 3679 2194 3743 Deus

194 3760 307 3842 quitur
341 3782 419 3842 ergo
455 3762 538 3826 banc
571 3765 765 3827 sententiam
803 3762 911 3840 Deus,
944 3784 1043 3846 quum
1078 3763 1165 3841 dicit,
1219 3767 1377 3827 virtutem
1400 3775 1432 3829 et
1455 3766 1633 3847 potentiam
1656 3785 1772 3835 manus
1793 3785 1871 3830 suae
1894 3765 2104 3830 coniunctam
2123 3783 2194 3829 esse

197 3847 280 3926 Quid
303 3851 336 3910 ιι
357 3847 452 3928 videa
477 3847 641 3912 Ieremia?
676 3849 896 3931 Proposuerat
919 3849 1081 3923 baculum,
1109 3862 1167 3912 aut
1219 3868 1292 3914 eum
1315 3870 1478 3928 sermone,
1512 3851 1604 3915 cuius
1635 3850 1812 3933 prophetae
1841 3860 1917 3914 sunt
1941 3848 2084 3914 ministri
2106 3847 2194 3933 apud

194 3931 320 4014 virgam
345 3932 518 4016 amygdali,
543 3943 578 3995 ut
600 3933 729 4013 quidam
754 3943 897 4013 vertunt,
919 3944 952 3999 et
973 3946 1044 4011 Ἶριν
1066 3932 1166 4017 signi·
1220 3934 1377 4000 hemines.
1421 3936 1473 4000 Ita
1495 3935 1658 4020 generalis
1684 3943 1735 3999 ιιι
1764 3933 1912 4000 ιοιιιιιι
1940 3954 2022 4017 quae
2051 3937 2194 4016 pertinet

194 4018 270 4080 ficat
292 4017 519 4099 amygdalum:
554 4017 610 4081 sed
642 4020 718 4099 quia
740 4018 910 4084 deducitur
933 4041 952 4083 a
975 4020 1074 4085 verbo
1095 4030 1166 4108 epu
1219 4041 1286 4085 ιιι
1310 4027 1439 4085 tantum
1462 4021 1503 4086 ιι
1527 4041 1656 4103 poenas,
1687 4020 1742 4086 sed
1766 4022 1864 4085 etiam
1888 4017 1927 4085 ad
1951 4020 2194 4102 promissiones.

195 4101 282 4185 qued
306 4114 356 4165 est
379 4102 524 4184 vigilare,
549 4113 605 4167 aut
628 4103 793 4182 festinare,
816 4124 882 4168 nen
906 4124 1077 4186 pessumus
1094 4114 1167 4187 apte
1221 4105 1312 4170 Recte
1333 4106 1434 4189 igitur
1456 4107 1573 4187 vidisti,
1597 4106 1713 4188 inquit,
1736 4107 1884 4188 quoniam
1905 4104 2000 4190 ripole
2020 4124 2084 4188 epo.
2129 4105 2195 4171 Hie

193 4197 324 4254 vertere
359 4187 566 4271 amygdalum
601 4188 661 4255 hoc
695 4189 772 4253 loeo.
829 4189 944 4269 Neque
977 4200 1087 4255 tamen
1121 4210 1167 4254 re·
1220 4190 1312 4255 Deus
1334 4212 1398 4256 nen
1422 4193 1565 4274 resignat
1587 4211 1707 4256 munus
1729 4213 1825 4256 snum
1848 4190 2016 4267 Ieremias,
2043 4191 2195 4273 quamvis

193 4294 313 4357 pugno,
345 4274 422 4355 quin
449 4295 510 4338 vox
534 4273 686 4340 hebraica
709 4274 770 4338 hcc
792 4274 962 4357 significet.
1007 4275 1090 4339 Nam
1115 4275 1167 4339 bic
1220 4276 1290 4341 eius
1313 4296 1409 4359 opera
1433 4286 1545 4343 utatur
1567 4275 1606 4342 ad
1630 4276 1827 4342 docendum:
1850 4275 1907 4342 sed
1929 4273 2074 4342 ostendit
2096 4296 2196 4360 penes

128 4434 133 4441 ¹
194 4360 348 4425 scribitur
371 4380 428 4441 per
451 4359 604 4440 (lbames,
627 4360 740 4443 pertici
766 4359 834 4423 ium
856 4374 877 4426 't
899 4373 938 4437 u,
962 4359 1047 4442 qued
1072 4361 1168 4441 paule
1220 4382 1255 4426 se
1279 4382 1410 4427 manere
1433 4363 1589 4428 virtutem
1613 4363 1652 4427 ad
1676 4361 1879 4445 implendum
1895 4361 2057 4445 'quidquid
2077 4361 2196 4446 lequu-

195 4455 270 4528 post
292 4445 463 4510 subiicitur
485 4459 543 4525 'per
566 4445 695 4509 Holem.
741 4381 807 4511 ded
831 4372 980 4510 videmus
1002 4466 1097 4527 quam
1120 4445 1167 4510 af·
1221 4455 1273 4511 tus
1296 4448 1395 4512 luerit
1416 4447 1583 4531 propbeta.
1627 4448 1673 4513 Et
1693 4448 1874 4513 notandum
1901 4456 1952 4513 est
1978 4446 2079 4513 stiam
2108 4445 2195 4529 qnod

194 4533 276 4595 fines
298 4532 366 4594 sint
396 4532 482 4594 inter
510 4551 545 4594 se
573 4529 655 4595 duae
686 4531 768 4596 istae
797 4551 907 4596 voces:
940 4542 1020 4618 Ἶρι),
1051 4528 1168 4595 ιιιιιι
1220 4531 1319 4610 ιιιιι,
1347 4532 1450 4614 Super
1471 4554 1641 4600 ammonem
1661 4553 1764 4598 mcum
1784 4533 1827 4599 ιι
1848 4530 2057 4615 complendam
2078 4533 2195 4614 ιριιιιιι

194 4629 264 4707 Ἶρι
281 4615 484 4700 amygdalus,
507 4616 782 4698 quemadmodum
798 4613 874 4695 dixi,
893 4616 993 4681 sumit
1008 4615 1167 4699 originem
1219 4617 1334 4699 Neque
1357 4619 1445 4684 enim
1467 4619 1558 4685 Deus
1582 4619 1636 4683 bic
1658 4617 1832 4703 quidquam
1855 4618 2037 4702 proprium,
2067 4617 2121 4683 vel
2145 4639 2195 4683 se-

195 4723 214 4766 a
238 4701 335 4767 verbe
358 4703 414 4767 illo
435 4714 506 4793 ἰρι
523 4700 608 4783 qued
626 4711 675 4766 est
691 4702 842 4784 vigilare:
866 4709 899 4765 ιι
915 4700 1105 4765 existimant
1122 4701 1168 4766 sie
1220 4716 1372 4785 paratum
1396 4702 1554 4770 Ieremias
1576 4705 1732 4779 attribuit,
1757 4706 1813 4769 sed
1835 4701 2045 4769 commendat
2063 4710 2195 4768 tantum

197 4799 344 4854 vocatam
378 4788 476 4853 luisse
510 4787 599 4850 illam
633 4787 797 4863 arborem,
839 4787 989 4868 queniam
1024 4786 1166 4851 fructum
1193 4782 1196 4867 ι
1221 4787 1400 4853 efficaciam
1427 4791 1587 4855 sermonis
1620 4792 1685 4855 sui:
1721 4791 1811 4872 quasi
1846 4789 1981 4866 diceret,
2015 4787 2115 4854 Modo
2151 4790 2196 4853 sis

196 4894 291 4937 suum
315 4875 474 4939 maturius
496 4871 627 4955 profert,
652 4892 749 4954 quam
772 4892 884 4936 omnes
907 4871 1052 4952 reliquae
1075 4872 1167 4936 arbo·
1194 4874 1197 4969 ι
1222 4873 1302 4936 mihi
1324 4875 1430 4938 fidelis
1449 4876 1606 4952 minister,
1630 4898 1689 4958 ego
1705 4895 1797 4957 spem
1814 4884 1902 4938 tuam
1918 4895 1984 4938 nen
2001 4874 2195 4948 frustrabor,

196 4980 256 5023 res.
301 4959 439 5025 Florent
461 4960 548 5024 euim
577 4957 760 5040 amygdali,
791 4966 827 5021 ut
855 4957 934 5023 satis
964 4965 1079 5020 netum
1110 4968 1167 5033 est,
1194 4976 1197 5037 ι
1221 4980 1324 5041 neque
1348 4980 1457 5023 eorum
1483 4962 1537 5043 qui
1561 4962 1617 5026 tibi
1640 4971 1737 5025 erunt
1760 4959 1952 5024 obedientes.
1998 4960 2084 5024 Nam
2107 4979 2196 5024 cem·

197 5046 294 5108 etiam
327 5045 458 5129 hyeme,
494 5058 526 5108 et
555 5045 642 5108 inter
672 5043 814 5106 maxima
843 5042 972 5126 frigora.
1025 5042 1119 5106 Nunc
1142 5044 1168 5106 si
1193 5076 1197 5129 ι
1222 5044 1314 5125 plebe
1337 5044 1492 5126 quidquid
1517 5056 1551 5110 tu
1575 5046 1774 5128 speraveris,
1809 5058 1841 5109 ιι
1869 5047 1947 5130 ipsi:
1982 5044 2102 5110 deinde
2130 5066 2196 5110 nen

196 5129 295 5195 latine
307 5130 461 5208 dicamus,
482 5129 576 5194 video
590 5130 727 5211 virgam,
747 5140 803 5191 aut
821 5128 971 5193 baculum
992 5126 1168 5210 amygdali,
1194 5132 1197 5209 j
1221 5129 1361 5193 evadent
1396 5134 1528 5214 impune
1563 5132 1747 5213 quicunque
1783 5131 1841 5195 tibi
1875 5131 2066 5197 restiterint.
2124 5130 2199 5214 Ego

194 5228 228 5281 et
249 5215 443 5298 respondeat
466 5216 575 5296 Deus,
606 5215 687 5281 bene
711 5212 837 5294 vidisti,
867 5214 943 5295 quia
972 5233 1032 5296 ege
1055 5212 1167 5296 vigile,
1194 5230 1198 5273 ι
1222 5216 1307 5280 enim
1333 5236 1452 5297 poenas
1475 5217 1514 5281 ιι
1537 5217 1616 5300 ipsis
1639 5237 1697 5282 suo
1721 5228 1865 5298 tempere
1888 5217 2027 5302 exigam.
2064 5217 2110 5281 Et
2125 5215 2199 5282 ideo
