4784 5970
131 390 195 456 489
877 392 927 457 ΙΝ
949 391 1198 458 IERIdMIAM.
1240 392 1338 459 CAP.
1361 393 1388 460 I.
2070 397 2138 463 490

217 576 310 643 Deus
339 596 426 642 nunc
455 599 586 643 oausam
616 581 778 664 assignat,
809 600 868 645 eur
898 590 963 645 tarn
994 601 1106 646 severe
1160 583 1193 646 in
1225 604 1260 647 se
1289 581 1377 647 illius
1400 582 1597 647 vindictam:
1629 582 1686 649 sed
1718 584 1773 648 hio
1806 585 1982 666 apponitur
2014 585 2137 668 species

131 664 284 728 statuerit
307 683 403 747 agere
425 683 500 729 cum
522 663 661 730 Iudaeis.
696 665 880 747 Utrumque
904 667 991 730 enim
1015 686 1106 750 opor·
1160 689 1235 743 nna,
1259 668 1414 750 quoniam
1437 678 1507 732 erat
1529 668 1585 734 ille
1608 670 1734 752 primus
1757 669 1830 734 fons
1853 669 2025 749 malorum,
2049 671 2138 753 quod

133 749 197 813 tuit
230 748 331 828 tradi,
365 769 482 831 nempe
516 749 699 815 Chaldaeos
733 772 798 815 non
832 753 1015 834 irrupturos
1049 773 1108 816 sua
1160 753 1368 818 desciverant
1390 753 1514 837 alege,
1543 764 1576 820 et
1610 775 1692 836 puro
1715 754 1778 820 Dei
1813 755 1919 819 cultu:
1947 757 1981 819 in
2017 776 2135 839 genere

132 850 256 916 sponte,
291 834 348 900 sed
371 836 448 916 quia
469 835 623 902 locabunt
657 857 788 919 operam
822 858 914 903 snam
937 836 1019 917 Deo,
1053 837 1108 920 qui
1159 848 1267 903 tamen
1298 839 1389 921 ponit
1418 859 1536 904 omnem
1557 839 1722 906 malitiam.
1768 840 1882 923 Neque
1911 841 1965 905 hio
1996 842 2138 923 pondere

133 922 221 1003 ipsos
236 919 367 1004 colliget
382 932 480 1004 atque
496 921 644 987 armabit.
679 922 751 988 Hoc
769 932 819 987 εει
835 944 947 987 unam.
981 923 1107 987 Verum
1159 932 1248 989 caret
1269 923 1430 1007 particula
1458 927 1653 991 universalis
1683 946 1782 1008 quum
1813 926 1900 1003 dicit,
1926 925 2028 1008 Super
2054 930 2139 993 omni

132 1026 263 1071 neeesse
286 1007 348 1071 fuit
369 1008 466 1072 etiam
491 1008 629 1072 alterum
652 1007 839 1092 adiungere,
863 1029 980 1091 nempe
1000 1009 1106 1073 Deum
1159 1009 1292 1074 malitia.
1340 1008 1514 1094 Significat
1542 1013 1628 1075 enim
1659 1032 1724 1075 non
1747 1032 1812 1076 una
1834 1021 1965 1075 tantum
1988 1014 2022 1076 in
2046 1024 2138 1096 parte

132 1112 197 1157 non
220 1113 290 1157 esse
312 1093 487 1172 crudelem,
517 1113 621 1176 neque
649 1095 747 1158 etiam
778 1093 914 1160 oblitum
943 1115 1013 1159 esse
1042 1096 1107 1159 loe·
1160 1097 1260 1160 fuisse
1289 1096 1461 1177 improbos,
1492 1096 1548 1160 sed
1577 1097 1759 1163 cumulasse
1789 1098 1882 1162 varia
1910 1097 2041 1163 seelera.
2094 1099 2139 1163 Et

132 1176 217 1243 deris
247 1178 307 1256 sui,
339 1199 439 1260 quum
470 1190 535 1244 tam
570 1179 696 1264 rigidus
730 1180 851 1245 vindex
886 1202 956 1245 esse
990 1179 1106 1244 voluit:
1161 1182 1257 1245 simul
1289 1180 1447 1265 adiungit,
1481 1182 1565 1263 Qnio
1591 1182 1823 1264 dereliquerunt
1850 1203 1907 1248 mc.
1957 1183 2057 1248 Ponit
2085 1180 2139 1250 hie

131 1265 188 1329 sed
222 1266 268 1330 ita
301 1268 426 1332 saevire
461 1265 611 1348 quoniam
652 1267 752 1330 nimia
791 1270 862 1330 erat
895 1266 1041 1347 pravitas
1073 1266 1108 1329 in
1160 1266 1253 1331 Deus
1269 1266 1498 1332 defectionem:
1523 1290 1598 1332 nam
1615 1269 1687 1332 fieri
1703 1275 1840 1352 poterat,
1864 1267 2136 1351 quemadmodum
2248 1290 2251 1295 ·

131 1349 261 1417 Indaeis
287 1361 325 1415 ut
354 1374 483 1417 neeesse
512 1362 597 1417 esset
626 1352 712 1435 ipsos
743 1352 790 1416 ita
819 1371 953 1433 prorsus
982 1351 1108 1417 conteri
1161 1351 1303 1434 quotidie
1326 1353 1473 1418 videmus
1496 1353 1652 1436 accidere,
1675 1361 1712 1418 ut
1733 1375 1819 1419 unus
1838 1353 2007 1436 delinquat
2029 1355 2139 1436 aliqua

132 1444 166 1501 ει
187 1438 297 1520 affligi,
328 1440 480 1520 quoniam
505 1438 733 1522 castigationes
755 1436 900 1502 modicae
924 1437 1007 1501 nihil
1028 1437 1107 1519 ipsis
1160 1438 1196 1501 in
1218 1448 1320 1520 parte,
1349 1439 1431 1504 alter
1459 1450 1568 1504 antem
1592 1440 1712 1505 habeat
1734 1460 1795 1504 sua
1816 1440 1908 1516 vitia,
1936 1449 1970 1504 et
1999 1440 2138 1524 quisque

131 1524 329 1605 profuerant.
381 1524 472 1588 Deus
506 1544 583 1608 ergo
612 1533 785 1606 postquam
818 1530 957 1588 testatus
990 1533 1040 1587 est
1073 1543 1107 1586 se
1161 1523 1202 1589 ob
1225 1523 1371 1589 diversas
1394 1545 1518 1605 causas,
1545 1523 1705 1590 obnoxius
1733 1526 1776 1589 sit
1799 1524 1861 1590 Dei
1893 1525 2023 1590 iudicio.
2070 1526 2137 1592 Sed

130 1608 339 1673 fore-ducem
370 1609 403 1672 in
433 1610 489 1673 illo
519 1608 614 1690 bello,
645 1610 741 1672 simul
772 1609 869 1673 etiam
900 1606 1040 1690 explieat
1073 1630 1107 1673 se
1160 1608 1253 1673 Deus
1275 1610 1328 1675 hio
1351 1609 1502 1688 ostendit,
1525 1609 1664 1675 Iudaeos
1687 1612 1734 1676 sio
1756 1611 1856 1675 fuisse
1874 1611 2076 1693 depravatos,
2101 1615 2138 1675 ut

131 1695 235 1759 iustas
269 1693 389 1758 habere
419 1715 543 1770 causas,
576 1716 634 1760 cnr
664 1696 800 1778 castiget
822 1694 970 1772 Iudaeos,
1002 1714 1108 1776 neque
1160 1694 1243 1759 nihil
1277 1708 1361 1761 esset
1395 1697 1429 1759 in
1467 1696 1546 1778 ipsis
1579 1717 1717 1779 purum,
1749 1696 1803 1761 vel
1832 1699 2006 1761 sincerum.
2059 1695 2137 1762 Ideo

130 1779 193 1845 hoo
216 1801 308 1860 posse
327 1781 483 1863 imputari
502 1782 667 1860 saevitiae,
691 1780 844 1863 quoniam
863 1780 969 1863 ipsum
992 1800 1107 1863 provo·
1159 1780 1254 1864 ponit
1286 1787 1426 1846 annotant
1453 1782 1624 1846 malitiam:
1655 1781 1772 1846 deinde
1806 1780 1954 1865 adiungit
1987 1780 2139 1847 delectio·

130 1875 286 1930 caverant
319 1867 387 1929 suis
412 1867 521 1949 impiis
554 1865 849 1948 superstitionibus.
894 1864 986 1930 Dicit
1019 1885 1106 1948 ergo,
1161 1888 1254 1930 nem:
1283 1867 1528 1948 Dereliqnernnt
1550 1888 1597 1931 nae
1619 1867 1732 1948 inquit,
1757 1869 1849 1949 quasi
1873 1866 2005 1945 diceret,
2027 1867 2138 1933 Abne-

130 1951 260 2032 Loqnar
287 1951 411 2017 indicio
439 1973 509 2017 meo
537 1971 607 2016 cnm
636 1953 727 2032 ipsis.
780 1952 852 2016 Hoc
881 1951 977 2015 multi
1006 1952 1107 2015 inter·
1160 1962 1323 2036 gavernnt
1345 1973 1397 2015 me
1428 1972 1575 2034 prorsus:
1611 1974 1676 2016 non
1707 1952 1812 2017 dicam
1847 1973 1949 2016 unum
1984 1974 2025 2016 ex
2059 1952 2138 2033 ipsis

130 2047 238 2117 pratee
272 2037 416 2100 referunt
450 2036 489 2101 ad
523 2036 708 2102 chaldaeos
741 2047 774 2101 et
806 2037 976 2121 Assyrios,
1015 2036 1108 2118 quasi
1161 2058 1232 2102 esse
1261 2039 1378 2117 furem,
1407 2037 1548 2101 alterum
1579 2048 1801 2117 scortatorem,
1828 2037 1928 2102 aliam
1959 2037 2138 2102 ebriosum:

131 2121 222 2185 Deus
246 2121 310 2185 illis
333 2123 542 2204 praescribat,
566 2120 835 2204 quemadmodum
858 2123 965 2186 solent
987 2121 1108 2186 summi
1160 2123 1217 2186 sed
1248 2142 1362 2189 omnes
1392 2133 1469 2186 sunt
1500 2132 1676 2205 apostatae,
1705 2144 1816 2187 omnes
1847 2133 1924 2187 sunt
1953 2123 2078 2204 periuri
2105 2135 2139 2186 et

132 2207 255 2272 iudices
287 2209 355 2272 suis
384 2208 544 2272 ministris
576 2208 732 2272 mandare
763 2207 846 2291 quod
876 2208 915 2271 ab
944 2208 1023 2289 ipsis
1053 2206 1107 2271 de·
1160 2207 1340 2291 foedifragi.
1382 2208 1453 2290 Ego
1472 2208 1574 2291 igitur
1596 2207 1635 2271 ab
1654 2208 1733 2291 ipsis
1756 2208 1889 2273 relictus
1912 2229 1993 2285 snm,
2017 2217 2050 2272 et
2074 2209 2137 2290 ipsi

131 2304 255 2356 cretum
287 2301 345 2357 est.
401 2292 467 2357 Sed
501 2294 559 2357 illa
586 2293 744 2376 expositio
780 2293 878 2363 nimis
908 2302 958 2357 est
988 2303 1107 2358 coacta.
1161 2293 1293 2357 alienati
1324 2298 1401 2358 sunt
1422 2295 1512 2358 omni
1535 2314 1576 2357 ex
1604 2308 1697 2376 parte
1719 2314 1738 2356 a
1760 2314 1822 2356 me.
1866 2291 2028 2357 Videmus
2058 2315 2136 2378 ergo

132 2377 260 2442 Deinde
283 2379 378 2442 etiam
405 2380 562 2461 propheta
587 2381 666 2443 satis
685 2401 756 2444 eam
775 2379 907 2458 refutat,
930 2379 1006 2459 qnia
1028 2376 1109 2442 haec
1133 2348 1136 2437 l
1161 2389 1197 2442 ut
1220 2380 1373 2443 atrociter
1395 2379 1570 2460 amplificet
1592 2378 1751 2461 propheta
1773 2379 1896 2443 seelera
1919 2380 2026 2461 gentis
2049 2400 2136 2444 snae.

129 2463 225 2527 simul
249 2465 402 2541 contexit,
434 2464 563 2546 Loquer
584 2484 653 2529 cnm
677 2465 756 2546 ipsis
776 2464 898 2529 indicio
920 2484 991 2528 ntea
1013 2483 1108 2544 snper
1162 2462 1229 2530 Sed
1259 2469 1370 2545 postea
1400 2466 1524 2547 species
1553 2464 1608 2527 illa
1639 2464 1830 2547 adiungitur
1858 2465 1999 2546 exempli
2029 2484 2136 2539 eausa,

128 2550 253 2613 molitio
282 2551 430 2630 ipsorum.
484 2549 571 2630 Quid
602 2571 679 2632 ergo
710 2560 761 2613 est
790 2550 936 2632 proferre
964 2547 1107 2613 iudicia?
1166 2549 1253 2629 Quod
1280 2549 1418 2630 fecerent
1446 2550 1586 2631 suffitum
1618 2550 1683 2615 diis
1709 2549 1838 2626 olienis,
1873 2549 1933 2615 hoe
1962 2560 2021 2624 est,
2051 2548 2136 2632 qnod

30 2680 34 2685 -
128 2634 255 2716 Nempe
284 2656 384 2716 quum
409 2635 500 2699 Deus
531 2635 570 2698 ad
600 2635 745 2699 tribunal
775 2656 870 2699 suurn
899 2635 979 2699 citat
1008 2633 1107 2698 scele-
1161 2635 1347 2698 defecerant
1371 2655 1390 2698 a
1413 2654 1492 2698 vero
1521 2633 1592 2697 Deo
1622 2635 1662 2698 ad
1693 2633 1918 2699 idololatriam.
1963 2637 2008 2697 Et
2038 2636 2136 2699 simul

130 2729 230 2795 ratos,
254 2727 286 2783 et
310 2730 441 2784 exercet
464 2720 608 2784 officium
632 2719 756 2784 iudicis.
801 2721 847 2783 Et
875 2719 926 2784 hie
954 2717 1107 2800 loquendi
1160 2719 1259 2784 etiam
1285 2719 1344 2782 hoc
1366 2720 1467 2801 ponit,
1505 2721 1592 2800 Quod
1613 2739 1679 2784 aesc
1701 2721 1919 2783 inclinaverint
1939 2739 2044 2784 cenom
2066 2740 2136 2801 ope·

130 2803 243 2869 modus
266 2806 387 2888 passim
411 2805 508 2869 tritus
532 2815 581 2869 est
604 2805 637 2868 in
661 2807 831 2886 scriptura,
864 2805 960 2870 sicuti
984 2806 1018 2867 in
1040 2804 1108 2867 fine
1160 2805 1249 2868 ribos
1270 2825 1421 2868 mannum
1444 2825 1586 2868 sueram.
1627 2805 1880 2868 Excusationem
1899 2802 2029 2870 Iudaeis
2053 2805 2138 2869 tollit

129 2889 204 2953 libri
233 2891 367 2974 legitur:
405 2891 578 2972 Loquutus
608 2896 657 2955 est
688 2912 746 2954 rex
767 2889 958 2975 ,Babylonis
989 2888 1108 2953 indicia
1132 2850 1135 2927 l
1160 2888 1328 2972 propheta,
1353 2902 1385 2952 ει
1407 2890 1512 2972 magis
1536 2898 1631 2971 atque
1654 2891 1800 2971 apertius
1822 2890 1945 2973 detegit
1970 2889 2136 2972 probrum,

130 2996 203 3039 cum
224 2997 300 3059 rege
319 2975 490 3055 chechia,
510 2976 570 3040 hoe
589 2984 647 3057 est,
667 2977 735 3058 egit
753 2996 826 3040 cum
846 2997 882 3039 eo
901 2974 1105 3050 iudicialiter,
1161 2984 1193 3038 et
1205 2974 1430 3039 foeditatetem
1442 2976 1597 3056 ipsorum,
1621 2975 1708 3056 Quod
1719 2994 1785 3039 sese
1790 2976 2022 3054 prostraverint
2032 2996 2138 3042 coram

129 3075 165 3123 ut
188 3063 330 3126 solemus
353 3062 451 3144 vulgo
473 3061 571 3143 loqui.
617 3061 672 3126 Sic
694 3082 771 3146 ergo
795 3082 882 3125 nuno
912 3060 1107 3143 pronuntiat
1160 3060 1305 3140 operibus
1326 3080 1477 3125 nmnnnna
1498 3079 1640 3125 suornm.
1686 3059 1822 3140 Quoties
1850 3060 1911 3126 hac
1934 3081 2011 3126 voce
2034 3062 2139 3126 utitur

128 3145 220 3211 Deus
242 3168 276 3211 se
295 3148 362 3211 fore
379 3147 519 3211 iudicem
540 3147 663 3229 populi:
688 3147 782 3228 qnasi
801 3146 929 3221 diceret,
949 3147 1106 3210 hactenus
1159 3146 1329 3227 scriptura,
1355 3146 1517 3228 signifieat
1540 3145 1673 3210 nimiam
1699 3167 1769 3211 esse
1795 3144 1990 3210 dementiam
2019 3147 2052 3210 in
2078 3147 2137 3211 ho·

129 3253 163 3296 se
176 3232 346 3314 quievisse,
361 3254 424 3295 non
437 3231 521 3314 quod
540 3233 704 3316 incognita
717 3243 826 3297 essent
844 3232 954 3315 populi
973 3230 1103 3306 seelera,
1159 3231 1314 3307 minibus,
1338 3231 1394 3313 qui
1417 3230 1486 3295 loco
1509 3231 1573 3295 Dei
1598 3253 1660 3296 non
1684 3237 1813 3295 tantum
1837 3231 1937 3296 solem
1960 3243 1992 3295 ει
2016 3231 2137 3310 lunam,

131 3319 187 3380 sed
218 3318 294 3398 quia
323 3318 518 3382 sustinuerit
545 3319 682 3382 miseros
711 3317 792 3395 illos,
826 3328 861 3381 ut
890 3323 1034 3381 tentaret
1063 3337 1104 3380 an
1158 3316 1210 3380 vel
1234 3315 1315 3379 alias
1337 3325 1505 3381 creaturas
1527 3316 1674 3388 adorant,
1700 3315 1756 3380 sed
1779 3316 1864 3380 idola
1886 3338 1968 3397 quae
1990 3318 2051 3380 sibi
2073 3317 2137 3398 ipsi

131 3402 239 3485 aliqua
266 3424 341 3485 spes
372 3409 457 3467 esset
489 3403 742 3485 resipiscentiae.
794 3403 890 3467 Nune
919 3424 998 3467 vero
1029 3401 1107 3467 dicit
1158 3402 1370 3466 fabricarunt.
1425 3401 1521 3466 Unde
1555 3402 1641 3464 cuim
1675 3404 1713 3465 fit
1746 3411 1781 3465 ut
1814 3402 1923 3466 colant
1955 3401 2043 3466 idola
2076 3424 2136 3467 sua

128 3508 160 3552 ae
180 3489 248 3568 fore
266 3488 410 3569 indicent,
429 3489 581 3570 quoniam
602 3501 758 3572 expertus
777 3500 826 3552 est
844 3488 941 3571 longo
960 3499 1106 3569 temporo
1158 3487 1258 3569 impii,
1283 3487 1346 3550 nisi
1370 3487 1453 3567 quod
1478 3488 1649 3550 finxerunt
1671 3486 1735 3550 illis
1758 3496 1790 3548 et
1814 3506 1939 3563 nasum,
1962 3499 1994 3550 et
2017 3507 2136 3553 manus

127 3574 214 3655 ipsos
236 3593 308 3637 esso
330 3573 525 3655 desperatos.
567 3573 688 3638 Subest
705 3575 807 3656 igitur
825 3573 998 3636 antithesis
1020 3573 1106 3635 inter
1130 3592 1133 3675 q
1159 3586 1191 3636 et
1224 3571 1341 3635 aures?
1386 3572 1553 3636 Trnneum
1589 3570 1668 3654 ligni
1705 3592 1799 3634 nemo
1833 3569 1956 3635 adorat:
1995 3591 2138 3636 massam

127 3658 333 3722 tolerantiam
353 3659 426 3738 Dei,
451 3659 587 3741 quadiu
609 3660 714 3723 fuerat
732 3680 810 3722 usus
830 3678 929 3738 quum
952 3659 1024 3721 iure
1047 3677 1105 3722 suo
1131 3678 1133 3685 ·
1158 3657 1251 3733 aeris,
1272 3657 1324 3720 vel
1344 3657 1472 3737 argenti
1491 3657 1589 3719 etiam
1609 3675 1722 3719 omnes
1741 3664 1970 3719 contemnunt:
1994 3655 2137 3739 lapidem

128 3763 195 3805 non
218 3755 329 3826 ageret
359 3745 515 3809 adversus
545 3743 711 3826 populum,
746 3743 802 3807 sed
833 3743 979 3807 differret
1009 3742 1104 3806 ultio·
1130 3722 1133 3837 l
1158 3762 1255 3805 nemo
1288 3741 1453 3805 existimat
1484 3741 1579 3804 deum
1611 3760 1690 3805 esse.
1748 3740 1814 3806 Sed
1846 3742 1899 3806 ubi
1929 3742 2065 3807 aooessit
2094 3764 2137 3807 ex

127 3848 220 3890 nem:
252 3837 285 3892 et
307 3830 393 3892 inter
420 3829 481 3893 hoe
504 3840 632 3910 tempus
655 3828 828 3906 vindictae,
859 3825 1031 3911 quodiam
1054 3827 1105 3890 in·
1158 3826 1275 3891 malleo
1304 3826 1481 3908 sculptura,
1515 3835 1547 3890 et
1578 3826 1751 3891 artificium
1782 3847 1823 3890 ex
1853 3846 1954 3891 manu
1984 3827 2137 3904 hominis,

127 3912 243 3977 stabat.
290 3912 417 3994 Loquor
439 3915 537 3996 icitur
556 3914 675 3977 indicia
697 3935 766 3979 ntea
788 3933 857 3978 cnm
880 3913 1022 3992 Iudaeis,
1044 3911 1104 3977 hoo
1158 3913 1267 3976 statim
1285 3934 1319 3975 se
1339 3911 1515 3994 proiiciunt
1533 3912 1644 3976 miseri
1663 3923 1695 3976 et
1711 3913 1797 3977 caeci
1816 3912 2008 3977 idololatrae
2028 3933 2136 3977 coram

128 4009 187 4078 est,
210 3998 342 4062 iamiam
362 3998 578 4063 conscendam
598 3999 760 4064 tribunal:
783 3998 942 4064 hactenus
960 3998 1105 4063 abstinui
1158 3998 1275 4062 statuis
1298 4006 1330 4059 et
1353 3997 1496 4079 picturis.
1541 3997 1636 4062 Unde
1665 3997 1749 4061 hoo?
1778 3998 1853 4079 quia
1880 4000 2049 4062 finxerunt
2071 3998 2137 4063 illis

127 4084 198 4148 iure
225 4104 307 4165 meo,
337 4096 369 4147 ει
398 4084 585 4167 exspectavi
613 4103 654 4147 an
684 4082 723 4147 ad
755 4106 807 4149 me
829 4084 953 4148 vellent
982 4082 1104 4148 redire:
1158 4093 1190 4146 et
1212 4103 1317 4161 nares,
1336 4097 1368 4144 ει
1389 4082 1500 4146 oeulos
1518 4094 1552 4145 et
1570 4103 1680 4146 aures:
1705 4104 1782 4166 ergo
1802 4083 1877 4147 deos
1898 4085 1959 4166 ipsi
1978 4084 2136 4149 fecerunt.

129 4170 283 4252 quoniam
306 4169 398 4234 nulla
420 4178 471 4234 est
493 4171 670 4249 conversio,
694 4183 726 4233 ει
749 4170 841 4234 video
865 4169 1011 4233 homines
1034 4190 1105 4234 esse
1158 4167 1317 4232 Videmus
1340 4188 1418 4250 ergo
1442 4189 1594 4249 quorsum
1618 4178 1742 4251 spectet
1773 4168 1943 4249 propheta,
1975 4169 2029 4235 ubi
2058 4169 2137 4234 dicit

129 4254 281 4338 perditos,
302 4266 332 4318 et
351 4254 483 4339 ingenia
502 4255 647 4336 ipsorum
669 4269 733 4319 tam
753 4277 856 4339 prava
879 4277 949 4319 esse
968 4266 1004 4319 ut
1019 4276 1103 4319 sem·
1159 4253 1294 4316 Iudaeos
1312 4272 1344 4316 se
1361 4253 1529 4317 inclinasse
1548 4273 1651 4318 εεναηι
1669 4254 1813 4336 operibns
1827 4273 1977 4318 mannum
1994 4273 2135 4318 suornm.

128 4362 186 4423 per
209 4339 331 4404 addant
353 4341 439 4404 mala
462 4341 566 4419 malis,
589 4341 743 4423 incipiam
767 4360 852 4406 nune
872 4341 961 4405 obire
984 4361 1104 4404 munus
1158 4336 1223 4403 Sed
1240 4359 1299 4420 ego
1316 4338 1432 4402 leviter
1452 4339 1533 4402 haee
1547 4349 1724 4420 praetereo,
1737 4340 1891 4420 quoniam
1910 4339 2034 4403 debetis
2056 4341 2135 4405 satis

128 4446 259 4500 meum,
307 4426 368 4490 hoo
408 4435 477 4505 est,
528 4428 632 4492 faeere
672 4427 815 4491 officium
855 4426 981 4491 iudicis.
1038 4425 1103 4491 Sed
1157 4443 1228 4488 esse
1240 4425 1408 4487 exercitati
1420 4423 1454 4487 in
1468 4423 1527 4488 hoe
1539 4444 1659 4508 genere
1671 4423 1849 4489 doetrinae.
1869 4424 1965 4489 Nune
1975 4426 2136 4506 sequitur,

129 4510 402 4593 quemadmodum
431 4512 509 4589 dixi,
540 4510 717 4576 tenendum
747 4526 796 4577 est
818 4512 883 4577 Dei
913 4512 1103 4577 consilium:

129 4597 200 4661 vult
224 4596 310 4659 enim
335 4617 354 4659 a
377 4618 411 4661 se
433 4597 568 4663 reiicere
587 4618 681 4662 omno
705 4597 839 4678 crimen,
863 4609 894 4663 et
917 4619 1028 4662 omnes
1051 4617 1103 4662 ca·
1243 4594 1293 4658 17.
1324 4592 1369 4657 Ει
1393 4598 1427 4657 tn
1454 4594 1577 4677 oeoinqe
1604 4593 1720 4659 lambos
1748 4599 1825 4674 tuoe,
1854 4599 1882 4659 et
1912 4614 2012 4677 enrqe,
2040 4599 2067 4658 et
2095 4595 2135 4658 le

128 4682 279 4759 lumnias,
304 4684 458 4762 qnoniam
481 4685 587 4748 solent
616 4685 713 4747 etiam
745 4684 876 4765 pessimi
907 4684 1026 4766 quique
1046 4682 1103 4748 ob·
1157 4700 1248 4760 quere
1271 4679 1313 4742 ad
1335 4680 1420 4760 ipsos
1441 4698 1638 4760 quaecunque
1660 4678 1782 4765 (omnia
1805 4680 1902 4765 qnae)
1925 4701 1976 4764 epo
2003 4681 2134 4745 menda-

129 4779 274 4849 strepere
308 4769 377 4831 eins
411 4768 548 4847 iudiciis,
582 4767 657 4833 dum
693 4769 781 4850 ipsos
814 4769 963 4853 castigat.
1014 4769 1104 4851 Ergo
1156 4785 1226 4830 aero
1247 4764 1319 4829 tibi:
1346 4785 1384 4829 ne
1410 4766 1523 4828 timeas
1544 4785 1563 4828 o
1584 4764 1668 4845 socie
1693 4766 1844 4845 ipsorum,
1874 4787 1912 4830 ne
1934 4773 1962 4830 te
1983 4770 2134 4829 conterant

130 4853 282 4936 proponit
301 4854 336 4915 in
359 4853 501 4918 medinm
520 4876 579 4919 sua
602 4855 737 4919 iudicia:
761 4855 852 4936 quasi
876 4853 1006 4932 diceret,
1028 4854 1103 4918 Non
1158 4850 1225 4933 (vel
1248 4853 1365 4914 timere
1387 4849 1518 4931 faciam)
1549 4870 1570 4913 a
1590 4851 1674 4930 faeie
1695 4853 1838 4933 ipsoram
1861 4852 1924 4937 (est
1946 4852 2033 4916 enim
2056 4858 2134 4916 'vor-

128 4948 283 5021 poterunt
305 4937 386 5001 mihi
409 4938 546 5003 obiicere
574 4939 754 5016 saevitiam,
785 4949 841 5004 aut
870 4940 1103 5017 crudelitatem,
1156 4936 1233 5000 bum
1257 4945 1424 5018 sumptum
1448 4956 1490 4998 ex
1513 4935 1626 4999 eadem
1650 4937 1782 5023 radice).

129 5025 205 5106 quia
235 5045 290 5088 ero
325 5025 430 5088 iustus
460 5024 559 5089 iudex
588 5027 799 5108 quantumvis
830 5047 972 5091 severus.
1025 5026 1103 5090 Ideo

128 5109 228 5188 addit,
254 5109 358 5189 Sapen
379 5111 463 5174 omni
485 5111 608 5175 molitio
631 5113 780 5192 ipsorum.
815 5111 933 5175 Postea
956 5111 1104 5194 adiungit
1243 5107 1355 5171 Primo
1377 5105 1466 5171 iubet
1489 5107 1579 5175 Deus
1602 5107 1793 5191 prophetam
1821 5127 1916 5170 suum
1940 5126 2133 5188 praeconem

129 5196 280 5277 speciem,
308 5215 434 5277 nempe,
464 5197 540 5275 qnia
561 5196 704 5279 suffitum
723 5196 861 5278 fecerunt
888 5197 952 5261 diis
981 5197 1103 5277 olienis,
1157 5212 1227 5257 csse
1251 5192 1354 5258 tristis
1376 5192 1464 5258 illius
1486 5193 1607 5271 iudicii,
1631 5195 1671 5258 de
1694 5213 1755 5275 quo
1778 5193 1842 5255 iam
1867 5192 2024 5259 videmus.
2066 5193 2133 5258 Ne·

129 5281 244 5361 inquit.
290 5279 405 5345 Multis
424 5279 555 5362 quidem
579 5281 684 5347 modis
707 5288 967 5363 provocaverant
990 5280 1103 5347 Iudaei
1156 5300 1219 5363 que
1241 5279 1330 5344 enim
1354 5278 1456 5344 voluit
1478 5279 1511 5341 in
1535 5277 1656 5362 angulo
1679 5290 1713 5342 ει
1742 5278 1865 5343 οεειιΙιε
1895 5278 1982 5362 loqui
2006 5289 2132 5343 tantam
