4784 5970
196 363 260 430 205
1049 363 1200 431 capud
1222 363 1353 431 XLIX.

2136 370 2201 437 206

198 576 272 638 nus,
304 556 405 621 etiam
432 557 462 623 si
495 556 529 621 id
557 557 770 641 contingeret,
800 577 837 622 se
866 567 977 621 tamen
1007 572 1175 635 nunquam
1229 551 1347 617 deinde
1379 551 1413 616 in
1442 552 1606 636 integrum
1636 553 1835 619 restituetur.
1889 553 2068 622 Stracteros.
2110 557 2200 625 Hinc

200 641 310 724 populi
333 643 383 707 ιιιι
406 641 594 707 obliturum.
632 642 716 707 Nam
736 643 872 707 affectus
891 641 995 724 ipsius
1017 659 1096 721 erga
1117 658 1177 703 nos
1228 637 1382 721 colligere
1410 637 1487 703 licet
1508 658 1590 721 quae
1616 639 1659 704 sit
1681 659 1758 704 vera
1785 641 2018 708 instaurandae
2046 643 2200 711 eeclesiae

199 737 346 793 matrum
381 729 528 793 omnium
564 748 708 793 amorem
749 728 864 793 ardore
903 734 937 791 et
969 723 1178 790 vehementia
1228 723 1329 788 ratio:
1353 744 1478 807 nempe,
1501 724 1530 788 si
1552 723 1716 789 Dominus
1738 724 1930 791 architectos
1958 729 2066 794 mittat
2088 751 2108 794 a
2128 731 2198 812 qui·

200 812 299 897 longe
333 825 520 896 exsuperat.
570 814 615 879 Et
648 814 825 879 tenendum
859 811 941 876 illud
971 809 1108 876 Christi:
1141 807 1177 875 Si
1230 809 1289 873 bus
1312 819 1514 873 exstruatur:
1543 807 1670 888 deinde,
1693 812 1721 875 si
1744 811 1857 892 procul
1887 812 1997 896 abigat
2019 822 2199 882 vastatores

200 918 271 977 vos,
295 919 395 982 quum
419 900 496 964 mali
514 901 596 978 sitis,
620 900 723 964 nostis
745 897 830 964 hona
853 898 929 962 dare
952 896 1027 960 filiis
1050 896 1178 972 vestris,
1228 894 1285 976 qui
1308 914 1378 958 eam
1402 893 1547 961 diruunt.
1593 897 1667 961 Etsi
1694 897 1781 960 enim
1811 918 1869 980 per
1896 919 1931 964 ιι
1961 907 1995 963 et
2023 902 2199 982 praeterita

199 993 321 1066 quanto
343 985 449 1067 magis
471 995 564 1066 pater
587 983 759 1051 coelestis?
788 981 923 1069 (Matth.
948 982 977 1058 7,
1001 980 1064 1066 11).
1108 980 1176 1044 Ηι-
1229 979 1400 1044 hominum
1439 1000 1537 1063 opera
1576 981 1744 1047 eeclesiam
1785 984 1909 1066 erigere
1949 993 2058 1067 posset
2097 986 2199 1065 Dens,

200 1071 315 1146 mines,
339 1071 467 1135 tametsi
491 1070 586 1152 pravi
609 1079 729 1135 natura
750 1077 785 1134 et
805 1078 953 1134 amantes
975 1067 1038 1149 sui,
1063 1086 1175 1132 euram
1229 1064 1384 1148 dignatur
1429 1074 1538 1132 tamen
1584 1088 1695 1132 eorum
1740 1087 1857 1134 manus
1902 1070 2122 1152 interponere:
2167 1086 2199 1137 et

200 1153 374 1220 liberorum
398 1155 534 1221 habent:
554 1155 631 1238 quid
655 1153 756 1234 Deus,
779 1155 836 1236 qui
859 1155 930 1237 ipsa
951 1163 1001 1219 est
1023 1150 1174 1219 bonitas?
1227 1172 1413 1234 quanquam
1453 1152 1541 1216 solus
1581 1172 1699 1218 areana
1748 1155 1883 1236 spiritus
1928 1155 2049 1222 virtute
2093 1166 2198 1223 totum

199 1260 241 1304 an
260 1241 412 1306 affectum
431 1252 606 1324 paternum
624 1260 746 1306 eruere
763 1237 907 1322 poterit?
929 1239 1068 1303 Minime
1085 1258 1175 1302 vero.
1227 1237 1290 1302 hoe
1322 1236 1505 1302 aedificium
1538 1238 1692 1321 complet,
1729 1239 1889 1304 benedicit
1922 1246 2032 1306 tamen
2064 1242 2197 1309 illoram

200 1325 361 1406 Quamvis
383 1327 487 1411 igitur
507 1327 633 1392 accidat
655 1334 776 1392 matres
797 1324 896 1411 (quod
916 1324 1019 1389 instar
1037 1322 1176 1406 prodigii
1228 1322 1445 1401 laboremne
1467 1324 1511 1389 sit
1532 1323 1665 1389 inutilis.
1710 1323 1763 1390 Ab
1784 1325 1854 1406 ipso
1883 1327 1982 1409 igitur
2011 1329 2143 1410 petendi
2165 1342 2197 1394 et

201 1410 265 1495 est)
287 1413 428 1478 abiicere
446 1414 568 1479 foetum
588 1432 701 1477 suum:
725 1411 818 1476 Deus
836 1426 956 1486 tamen,
975 1411 1068 1474 ouius
1086 1429 1176 1473 amor
1227 1407 1437 1490 exspectandi
1467 1423 1547 1474 sunt
1575 1410 1763 1476 architecti:
1795 1432 1897 1493 quum
1930 1414 2000 1477 eius
2028 1417 2196 1496 proprium

200 1508 359 1563 constans
381 1508 413 1562 et
435 1508 612 1581 perpetuus
634 1506 684 1563 est
713 1498 749 1561 in
776 1497 862 1561 filios
892 1516 978 1572 suos,
1009 1514 1176 1576 nunquam
1227 1493 1271 1558 sit
1292 1493 1425 1558 idoneos
1447 1494 1582 1560 reddere
1605 1495 1886 1578 (quemadmodum
1905 1496 2057 1564 admonet
2073 1500 2198 1566 Paulus

200 1604 256 1648 eos
279 1582 418 1649 abiiciet.
463 1583 502 1648 In
525 1603 669 1648 summa:
699 1581 890 1648 describitur
920 1581 974 1646 hic
1001 1580 1093 1646 nobis
1115 1580 1174 1643 im·
1229 1580 1271 1657 [2.
1295 1578 1372 1644 Cor.
1396 1578 1425 1656 3,
1448 1579 1492 1664 6])
1513 1591 1548 1645 ιι
1566 1583 1681 1664 cuique
1700 1582 1867 1664 assignare
1885 1603 1962 1648 suas
1979 1596 2096 1666 partes.
2130 1586 2197 1650 Ro·

200 1688 315 1734 mensa
334 1668 399 1734 Dei
421 1687 509 1747 eura,
537 1669 592 1751 qui
622 1665 752 1733 assidue
774 1688 832 1750 pro
862 1675 973 1731 nostra
1000 1665 1105 1729 salute
1128 1666 1175 1729 vi·
1227 1665 1355 1748 gandus
1378 1668 1546 1730 asteriam
1569 1686 1633 1731 non
1658 1666 1752 1731 modo
1778 1678 1814 1731 ut
1844 1668 1954 1733 mittat
1975 1672 2140 1751 operarios
2161 1671 2197 1736 in

199 1754 290 1835 gilat,
315 1764 352 1818 ιιι
374 1774 449 1818 eum
472 1774 643 1837 nunquam
667 1752 858 1818 defuturum
881 1753 974 1817 nobis
995 1761 1083 1816 certo
1105 1772 1177 1834 per·
1228 1772 1362 1817 messem
1385 1769 1495 1816 auam:
1517 1751 1574 1817 sed
1597 1762 1632 1815 ut
1655 1752 1805 1818 virtutem
1830 1753 2014 1835 suppeditet
2035 1765 2068 1821 et
2088 1757 2196 1823 effica-

199 1840 287 1903 suasi
321 1839 441 1904 simus:
476 1840 607 1905 tametsi
641 1839 753 1904 multis
787 1838 978 1922 magnisque
1011 1837 1176 1902 aerumnis
1228 1839 1308 1909 citer
1342 1834 1477 1920 dirigat,
1511 1859 1553 1902 ne
1583 1840 1706 1903 frustra
1737 1840 1826 1921 operi
1859 1838 2060 1906 incumbant.
2111 1842 2195 1908 Nam

198 1923 401 1989 afflictemur,
1228 1919 1387 2005 singulari
1422 1923 1492 1987 eius
1524 1923 1738 1987 beneficentia
1770 1921 1886 1989 accidit
1921 1936 1959 1988 ut
1985 1947 2059 1990 cum
2087 1928 2197 2011 aliquo

786 2051 862 2116 Alia
884 2051 1098 2116 similitudine
1121 2050 1175 2113 de·
1228 2010 1334 2072 fructu
1363 2006 1530 2107 evangelii·
1552 2007 1700 2106 doctrina
1732 2006 1946 2106 praedicetur.
1997 2010 2064 2076 Sed
2091 2034 2197 2096 neque

1228 2093 1288 2158 hoc
1306 2090 1480 2170 sufficeret,
1500 2114 1560 2158 nist
1578 2093 1691 2175 procul
1709 2094 1855 2177 abigeret
1872 2105 2059 2163 vastatores.
2093 2098 2196 2165 Satan

1227 2178 1315 2243 enim
1338 2179 1519 2244 innumeris
1540 2179 1664 2244 artibus
1687 2178 1853 2246 ecclesiam
1876 2181 2002 2247 invadit
2021 2195 2118 2266 atque
2140 2205 2197 2267 op·

289 2053 338 2117 16.
362 2050 456 2137 (Eece
478 2071 573 2132 super
589 2050 743 2137 palmae.)

200 2138 304 2202 clarat
338 2139 531 2201 immensam
566 2136 655 2200 illam
696 2137 946 2202 sollicitudinem
981 2157 1075 2218 quam
1116 2156 1176 2218 pro

202 2221 296 2287 ”Oblfl
319 2223 404 2307 8⁰¹st
425 2221 599 2287 D⁰¹¹¹l¹¹¹¹⁸·
637 2222 782 2305 vulssm
804 2231 855 2287 ⁰⁸¹²
877 2222 1094 2304 P¹⁰V⁰³bi¹¹m’
1117 2241 1176 2285 ¹¹⁰⁸
1228 2275 1372 2347 pugnat:
1407 2284 1466 2330 nee
1499 2265 1619 2329 desunt
1648 2266 1677 2329 ei
1705 2267 1849 2331 ministri
1881 2276 1914 2333 et
1944 2269 2110 2352 satellites,
2144 2272 2199 2353 qui

200 2307 321 2391 aliqum
344 2318 500 2389 tanquam
523 2308 673 2389 pr⁰p¹i⁰⁸
695 2307 814 2393 digitffl
837 2319 959 2388 mnere’
983 2327 1083 2390 quum
1107 2327 1176 2371 ‘⁰¹¹¹
1229 2370 1348 2415 nervos
1365 2370 1478 2414 omnes
1496 2351 1530 2414 in
1548 2349 1580 2413 id
1598 2350 1783 2429 intendunt,
1807 2363 1844 2416 ut
1861 2352 1995 2419 Domini
2014 2354 2197 2421 aedificium

200 2403 622 2561 ffiffiffgzuffnsstffiugg
639 2414 729 2561 ⁸¹2}ss
748 2392 1176 2543 ffiffiiogeageffi'mefff
1229 2436 1369 2535 diruant,
1392 2435 1446 2499 vel
1463 2446 1682 2518 corrumpant,
1706 2437 1757 2502 vel
1779 2439 1967 2520 impediant.
2015 2441 2198 2507 Petendum

200 2563 264 2647 dat,
298 2561 416 2646 ligabis
447 2584 495 2642 ea,
529 2563 645 2645 inquit,
678 2565 711 2628 in
746 2565 875 2646 signum
910 2583 1009 2645 super
1041 2584 1174 2627 manum
1228 2522 1331 2604 1gitur
1353 2518 1483 2586 assidue
1505 2536 1675 2587 uteorum
1703 2533 1840 2588 conatus
1869 2536 2005 2592 avertat.
2051 2526 2148 2608 Quod
2169 2528 2198 2592 si

200 2663 289 2714 tuam
312 2647 461 2734 (Denter.
485 2650 514 2725 6,
539 2646 590 2734 8):
613 2669 729 2731 nempe
752 2661 789 2712 ut
811 2649 872 2712 Dei
897 2660 1069 2731 praecepta
1090 2669 1175 2713 sem·

199 2756 257 2818 per
278 2735 381 2799 oculis
409 2736 477 2798 suis
507 2736 673 2816 proposita
702 2733 869 2798 haherent.
914 2733 1011 2797 Nunc
1040 2733 1173 2797 eandem

201 2818 450 2885 similitudinem
482 2828 637 2903 usurpat:
666 2819 801 2902 perinde
824 2839 862 2882 ac
884 2820 911 2883 si
934 2819 1067 2883 diceret:
1100 2818 1173 2882 Non

200 2926 333 2988 possum
356 2905 480 2969 intueri
504 2925 621 2969 manus
652 2924 751 2980 meas,
781 2907 860 2986 quin
891 2917 923 2968 te
951 2903 1017 2969 illio
1047 2923 1176 2986 quoque

200 2989 417 3072 contempler:
448 3003 482 3055 te
504 2993 539 3054 in
562 2991 670 3054 animo
696 3011 769 3055 mec
794 2990 994 3072 insculptum
1022 3008 1109 3074 gero,
1140 2999 1176 3053 ut

201 3077 292 3142 nulla
315 3075 479 3141 oblivione
509 3075 609 3140 deleri
639 3094 756 3157 queas:
784 3077 832 3139 tui
862 3075 1002 3158 denique
1031 3074 1176 3142 oblivisci

202 3184 268 3226 non
290 3181 432 3245 possum,
456 3161 536 3243 quin
560 3160 624 3226 mei
646 3162 748 3243 ipsius
770 3160 951 3225 obliviscar.
995 3159 1087 3225 Deus
1109 3163 1178 3243 qui·

202 3248 274 3311 dem
298 3267 404 3329 neque
425 3268 551 3325 manus,
574 3267 679 3328 neque
697 3267 883 3328 corpoream
903 3247 1040 3330 figuram
1055 3247 1174 3322 habet:

202 3332 259 3397 sed
289 3334 335 3396 ιιι
368 3333 522 3397 tenuitati
561 3333 685 3416 ingenii
716 3332 820 3396 nostri
853 3352 923 3396 sese
957 3333 1176 3397 accommodat

203 3419 375 3499 scriptura,
405 3431 441 3482 ut
465 3418 725 3502 magnitudinem
750 3417 852 3481 divini
875 3437 953 3500 erga
976 3438 1035 3482 nos
1056 3420 1176 3483 amoris

202 3504 375 3585 exprimat.
407 3502 569 3583 Quoniam
587 3524 664 3568 vero
680 3503 813 3570 ecelesia
829 3503 950 3585 passim
967 3502 1176 3582 domicilium,

204 3590 254 3653 vel
277 3586 356 3654 urbe
379 3589 442 3653 Dei
464 3591 655 3654 nominatur
686 3589 787 3673 (unde
817 3589 915 3652 etiam
947 3585 1177 3654 aedificationis

203 3675 393 3759 metaphora
416 3676 536 3757 passim
555 3676 697 3740 occurrit
715 3676 749 3739 in
770 3672 954 3757 scripturis)
977 3672 1048 3736 idco
1069 3694 1175 3739 muro-

203 3781 277 3823 rum
295 3760 541 3825 similitudinem
560 3760 708 3845 adducit:
726 3780 790 3841 qua
807 3760 1001 3825 incolumem
1022 3758 1176 3823 ecclesiae

204 3854 326 3910 statum
355 3845 535 3927 significat,
564 3866 601 3909 ac
628 3846 656 3909 si
685 3845 807 3910 diceret
832 3844 893 3908 sibi
924 3863 1019 3907 curae
1048 3864 1176 3927 semper

203 3930 272 3994 fore
306 3937 341 3993 ut
373 3931 483 4011 vigeat
519 3950 556 3993 ae
594 3932 710 3994 floreat
742 3929 931 3994 Ierusalem.
986 3928 1174 3995 Notandum

203 4026 313 4080 tamen
347 4026 397 4079 est
428 4035 599 4078 murorum
632 4016 764 4080 nomine
796 4014 1017 4097 metaphorice
1048 4029 1173 4080 rectum

202 4102 349 4166 ordinem
369 4100 500 4183 politiae
519 4109 552 4162 et
569 4099 759 4182 disciplinae
777 4101 891 4175 notari,
914 4102 1006 4165 euius
1024 4100 1174 4165 sedulum

202 4197 236 4251 et
256 4187 456 4252 indefessum
478 4185 646 4250 custodem
665 4207 699 4250 se
716 4185 809 4250 Deus
830 4186 898 4249 fore
915 4186 1068 4250 affirmat.
1103 4187 1175 4251 Μι-

202 4274 394 4336 minerimus
415 4281 525 4336 autem
548 4271 632 4335 hane
661 4271 866 4354 prophetiam
895 4271 1047 4336 habuisse
1069 4272 1175 4337 locum

203 4361 237 4420 in
260 4358 379 4421 misera
408 4357 465 4421 illa
486 4357 651 4437 vastitate,
682 4377 783 4439 quum
816 4356 916 4420 diruti
948 4366 1057 4422 essent
1090 4360 1175 4423 muri

204 4441 394 4519 Ierusalem,
417 4463 499 4525 quae
520 4443 597 4507 viva
619 4443 774 4508 ecclesiae
795 4442 902 4525 imago
924 4442 995 4516 fnit,
1019 4444 1174 4526 templum

204 4527 362 4610 excisum,
395 4548 510 4593 eversa
541 4527 671 4609 politia:
704 4527 864 4608 denique,
898 4529 1107 4609 pessumdata
1139 4550 1175 4594 ae

203 4611 437 4696 propemodum
470 4612 576 4677 deleta
608 4613 756 4678 funditus
790 4613 898 4677 omnia
932 4625 1036 4679 erant.
1090 4614 1175 4678 Nam

204 4719 281 4764 mox
304 4698 464 4781 promittit
484 4699 632 4763 futurum
655 4716 692 4763 ut
714 4699 824 4763 omnia
846 4700 1079 4763 instaurentur.

290 4826 340 4891 17.
374 4824 554 4912 (Festinant
586 4831 750 4892 erasme
782 4824 853 4911 ιιι.)
904 4825 1059 4892 Declarat
1090 4826 1176 4909 quod

202 4911 345 4978 breviter
368 4912 492 4977 dictum
515 4911 622 4977 luerat
643 4912 811 4995 superiore
830 4933 937 4977 versu.
971 4912 1066 4976 Vana
1088 4912 1175 4976 enirn

1228 2610 1336 2671 minus
1359 2626 1400 2670 ex
1423 2607 1524 2671 animi
1545 2617 1659 2672 nostra
1685 2609 1847 2673 sententia
1875 2610 1908 2673 id
1936 2612 2096 2689 succedat,
2118 2613 2198 2677 vitia

1227 2693 1289 2773 ipsi
1312 2702 1423 2755 nostra
1446 2701 1478 2755 et
1499 2693 1767 2774 ingratitudinem
1795 2714 1997 2761 accusemus:
2029 2717 2103 2762 nam
2132 2698 2197 2764 Do·

1227 2778 1335 2840 minus
1359 2776 1437 2841 haee
1460 2777 1615 2841 beneficia
1637 2777 1763 2842 abunde
1785 2778 1819 2843 in
1847 2799 1907 2845 nos
1935 2782 2082 2847 conferre
2104 2803 2197 2866 para·

1227 2872 1281 2926 tus
1303 2872 1382 2926 erat.

1316 2947 1364 3012 18.
1397 2945 1496 3031 (leva
1523 2967 1584 3028 per
1610 2948 1772 3014 circuitam
1800 2949 1901 3015 oeulos
1926 2951 2016 3037 tuos.)
2064 2953 2197 3019 Excitat

1227 3031 1319 3115 quasi
1350 3053 1385 3095 ro
1418 3035 1581 3114 praesenti
1609 3033 1775 3100 ecclesiam
1806 3034 1848 3098 ad
1877 3039 2087 3120 magnifieum
2116 3059 2198 3121 opus

1228 3119 1289 3184 hoc
1311 3117 1609 3199 contemplandum,
1631 3131 1663 3182 ιι
1684 3119 1865 3185 cernendos
1886 3121 2055 3189 hominum
2075 3134 2197 3200 coetus,

1227 3206 1282 3286 qui
1305 3203 1512 3285 undiquaque
1535 3203 1576 3268 ιι
1605 3208 1709 3286 ipsam
1737 3209 1911 3272 confluent.
1954 3206 2060 3275 Sicuti
2088 3220 2197 3276 autem

1228 3289 1376 3357 collectio
1399 3288 1478 3354 haec
1507 3291 1577 3371 pios
1606 3292 1729 3356 animos
1757 3292 1872 3358 fulcire
1901 3293 2013 3360 debuit
2038 3296 2073 3360 in
2103 3296 2196 3362 dissi·
2278 3318 2281 3323 ·

1227 3379 1377 3457 petione:
1407 3376 1453 3439 ita
1475 3376 1528 3456 qui
1552 3375 1622 3440 eius
1644 3376 1762 3441 oculati
1785 3378 1916 3443 fuerunt
1937 3390 2037 3445 testes
2059 3382 2100 3446 ad
2122 3402 2195 3464 gra·

1228 3461 1403 3526 titudinem
1437 3460 1567 3525 incitari
1592 3464 1745 3544 oportuit.
1796 3463 1891 3528 Unde
1920 3476 2054 3546 apparet
2083 3468 2196 3532 vatici·

1228 3549 1316 3611 nium
1344 3547 1402 3610 hoc
1421 3555 1557 3627 utroque
1576 3556 1720 3628 tempore
1741 3548 1839 3612 fuisse
1857 3549 1946 3625 utile,
1969 3570 2066 3630 quum
2090 3561 2124 3615 ct
2145 3574 2197 3616 res

1228 3631 1335 3697 adhue
1356 3631 1418 3695 sub
1435 3652 1493 3713 sps
1512 3641 1597 3696 ιιιιι
1615 3632 1812 3711 abscondita,
1835 3644 1865 3697 et
1884 3645 2054 3716 postquam
2075 3647 2196 3701 eventu

1228 3715 1434 3799 comprobata
1456 3716 1526 3780 fuit.
1571 3716 1716 3783 Tametsi
1739 3738 1815 3783 vero
1843 3720 2040 3801 generaliter
2069 3721 2198 3787 univer-

1228 3824 1297 3867 sam
1321 3800 1490 3866 ecclesiam
1513 3801 1696 3883 compellet,
1720 3813 1830 3867 tamen
1848 3804 1888 3868 ad
1909 3805 2053 3888 singulos
2071 3827 2198 3889 quoque

1227 3888 1369 3970 pertinet
1398 3886 1452 3949 hio
1479 3905 1596 3964 sermo,
1630 3898 1667 3952 ut
1699 3897 1732 3952 et
1763 3891 1978 3954 communiter
2008 3911 2130 3967 omnes,
2164 3906 2195 3957 et

1227 3993 1371 4037 seorsum
1387 3970 1509 4054 singuli
1524 3969 1604 4037 haec
1621 3975 1781 4055 promissa
1801 3974 2049 4055 amplectantur.
2084 3976 2195 4058 Quum

1227 4069 1337 4123 autem
1359 4057 1471 4123 oculos
1493 4057 1599 4121 attolli
1621 4057 1720 4136 iubet,
1751 4059 1912 4142 significat
1934 4082 1994 4126 nos
2022 4063 2094 4126 ideo
2125 4066 2195 4128 ani·

1227 4145 1289 4208 mis
1311 4142 1416 4221 deiioi,
1436 4142 1521 4225 quod
1544 4163 1608 4207 non
1631 4153 1762 4222 attente,
1786 4154 1823 4209 ut
1840 4144 1941 4224 decet,
1962 4166 2042 4230 opus
2060 4147 2196 4214 Domini

1227 4229 1452 4311 inspiciamus:
1487 4227 1545 4292 ιιι
1577 4239 1733 4312 tanquam
1759 4230 1867 4295 velum
1889 4232 1990 4296 oculis
2011 4237 2194 4318 oppositum

1228 4313 1412 4390 habeamus,
1435 4314 1521 4395 quod
1544 4334 1582 4378 ea
1603 4335 1686 4396 quae
1708 4325 1784 4380 ante
1807 4315 1904 4397 pedes
1922 4319 2027 4400 posita
2047 4331 2125 4385 sunt
2146 4323 2194 4385 in-

1227 4400 1313 4464 tueri
1339 4408 1436 4463 vetat.
1470 4399 1560 4463 Hinc
1581 4400 1697 4465 accidit
1717 4410 1754 4464 ut
1773 4400 1856 4464 nihil
1875 4403 2094 4484 concipiamus
2116 4406 2195 4472 fidu·

1226 4487 1304 4564 ciae,
1325 4485 1382 4550 ιιι
1399 4485 1434 4548 in
1452 4485 1550 4550 rebus
1565 4483 1708 4550 confusis
1723 4485 1948 4568 desperatione
1963 4492 2195 4572 propemodum

1226 4570 1412 4638 obruamur.
1467 4568 1562 4650 Quod
1596 4572 1625 4635 si
1654 4572 1733 4636 haec
1763 4573 1822 4636 toti
1851 4573 2004 4638 ecclesiae
2032 4574 2194 4658 dicuntur,

1227 4664 1357 4738 reputet
1388 4675 1500 4722 secum
1534 4658 1755 4739 unusquisque
1787 4669 1945 4740 quantum
1978 4660 2103 4727 laboret
2134 4662 2194 4726 hoe

1228 4742 1324 4807 vitio:
1358 4750 1390 4805 et
1424 4741 1561 4807 subinde
1586 4763 1621 4806 se
1650 4741 1800 4808 sollicitet
1828 4753 1925 4826 atque
1955 4747 2196 4829 expergefaciat

1227 4827 1268 4893 ad
1289 4846 1388 4909 opera
1411 4826 1546 4891 Domini
1568 4827 1733 4904 intuenda,
1761 4839 1799 4892 ut
1827 4839 1894 4896 toto
1921 4831 2032 4895 animo
2059 4834 2093 4895 in
2120 4851 2194 4914 pro·

1228 4913 1336 4979 missis
1362 4914 1432 4977 eius
1461 4912 1678 4994 conquiescat.
1722 4913 1851 4979 Electos
1880 4916 2034 4981 ecclesiae
2060 4936 2194 4998 congre·

203 4997 307 5064 videri
323 4998 483 5082 potuisset
500 4995 556 5062 illa
573 4998 736 5063 sententia
754 4997 793 5062 de
811 4998 941 5063 assidua
958 4997 1176 5064 sollicitudine
1227 4997 1302 5081 gari
1334 4997 1443 5064 dicens
1476 4998 1648 5080 significat,
1681 5006 1718 5063 ut
1750 5001 1816 5063 sint
1848 5020 1951 5065 unum
1986 5020 2102 5084 corpus
2134 5001 2196 5067 sub

203 5104 300 5166 qnam
323 5083 409 5169 gerit
431 5080 594 5149 Dominus
615 5081 655 5148 de
677 5083 813 5150 eeclesia
837 5104 897 5149 sua
918 5093 952 5147 et
971 5084 1074 5147 muris
1096 5083 1176 5160 eins,
1230 5082 1373 5160 Ohristo,
1399 5102 1436 5148 ac
1460 5083 1550 5148 velut
1579 5104 1681 5149 unum
1709 5085 1795 5150 ovile
1824 5085 1883 5151 sub
1912 5086 2025 5151 eodem
2055 5095 2195 5170 pastore,

204 5190 285 5252 quos
308 5168 393 5235 dirui
416 5181 512 5252 atque
534 5169 639 5235 everti
668 5169 755 5235 sinit.
798 5169 978 5252 Propterea
1007 5167 1178 5234 subiunxit
1230 5170 1322 5250 quasi
1342 5167 1455 5234 eodem
1482 5168 1556 5234 sinu
1585 5181 1732 5252 oportere
1761 5169 1884 5252 colligi:
1915 5172 1991 5253 quia
2019 5194 2085 5236 non
2114 5173 2195 5239 alios

208 5255 470 5338 explicationem,
499 5253 586 5340 quod
613 5253 836 5320 devastabitur
863 5253 922 5319 illa
950 5252 1092 5336 quidem,
1123 5253 1180 5319 ιιι
1228 5274 1289 5337 pro
1316 5255 1383 5319 suis
1412 5252 1501 5319 ducit
1530 5253 1682 5320 Christus
1715 5276 1752 5321 ac
1784 5268 1903 5336 censet,
1933 5257 1998 5322 nisi
2032 5259 2087 5342 qui
2119 5259 2195 5327 fidei
