4784 5970
195 386 261 452 487
1002 380 1390 449 PRAELEOTIONES
2147 382 2209 449 488

196 593 294 654 super
320 576 440 636 eunome
463 571 608 636 Iudaeos.
654 571 706 634 Ex
733 576 886 635 contextu
915 577 1025 653 postea
1046 569 1170 635 videbi·
1195 580 1199 667 ξ
1223 579 1373 653 erumpet
1390 569 1431 635 ab
1450 568 1617 652 aquilone:
1639 568 1696 634 scd
1714 588 1813 648 nnnc,
1836 568 2122 653 quemadmodum
2145 570 2208 634 iam

196 678 271 722 mus
293 656 346 722 hic
367 658 506 739 proponi
534 656 676 720 breviter
698 675 859 720 summam
883 654 1062 737 doetrinae,
1089 674 1171 737 quae
1194 672 1198 701 ¹
1223 654 1292 720 disi
1315 656 1463 739 fungitur
1480 654 1621 720 doctoris
1638 656 1753 731 officio,
1775 662 1813 720 nt
1830 656 2026 722 vaticinium
2051 655 2134 720 utile
2156 656 2206 731 sit,

197 742 353 807 Ieremias
376 743 528 806 mandata
559 743 628 805 luit.
676 742 736 805 Det
766 742 895 823 quidem
925 741 1006 805 haee
1036 740 1170 804 dimidia
1194 744 1199 825 i
1222 740 1278 806 ubi
1307 741 1451 805 affirmat
1479 740 1588 804 Deum
1615 740 1684 805 fere
1717 760 1884 806 summum
1917 740 2040 807 ducem
2077 741 2112 805 in
2147 741 2205 806 boc

195 848 281 910 pars,
313 837 350 893 ut
372 829 526 893 diximus.
571 827 655 891 Nam
680 827 781 891 voluit
811 828 911 891 etiam
933 826 1025 890 Dens
1054 846 1171 891 eonsu-
1194 838 1198 903 Ι
1222 825 1316 892 bello.
1362 825 1442 893 Ecce
1463 846 1534 909 erpo
1555 825 1696 892 elamabo
1717 826 1761 891 ad
1782 844 1891 891 omnes
1915 826 2070 907 fnmrlios
2098 846 2206 910 repso-

195 913 262 978 lere
286 913 398 979 electis
420 915 501 977 suis:
533 923 565 975 et
594 913 640 976 ita
662 933 715 977 eos
739 912 860 976 terruit
890 917 927 976 ut
957 919 1084 975 tantum
1115 910 1170 975 do·
1220 933 1294 978 runt
1315 913 1483 993 aquilonis.
1515 912 1609 977 Tune
1632 910 1764 994 quidem
1787 911 1882 977 unica
1899 924 1972 977 erat
1992 912 2205 977 monarchia:

194 1010 310 1077 maret,
334 1008 366 1063 et
395 999 568 1063 subiiceret
597 997 668 1080 sibi,
699 1018 763 1061 non
794 1008 902 1062 autem
933 997 1108 1062 coniiceret
1134 997 1170 1059 in
1194 956 1198 1065 l
1221 997 1277 1062 aed
1301 999 1454 1080 qnoniam
1478 1005 1569 1061 tanta
1591 1008 1661 1062 erat
1686 997 1845 1063 securitas
1875 997 1909 1062 in
1930 996 2078 1074 Iudaeis,
2106 1006 2204 1079 atque

195 1083 465 1167 desperationem.
511 1083 640 1147 interea
675 1092 783 1146 tamen
819 1083 955 1146 dimidia
988 1102 1063 1162 pars
1094 1102 1169 1164 pre·
1193 1074 1197 1141 Ι
1221 1083 1319 1147 etiam
1344 1081 1420 1147 inde
1442 1082 1598 1162 socordia,
1630 1092 1668 1147 ut
1688 1082 1750 1147 sibi
1773 1101 1838 1146 non
1860 1092 2051 1148 metuerent
2073 1082 2114 1147 ab
2139 1083 2204 1147 ulla

194 1169 326 1251 photiae
350 1170 429 1234 haec
453 1170 531 1233 suit:
554 1170 618 1233 ism
639 1190 701 1233 non
721 1167 919 1250 sperandum
939 1188 1009 1231 esse
1029 1169 1168 1249 veniam,
1194 1184 1197 1207 ¹
1221 1167 1330 1233 clade:
1353 1189 1416 1251 que
1434 1189 1488 1233 eos
1506 1167 1749 1252 expergefaciat
1766 1167 1866 1247 Deus,
1888 1177 1923 1233 et
1939 1170 2090 1252 corrigat
2111 1166 2203 1233 illum

194 1257 268 1338 quia
298 1254 411 1320 Iudaei
440 1276 500 1321 sua
528 1256 746 1319 obstinatione
779 1254 876 1318 nimis
908 1264 1170 1335 provocaverant
1193 1236 1197 1329 l
1221 1267 1398 1336 stuporem,
1429 1254 1507 1319 dicit
1529 1275 1564 1318 se
1591 1255 1765 1332 iacturum,
1794 1259 1833 1318 nt
1858 1254 2061 1319 conveniant
2090 1272 2204 1318 omnes

193 1340 276 1405 iram
301 1341 374 1418 Dei,
408 1352 441 1405 et
470 1342 515 1404 ita
545 1340 637 1404 abusi
668 1340 798 1403 luerent
830 1340 899 1403 aius
933 1338 1098 1420 patientia,
1132 1347 1169 1401 ut
1193 1344 1196 1409 t
1222 1338 1364 1404 familiae
1398 1359 1585 1423 regnorum.
1640 1339 1686 1403 Et
1722 1348 1810 1404 certe
1845 1348 1926 1406 tunc
1962 1340 2073 1404 multa
2109 1354 2204 1404 erant

193 1445 305 1490 eorum
330 1425 479 1508 impietas
502 1447 568 1488 non
586 1433 673 1489 esset
693 1425 833 1505 amplius
852 1422 1039 1487 tolerabilis.
1079 1423 1169 1505 Ergo
1193 1412 1197 1475 l
1221 1446 1332 1508 regna,
1355 1445 1437 1507 quae
1459 1424 1550 1489 Deus
1573 1425 1667 1505 quasi
1691 1445 1756 1488 uno
1778 1424 1903 1506 impetu
1925 1424 2067 1508 proiecit
2090 1434 2203 1491 contra

192 1510 278 1593 quod
302 1513 357 1575 alii
381 1511 557 1593 prophetae
581 1511 866 1590 denuntiaverant,
900 1527 988 1573 nunc
1009 1508 1167 1572 Ieremias
1192 1520 1197 1557 ¹
1220 1509 1369 1575 Iudaeos.
1422 1511 1467 1574 Et
1497 1509 1627 1574 videtur
1660 1511 1758 1575 etiam
1792 1516 1958 1592 spectasse
1990 1510 2035 1574 ad
2070 1512 2202 1575 inanem

192 1598 336 1679 apertius
354 1598 473 1661 iterum
492 1600 672 1674 confirmat,
695 1606 728 1659 et
743 1616 812 1660 rem
831 1597 923 1676 quasi
942 1594 1043 1676 digito
1059 1605 1167 1659 osten·
1219 1596 1309 1660 illam
1332 1596 1498 1675 fiduciam,
1521 1616 1585 1677 qua
1607 1595 1722 1660 Iudaei
1745 1617 1779 1660 se
1801 1596 1960 1661 fallebant
1977 1615 2086 1678 quum
2109 1612 2202 1678 puta·

192 1681 248 1745 dit.
295 1683 413 1747 Postea
435 1683 595 1763 sequitur,
1219 1694 1293 1746 rent
1324 1681 1508 1765 Aegyptios
1541 1701 1670 1763 semper
1703 1681 1773 1745 fore
1806 1690 1937 1764 praesto
1970 1681 2012 1745 ad
2049 1680 2204 1747 ferendas

1192 1768 1395 1850 suppetias.
1449 1766 1613 1845 Quoniam
1648 1787 1726 1849 ergo
1759 1765 1909 1832 solebant
1940 1767 2052 1831 instar
2084 1767 2204 1851 clypei,

279 1853 329 1916 15.
357 1854 511 1934 Quoniam
532 1872 594 1916 ecoe
615 1873 669 1934 epo
686 1871 756 1917 oooo
775 1871 878 1916 omnes
898 1852 1044 1932 familias
1060 1871 1167 1935 reyno-
1192 1852 1196 1925 l
1219 1854 1283 1916 imo
1314 1853 1418 1916 instar
1447 1853 1569 1916 montis
1602 1872 1764 1934 oppenere
1792 1852 1844 1917 Ae
1890 1852 1984 1935 ptios,
2019 1852 2118 1918 Dens
2154 1854 2204 1916 hic

192 1960 263 2003 nom
287 1940 452 2020 (tquilonts,
475 1939 550 2003 dicit
573 1937 718 2020 Ioltooolt,
742 1943 769 2002 et
789 1939 924 2002 vertiam:
944 1941 1061 2019 ponent
1082 1938 1168 2018 quie·
1192 1950 1195 1991 Ι
1220 1939 1413 2021 perstringit
1434 1958 1548 2002 eorum
1571 1937 1753 2016 stultitiam,
1778 1874 1888 2019 quody
1887 1938 2068 2021 Aegyptiis
2090 1938 2203 2005 conlisi

193 2046 250 2108 qno
271 2026 383 2090 solium
412 2044 506 2089 suunt
535 2025 568 2087 in
596 2026 672 2088 ostio
696 2028 862 2104 portorum
893 2024 1111 2106 lerosolymoe,
1141 2027 1169 2086 ct
1193 2042 1195 2111 ,
1219 2034 1374 2105 putarent
1396 2044 1432 2087 se
1454 2022 1554 2105 probe
1577 2023 1721 2087 munitos
1741 2042 1811 2089 esse
1829 2034 1944 2090 contra
1961 2024 2031 2087 vim
2056 2031 2091 2089 at
2113 2044 2205 2087 arma

192 2132 287 2191 cuper
308 2131 411 2175 coenes
432 2129 538 2174 nosteros
568 2110 634 2175 eius
662 2111 696 2172 in
723 2109 864 2187 oirortdu,
893 2113 921 2173 et
942 2130 1038 2191 super
1065 2127 1169 2173 emises
1192 2116 1196 2143 ²
1220 2109 1321 2174 totius
1354 2107 1561 2172 monarchiae
1594 2107 1790 2174 chaldaicae.
1838 2108 1911 2174 Hac
1940 2109 2047 2193 igitur
2077 2110 2205 2173 ratitum

193 2197 284 2262 urbes
308 2195 456 2262 Ioloodol.
1193 2156 1196 2293 Ι
1219 2195 1361 2277 primum
1379 2194 1531 2272 familias,
1544 2193 1660 2259 deinde
1678 2195 1778 2259 etiam
1796 2214 1898 2278 regna
1914 2193 2084 2277 aquilonis
2101 2196 2204 2279 ponit.

1193 2296 1196 2367 Ι
1221 2278 1389 2362 Sequitur,
1412 2278 1456 2343 Et
1476 2281 1606 2361 venient,
1629 2284 1658 2344 et
1673 2284 1790 2362 ponent
1809 2281 1939 2361 quisque
1961 2278 2037 2365 (vir,
2064 2279 2106 2345 ad
2131 2302 2202 2345 var·

279 2368 345 2432 Hie
385 2387 500 2432 versus
536 2367 681 2431 continet
721 2363 972 2447 explicationem
1017 2362 1168 2446 proximi.
1221 2364 1311 2449 bum)
1340 2364 1401 2429 hoe
1423 2375 1472 2428 est
1500 2365 1623 2448 singuli
1653 2373 1785 2447 ponent,
1814 2384 1875 2431 erte
1902 2364 1984 2431 solio
2015 2366 2063 2431 nd
2092 2367 2205 2431 notam

193 2455 286 2519 Deus
319 2453 407 2517 enim
442 2452 561 2517 elarius
595 2464 627 2515 et
660 2451 764 2535 magis
797 2449 982 2532 specialiter
1014 2448 1168 2531 exprimit
1216 2456 1392 2534 portorum.
1437 2450 1502 2515 Hic
1525 2450 1685 2533 propbeta
1706 2450 1872 2533 significat
1893 2457 2026 2515 tantum
2051 2450 2127 2515 fore
2148 2471 2203 2534 po·

193 2541 278 2622 quod
303 2540 394 2621 prius
417 2539 580 2620 attigerat,
612 2557 728 2618 nempe
750 2536 873 2600 malum
898 2544 1074 2600 venturum
1097 2554 1168 2598 esse
1192 2540 1196 2621 l
1220 2537 1340 2601 tentiae
1362 2537 1395 2599 iu
1420 2535 1604 2614 Chaldaeis,
1628 2546 1665 2599 ut
1685 2537 1827 2601 audeant
1847 2535 1951 2619 figere
1973 2556 2037 2601 sua
2060 2539 2202 2602 tentoria

192 2626 232 2691 ab
256 2625 418 2706 aquilone.
453 2624 544 2688 Dicit
566 2643 600 2688 se
619 2624 686 2685 fore
705 2632 852 2686 autorem
872 2621 969 2685 huius
991 2619 1085 2684 mali:
1109 2620 1166 2684 sed
1193 2624 1195 2657 ⁵
1220 2629 1297 2687 aute
1326 2623 1413 2706 ipsas
1447 2632 1566 2703 portas,
1600 2642 1704 2704 neque
1733 2621 1766 2685 id
1797 2622 1901 2699 modo,
1936 2621 1993 2687 sed
2028 2622 2135 2687 etiam
2167 2630 2203 2686 nt

191 2711 231 2776 dc
254 2711 440 2776 calamitate
470 2709 624 2790 loquitur,
655 2707 734 2772 Ecce
763 2728 824 2790 epo,
853 2708 970 2790 inquit,
999 2707 1098 2773 olomo
1126 2706 1169 2770 od
1220 2707 1374 2772 claudant
1403 2708 1545 2771 minores
1568 2719 1686 2790 portas.
1732 2706 1823 2773 Dicit
1845 2707 1940 2788 enim,
1974 2706 2068 2773 Ostia
2091 2714 2201 2790 porto·

191 2817 294 2862 omotos
314 2797 459 2877 fontibus
480 2814 646 2877 reynerum
674 2794 843 2873 aquilonis,
887 2793 963 2856 Non
992 2794 1073 2857 adeo
1100 2791 1168 2854 effi·
1219 2813 1300 2858 rum.
1336 2794 1381 2857 Et
1397 2813 1496 2874 quum
1513 2794 1654 2874 loquitur
1672 2793 1712 2857 de
1734 2792 1881 2876 singulis,
1905 2793 2012 2876 magis
2036 2804 2072 2858 et
2093 2796 2202 2859 acrius
2234 2841 2237 2846 -

191 2904 253 2950 cax
288 2884 400 2946 luisset
431 2882 633 2960 vaticinium,
668 2879 730 2943 nisi
765 2877 885 2943 diserte
915 2879 1029 2942 luisset
1057 2875 1167 2941 addita
1192 2880 1195 2971 l
1220 2879 1336 2962 pungit
1366 2878 1455 2961 ipsos
1484 2877 1633 2942 ludaeos.
1683 2879 1767 2943 Nam
1797 2879 1873 2943 freti
1901 2878 2048 2962 Aegypti
2078 2879 2204 2943 anxilio

190 2969 272 3033 baec
295 2967 505 3045 denuntiatie,
530 2986 646 3045 nempe
664 2965 724 3027 Dei
744 2964 895 3045 auspiciis
915 2973 1074 3028 ventures
1097 2982 1167 3027 esse
1192 2976 1195 3001 ἕ
1219 2965 1378 3046 putabant
1396 2985 1431 3029 se
1449 2984 1545 3045 pares
1562 2964 1631 3028 fore
1652 2963 1692 3028 ad
1713 2962 1940 3040 resistendum,
1964 2983 2072 3045 quum
2091 2974 2201 3028 mmen

192 3052 383 3119 Chaldaeos.
425 3051 542 3113 Solent
565 3052 650 3112 enim
672 3049 820 3113 homines
838 3068 966 3130 semper
989 3048 1167 3112 transferre
1192 3056 1195 3119 l
1219 3049 1379 3114 Chaldaei
1424 3048 1562 3115 devictis
1603 3051 1749 3133 Assyriis
1794 3059 1904 3115 essent
1946 3049 2199 3132 insuperabiles.

191 3137 227 3201 in
250 3138 415 3200 fortunam
446 3133 602 3216 quidquid
632 3134 759 3211 accidit,
788 3146 820 3196 et
850 3143 962 3216 postea
984 3132 1167 3197 videbimus
1192 3124 1195 3201 l
1219 3135 1310 3200 Dicit
1332 3134 1442 3217 igitur,
1471 3134 1546 3199 Non
1569 3141 1697 3198 tantum
1720 3136 1883 3200 exereitus
1906 3135 1976 3217 ipse
1997 3143 2111 3199 eastra
2134 3156 2200 3199 me·

191 3223 225 3288 in
250 3220 556 3286 Lamentationibus
583 3220 629 3282 ita
654 3218 752 3282 fuisse
782 3217 929 3299 stupidos
951 3215 1101 3295 Iudaeos,
1132 3227 1167 3280 ut
1220 3220 1343 3284 tabitur
1365 3229 1441 3284 ante
1464 3227 1584 3302 portas,
1607 3219 1664 3285 sed
1686 3219 1808 3304 singuli
1830 3228 1977 3285 statuent
1997 3219 2079 3297 illic,
2103 3230 2201 3302 atque

193 3329 287 3374 casus
317 3307 467 3371 fortuitos
499 3304 678 3369 obiicerent
710 3304 743 3366 in
777 3302 922 3367 cladibus
955 3302 1035 3378 suis,
1067 3313 1099 3365 et
1132 3303 1166 3365 in
1192 3348 1195 3415 ,
1220 3305 1348 3387 erigent
1384 3325 1442 3368 sua
1475 3305 1571 3383 solia,
1613 3305 1707 3387 quasi
1739 3308 1772 3369 in
1809 3305 1879 3371 loce
1913 3305 2103 3387 tranquillo.
2161 3305 2200 3369 In

191 3393 305 3475 templi
339 3405 371 3455 et
401 3392 502 3473 ipsius
536 3390 625 3454 urbis
659 3387 794 3467 excidio,
829 3398 861 3452 et
893 3388 1029 3452 interitu
1062 3389 1165 3471 regni.
1192 3418 1195 3431 =
1218 3410 1347 3454 summa
1368 3390 1530 3471 significat
1551 3391 1652 3467 Deus,
1676 3389 1861 3458 Chaldaeos
1894 3397 1928 3455 et
1949 3390 2111 3474 Assyrios
2133 3388 2200 3455 fere

190 3479 270 3545 Ideo
304 3498 416 3542 severe
448 3497 521 3542 eum
555 3476 620 3539 illis
653 3474 742 3538 Deus
777 3472 969 3554 expostulat,
1003 3472 1090 3554 quod
1121 3475 1167 3537 ita
1218 3475 1378 3549 victores,
1418 3488 1454 3538 ut
1487 3475 1712 3553 dominentur,
1753 3486 1786 3541 et
1817 3476 2007 3542 consideant
2040 3486 2199 3558 tanquam

190 3564 376 3630 caecutiant
398 3564 432 3625 in
455 3583 491 3625 rc
514 3562 611 3638 clara,
635 3581 741 3642 neque
758 3559 876 3625 iudicia
898 3580 957 3625 sua
975 3567 1164 3642 agnoscant.
1191 3616 1194 3621 .
1219 3560 1306 3625 domi
1329 3579 1406 3625 suae
1429 3562 1462 3624 in
1485 3561 1555 3643 ipso
1579 3581 1669 3645 agro,
1699 3570 1830 3626 stante
1852 3569 1962 3643 portas
1991 3561 2086 3626 urbis
2109 3561 2199 3627 Iero-

192 3648 360 3731 Propheta
394 3648 494 3729 igitur
527 3657 699 3727 postquam
733 3654 872 3709 testatus
905 3649 955 3709 est
988 3656 1164 3709 venturum
1191 3636 1194 3707 l
1218 3645 1373 3728 solymae.
1414 3646 1506 3711 Haec
1528 3659 1640 3729 postea
1657 3646 1778 3711 elarius
1796 3645 1953 3724 dicentur,
1978 3656 2012 3710 ot
2034 3646 2200 3713 addentur

191 3754 262 3798 esse
290 3732 411 3796 malum
436 3753 454 3795 a
477 3732 707 3812 septentrione,
736 3732 802 3794 iam
832 3729 922 3794 addit
950 3729 1013 3794 boe
1042 3729 1165 3794 malum
1218 3732 1339 3795 multas
1357 3732 1456 3795 etiam
1472 3732 1746 3797 circumstantiae.
1780 3732 1847 3798 Sed
1863 3731 2027 3796 Dominus
2045 3732 2088 3797 ab
2106 3731 2199 3797 initio

190 3819 326 3883 minime
349 3817 519 3879 fortuitum
542 3816 621 3896 iore,
642 3816 698 3878 sed
721 3816 790 3879 eius
809 3814 884 3879 belli
903 3813 988 3897 qnod
1007 3814 1165 3879 Chaldaei
1218 3816 1321 3881 voluit
1344 3815 1488 3899 prolerre
1511 3817 1595 3882 hanc
1625 3818 1821 3882 sententiam
1850 3832 1965 3883 contra
1987 3815 2142 3897 Iudaeos,
2166 3830 2200 3881 nt

192 3904 334 3966 inferent
363 3902 468 3966 Deum
502 3901 570 3964 iore
599 3920 762 3963 summum
794 3899 923 3979 ducem,
952 3899 1007 3981 qui
1036 3898 1166 3983 colliget
1218 3902 1361 3966 sentiant
1384 3911 1492 3968 sctum
1513 3922 1584 3967 esse
1606 3901 1646 3966 de
1675 3922 1735 3967 suo
1763 3912 1859 3968 statu.
1905 3901 2003 3982 Dicit,
2032 3901 2081 3967 Er
2100 3922 2200 3985 super

189 3987 334 4067 undique
358 3987 487 4063 milites,
511 4000 543 4049 ct
565 3985 714 4050 conficiet
736 3983 795 4048 sibi
825 3985 1005 4049 exereitum
1028 3983 1067 4047 ad
1091 4005 1164 4066 pcr-
1217 4006 1325 4052 muros
1347 3989 1416 4052 eius
1432 3988 1469 4051 io
1488 3987 1629 4070 circuilu,
1650 3993 1679 4052 et
1698 4008 1793 4069 asper
1809 4006 1913 4052 omnes
1931 3986 2025 4051 urbes
2039 3986 2198 4055 Idtaded.

190 4070 314 4136 dandos
336 4070 485 4135 Iudaeos.
531 4069 704 4135 Clamandi
734 4069 832 4134 verbo
861 4070 966 4134 utitur
996 4069 1164 4152 propheta,
1218 4071 1368 4154 Denique
1390 4072 1467 4138 hinc
1485 4073 1660 4138 denuntiat
1676 4073 1838 4157 propheta
1855 4072 2077 4139 vastationem
2097 4076 2198 4139 totins

189 4157 269 4223 Eece
289 4157 396 4234 clamo,
416 4158 530 4237 inquit,
553 4157 595 4221 od
613 4174 716 4219 omnes
733 4154 926 4236 copulationes
945 4154 996 4220 vel
1015 4155 1163 4221 familias.
1219 4157 1372 4241 regionis:
1407 4180 1444 4224 ac
1478 4160 1506 4224 si
1540 4159 1670 4235 diceret,
1705 4157 1842 4224 Iudaeos
1876 4159 1999 4224 frustra
2031 4159 2200 4226 confidere

189 4242 302 4307 Variis
332 4241 484 4321 loquendi
515 4240 628 4306 formis
658 4239 761 4304 utitur
790 4238 891 4318 Deus,
922 4259 1023 4321 quum
1050 4239 1165 4305 docere
1217 4243 1356 4325 propriis
1380 4243 1515 4323 viribus,
1546 4252 1579 4309 et
1602 4243 1717 4308 alienis
1747 4243 1888 4327 auxiliis,
1919 4245 2074 4326 qnoniam
2103 4244 2199 4311 Deus

189 4329 261 4395 vult
285 4329 330 4391 ita
353 4327 413 4390 sub
436 4347 535 4390 manu
559 4346 617 4391 sua
640 4335 673 4388 et
691 4323 826 4388 arbitrio
843 4345 913 4389 esse
931 4333 1065 4390 cunetas
1087 4346 1165 4408 gen·
1218 4326 1377 4410 pugnabit
1400 4336 1515 4393 contra
1536 4331 1633 4411 ipsos,
1665 4331 1796 4412 etquis
1824 4330 1943 4394 armati
1973 4338 2074 4394 erunt
2095 4328 2199 4396 Chal·

190 4424 247 4490 tes,
271 4426 306 4478 ut
331 4423 463 4477 moveat
486 4411 569 4476 bella
592 4411 717 4493 quoties
746 4410 793 4473 ita
816 4411 921 4474 visum
953 4419 1011 4474 est.
1057 4409 1164 4475 Dicit:
1218 4411 1289 4477 daci
1312 4422 1345 4477 et
1365 4413 1495 4496 Assyrii
1519 4412 1558 4477 ab
1581 4414 1662 4496 ipse,
1685 4414 1753 4479 fore
1776 4414 1925 4493 victores,
1956 4412 2116 4499 quidquid
2140 4436 2200 4499 op·

188 4500 274 4565 Eece
298 4498 433 4564 sibilabo
455 4496 496 4560 ad
519 4497 710 4580 Aegyptios,
740 4504 774 4559 et
803 4507 971 4576 comparat
996 4494 1164 4559 interdum
1218 4509 1342 4579 ponant
1362 4519 1403 4563 ex
1426 4496 1561 4563 adversa
1583 4511 1678 4581 parte
1699 4499 1823 4565 Iudaei.
1869 4498 2041 4583 Sequitur,

188 4586 276 4668 ipsos
299 4584 422 4666 apibus.
467 4583 596 4646 Deinde
619 4580 704 4660 alibi,
734 4581 820 4646 Eece
850 4578 999 4662 elangam
1029 4579 1165 4645 buccina

189 4685 222 4735 et
244 4670 439 4735 convenient
460 4668 601 4751 Assyrii.
641 4666 706 4731 Sed
729 4665 793 4731 bue
815 4674 965 4748 spectant
986 4685 1098 4730 omnes
1120 4664 1164 4730 lo-

190 4757 378 4838 quutiones:
414 4754 490 4818 dum
526 4752 766 4817 tumultuantur
798 4751 976 4850 homines„
996 4763 1028 4847 et
1060 4760 1164 4815 totum
1217 4786 1299 4869 ipsis
1330 4807 1425 4867 sup„
1462 4790 1547 4853 omn,
1579 4791 1703 4855 malitia
1732 4811 1853 4855 eorum.-
1885 4791 1963 4871 qnio
1995 4790 2089 4875 (nam
2120 4808 2199 4863 uus

189 4843 299 4907 orbern
323 4840 527 4924 perturbant,
550 4840 658 4904 Deum
682 4850 790 4901 tamen
814 4835 1086 4934 ommadrngere
1107 4858 1164 4935 pre

189 4949 317 4992 summo
340 4927 485 5009 imperio,
509 4923 763 5006 necquidquam
787 4923 855 5005 geri
879 4923 941 4987 nisi
964 4942 1032 4986 erus
1056 4942 1163 5004 anspr-
1189 4920 1192 4945 ¹
1217 4871 1271 4936 ΜΟ
1288 4874 1421 4954 mitur
1439 4874 1508 4938 Vi⁰⁰
1531 4888 1574 4949 ’λ
1595 4876 1681 4939 valet
1699 4875 1862 4941 ⁰au⁸³l⁶m
1881 4876 2086 4959 p⁸¹ll⁰¹¹l⁸m2
2108 4882 2199 4964 (lull)

188 5015 247 5079 ciis
269 5024 302 5078 et
325 5013 432 5078 ductu.
468 5011 628 5075 Videmus
646 5030 723 5091 ergo
747 5009 811 5071 iam
831 5028 894 5071 non
915 5006 1066 5071 historice
1089 5027 1163 5088 pro·
1188 4950 1191 5045 l
1216 4957 1522 5038 deelinantem,
1546 4967 1573 5024 el
1602 4961 1746 5042 suffitum
1773 4961 1911 5042 sewum
1932 4961 1998 5027 dlis
2020 4964 2151 5045 alienis,
2173 4972 2202 5031 ei

189 5100 322 5182 phetam
357 5098 462 5181 loqui,
497 5117 603 5178 neque
637 5095 734 5158 etiam
769 5092 961 5174 simpliciter
993 5093 1162 5157 vaticinari
1188 5045 1657 5197 ἒῧῖδζέἑαζῖἴᾝαέζῖξεθ
1681 5045 1944 5132 pr⁰⁸lral⁰s¹¹¹¹ll
1966 5067 2077 5114 ⁰⁰r⁰m
2098 5072 2201 5133 ΟΡΘΠ·

189 5185 266 5266 quid
289 5185 436 5248 futurum
466 5182 519 5266 sit,
550 5182 606 5248 sed
636 5177 733 5246 simul
763 5178 940 5260 adiungere
972 5177 1162 5243 doctrinam.
1188 5204 1191 5217 ¹

188 5270 262 5334 Hoc
290 5269 405 5333 fuisset
435 5268 559 5334 nudum
586 5278 619 5333 et
648 5263 787 5347 simplex
812 5264 1011 5345 vaticinium,
1041 5236 1191 5328 maluml

1305 4703 1354 4767 16.
1386 4701 1430 4767 Et
1451 4701 1561 4784 loquor
1582 4703 1647 4789 (vel
1670 4704 1847 4789 proferam)
1874 4704 1996 4770 lodoin
2023 4727 2098 4773 men
2128 4729 2200 4775 eam
