4784 5970
188 359 252 426 383
1075 355 1123 422 IN
1144 354 1312 423 ISAIAM
2128 352 2193 419 384

189 548 306 613 clasiae
339 547 420 613 bene
451 567 521 612 cese
554 546 766 629 sperandum,
802 547 952 631 quamvis
985 546 1045 610 sub
1075 552 1160 609 tetra
1212 563 1272 609 nos
1302 545 1336 609 in
1367 543 1487 609 mundo
1521 544 1672 626 illustret,
1703 562 1840 625 quorum
1872 545 2006 609 nomina
2032 543 2189 628 dignatus

189 634 326 716 caligine
349 642 446 716 atque
472 634 506 696 in
537 633 685 714 sepulcro
712 632 860 699 demersa
885 633 945 696 sit:
975 632 1052 713 quia
1079 642 1161 695 tam-
1212 645 1263 694 est
1295 630 1328 693 in
1368 629 1466 694 coelis
1502 630 1653 696 scribere.
1708 629 1777 694 Alii
1813 627 1964 695 subtilius
2004 640 2188 713 exponunt:

189 721 250 784 etsi
274 719 312 781 ad
335 729 465 800 tempus
488 738 643 801 oppressa
672 719 780 796 lateat,
809 717 918 783 Deum
948 715 1161 781 nihilominus
1213 734 1329 798 nempe
1347 715 1435 797 quod
1458 736 1516 798 pro
1535 715 1696 781 Israelitis
1713 713 1851 780 vomndi
1868 724 1977 781 essent
1995 715 2190 781 Christiani.

189 804 352 868 vindicem
380 806 415 866 in
445 803 535 870 coelo
565 805 676 869 habet:
711 805 765 888 qui
794 815 966 887 postquam
996 801 1162 866 moderate
1213 799 1280 866 Sed
1302 821 1362 884 ego
1389 802 1588 884 superiorem
1618 800 1710 866 illum
1743 821 1874 867 sensum
1904 800 2086 884 prophetae
2114 823 2189 867 con·

189 910 261 955 eam
295 891 517 974 castigaverit,
558 889 689 954 tandem
729 890 790 955 sibi
828 910 898 953 eam
932 888 1033 953 fixisse
1064 906 1161 951 curae
1214 887 1318 950 textui
1339 897 1372 951 et
1390 887 1509 951 usitato
1527 888 1597 952 eius
1615 887 1757 952 sermoni
1776 885 2081 951 convenientiorem
2100 899 2188 969 puto.

189 975 349 1040 ostendet.
402 977 445 1039 Et
478 995 556 1041 sanc
590 974 750 1041 illustrem
784 981 818 1039 οι
850 974 1057 1057 conspicuam
1091 993 1162 1037 esse
1213 971 1399 1056 Diligenter
1432 981 1541 1038 autem
1576 972 1797 1038 observandae
1828 985 1906 1037 sunt
1939 971 2003 1037 hae
2034 972 2189 1057 loquendi

189 1070 318 1143 oportet
350 1062 504 1125 iustitiam
542 1061 629 1125 cius:
669 1059 767 1143 idque
799 1061 835 1125 in
875 1081 988 1124 eorum
1022 1058 1161 1125 salutem
1214 1058 1343 1134 formae,
1374 1078 1459 1140 quae
1487 1059 1666 1140 peculiares
1694 1066 1770 1124 sunt
1799 1058 1978 1140 prophetis,
2007 1067 2047 1122 ιιι
2077 1079 2188 1125 eorum

188 1167 269 1230 quos
290 1147 352 1210 sibi
374 1148 407 1210 in
432 1138 585 1228 populum
609 1156 642 1210 et
664 1147 826 1230 peculium
849 1144 979 1227 delegit.
1213 1143 1297 1225 stylo
1317 1164 1551 1209 assuescamus.
1586 1142 1725 1210 Summa
1745 1154 1804 1221 est,
1827 1142 1980 1226 populum
1999 1144 2188 1210 restitutum

275 1233 304 1296 2.
327 1230 385 1316 (Et
405 1232 550 1297 cadebant
569 1232 695 1317 gentes.)
728 1232 823 1297 Nunc
844 1232 989 1314 apertius
1012 1229 1162 1308 declarat,
1213 1229 1264 1307 iri,
1286 1230 1417 1294 tametsi
1439 1228 1565 1294 deletus
1585 1231 1752 1295 videatur:
1774 1249 1959 1310 novumque
1978 1250 2100 1295 nomen
2122 1250 2186 1297 non

189 1339 247 1384 cnr
269 1329 365 1381 antea
388 1318 509 1381 dixerit
530 1339 565 1382 se
588 1339 652 1381 non
683 1319 873 1383 taciturum:
903 1337 1020 1399 nempe
1049 1327 1088 1380 nt
1117 1317 1161 1398 pii
1214 1314 1254 1380 ab
1277 1314 1471 1395 hominibus,
1494 1314 1551 1380 scd
1573 1337 1593 1380 a
1614 1314 1686 1379 Deo
1708 1326 1997 1397 consequuturum.

188 1410 278 1469 certo
301 1424 492 1485 persuasum
518 1402 661 1467 habeant
690 1423 755 1467 non
784 1403 906 1468 irnstra
933 1401 993 1467 sibi
1023 1402 1160 1468 salutem
1300 1401 1330 1463 3.
1364 1399 1422 1485 (at
1449 1402 1514 1466 eris
1542 1400 1676 1484 οονοιια.)
1727 1399 1819 1464 Idem
1848 1411 2083 1485 argumentum
2115 1423 2188 1486 pre·

188 1488 346 1571 promitti.
405 1488 549 1554 Gloriam
579 1489 633 1552 hic
665 1490 781 1570 accipit
817 1508 877 1572 pro
917 1488 1032 1553 ιιιιιιο.
1087 1486 1161 1567 Quo
1214 1487 1360 1569 sequitur
1392 1487 1506 1551 Isaias.
1558 1487 1627 1551 Nec
1661 1486 1798 1551 mirum:
1831 1507 1925 1551 nemo
1957 1488 2047 1551 enim
2081 1489 2189 1555 carnis

189 1583 384 1657 argumento
417 1594 488 1638 sese
518 1574 558 1639 ad
589 1577 806 1639 constantiam
834 1575 995 1638 instruere
1023 1571 1162 1638 debeant
1214 1592 1406 1637 sensuram
1428 1581 1554 1637 ιιιιιιιιι
1585 1573 1754 1653 concipere
1783 1592 1821 1638 ac
1850 1592 1983 1655 sperare
2011 1574 2187 1657 potuisset:

190 1659 377 1743 prophetae,
407 1659 460 1725 hic
483 1660 711 1744 perspicimus:
742 1659 826 1742 quod
848 1659 970 1725 scilicet
992 1658 1098 1723 fidelis
1120 1658 1163 1722 sit
1214 1657 1331 1722 deinde
1346 1657 1451 1723 voluit
1468 1658 1598 1741 piorum
1614 1658 1741 1722 animos
1758 1658 1902 1722 intentos
1916 1660 2034 1724 esseio
2052 1679 2188 1743 regnum

190 1745 368 1822 Dominus,
409 1756 506 1827 atque
548 1745 677 1809 tandem
720 1744 897 1827 praestabit
936 1742 1023 1827 qnod
1062 1742 1161 1809 semel
1214 1743 1350 1822 Christi,
1373 1743 1456 1825 quod
1473 1741 1652 1827 splendidis
1675 1744 1763 1808 hisee
1778 1743 1891 1826 elogiis
1905 1765 1943 1809 eo
1955 1744 2064 1828 magis
2079 1746 2189 1811 ornari

190 1831 354 1913 pollicitus
376 1841 435 1904 est,
457 1832 587 1895 tametsi
610 1831 809 1912 aliquamdiu
832 1831 971 1896 differat.
1214 1850 1251 1894 ac
1274 1828 1452 1913 praedicari
1476 1850 1605 1894 necesse
1628 1829 1698 1906 luit,
1722 1829 1801 1911 quia
1818 1827 1925 1895 adhuc
1947 1840 1981 1895 et
2003 1830 2188 1913 obscurum,

276 1915 414 2000 (Reges.)
459 1916 531 1981 Ηοο
562 1916 602 1979 ad
632 1917 918 1999 amplificationem
940 1914 1047 1981 valet:
1075 1915 1162 1979 acsi
1214 1926 1247 1980 et
1268 1914 1381 1997 procul
1411 1926 1572 1979 remotum
1604 1924 1683 1978 erat.
1730 1914 1861 1997 Duplex
1890 1915 1977 1980 enim
2006 1918 2188 1999 perieulum

191 2000 322 2074 diceret,
346 2021 411 2064 non
430 2002 532 2065 solum
552 2002 693 2084 plebeios
711 2024 748 2068 ac
764 2002 915 2086 vulgares
933 2010 1163 2084 conspecturus
1214 2008 1420 2066 antevertere
1448 2021 1530 2083 opus
1557 2000 1626 2075 luit,
1656 2021 1697 2065 ne
1719 1999 1834 2065 Iudaei
1864 1999 2054 2084 longissime
2084 2001 2189 2070 adhuc

190 2097 289 2169 atque
321 2085 537 2152 admiratores
569 2088 706 2171 gloriam
741 2087 814 2167 Dei,
847 2087 904 2153 sed
937 2088 1035 2152 etiam
1069 2107 1163 2169 regas
1214 2107 1249 2151 ee
1277 2084 1389 2151 abesse
1418 2086 1566 2150 videntes
1588 2106 1608 2149 a
1629 2086 1767 2168 pristino
1795 2086 1927 2164 honere,
1956 2090 2097 2171 gratiam
2130 2090 2189 2154 Dei

189 2173 286 2255 ipsos,
317 2174 372 2254 qni
395 2194 412 2235 e
434 2172 568 2238 sublimi
597 2174 762 2255 despicere
792 2173 898 2238 solent
926 2172 1010 2255 quod
1041 2173 1162 2255 alioqui
1214 2181 1469 2249 contemnerent,
1497 2172 1549 2236 vel
1578 2171 1784 2236 subsiderent
1811 2172 1844 2236 in
1875 2173 1955 2254 ipsis
1984 2175 2188 2256 primordiis:

188 2259 295 2341 pretio
318 2270 350 2322 et
379 2259 503 2322 honora
525 2259 660 2342 dignum
683 2269 761 2323 erat.
807 2260 972 2324 Excaecat
999 2259 1086 2321 enim
1110 2278 1164 2323 eos
1215 2268 1311 2339 atque
1333 2258 1380 2322 ita
1402 2257 1587 2339 posthabito
1610 2256 1745 2322 Christo
1774 2266 1902 2322 tantum
1926 2259 2105 2327 commodis
2129 2274 2189 2325 tar·

188 2365 268 2409 suus
290 2343 451 2425 splendor,
473 2355 506 2408 et
528 2344 666 2408 altitudo
684 2344 857 2423 dementat,
880 2355 916 2409 ut
938 2365 1004 2408 non
1027 2343 1163 2407 libenter
1215 2344 1302 2409 renis
1322 2343 1442 2410 addicti
1461 2344 1576 2408 forent.
1609 2341 1775 2408 Admonet
1791 2344 1893 2429 igitur
1910 2344 2082 2427 propheta,
2105 2346 2188 2411 redi·

190 2429 367 2512 quidquam
397 2429 566 2512 dignitatis
594 2443 689 2494 extra
715 2451 750 2495 se
779 2428 990 2513 conspiciant.
1043 2428 1164 2493 Nemea
1215 2438 1285 2493 tum
1319 2428 1354 2492 in
1388 2429 1527 2512 patriam
1560 2429 1653 2510 quasi
1691 2428 1895 2511 praeludium
1934 2450 2005 2495 esse
2043 2451 2189 2497 summae

235 2536 289 2579 rro
327 2534 440 2580 eccum
480 2516 597 2596 accipit
632 2537 690 2597 pro
727 2515 921 2581 celebritate.
984 2512 1040 2581 Sic
1076 2515 1164 2579 enim
1215 2513 1403 2598 dignitatis,
1443 2535 1526 2597 quac
1558 2513 1705 2580 exhibito
1739 2514 1873 2580 Ohriste
1914 2517 2078 2600 speranda
2111 2530 2188 2583 erat.

214 2601 358 2682 ispersus
389 2606 460 2665 erat
492 2600 634 2683 populus
667 2590 705 2666 ιιι
733 2606 858 2666 eertum
890 2621 1008 2683 corpus
1036 2598 1162 2665 nullum
1215 2598 1312 2680 Quod
1345 2600 1386 2664 ad
1419 2603 1512 2683 prius
1545 2600 1727 2666 membrum
1762 2608 1903 2683 spectat,
1939 2600 2022 2665 nihil
2056 2614 2188 2685 praeter

190 2698 285 2762 esset,
308 2705 346 2750 ιο
368 2687 497 2768 penitus
519 2686 681 2751 interiisse
699 2687 873 2752 videretur.
910 2686 1054 2751 Tametsi
1076 2686 1163 2751 enim
1215 2685 1409 2769 desperandi
1439 2686 1610 2750 materiam
1633 2686 1763 2751 exsules
1782 2698 1814 2751 at
1836 2688 1922 2752 servi
1944 2686 2190 2769 apprehendere

190 2771 308 2854 ingens
338 2771 514 2835 multitudo
544 2773 581 2836 in
608 2773 760 2837 exsilium
789 2772 939 2838 traducta
968 2783 1056 2836 erat:
1087 2772 1164 2854 quia
1217 2782 1376 2857 poterant,
1392 2792 1492 2854 quum
1506 2783 1681 2836 externum
1699 2792 1808 2837 rerum
1824 2782 1945 2837 statum
1962 2774 2188 2840 intuebantur:

191 2862 300 2920 tamen
331 2857 416 2921 inter
439 2856 637 2940 Babylonios
668 2859 815 2941 dissipati
845 2858 939 2940 quasi
966 2858 1065 2923 laceri
1095 2878 1163 2923 cor·
1216 2878 1318 2941 quum
1341 2856 1440 2923 etiam
1463 2859 1585 2922 reversi
1613 2858 1647 2921 iu
1671 2858 1811 2941 patriam
1833 2877 1871 2922 ac
1892 2858 2051 2942 restituti,
2072 2880 2190 2944 parum

190 2944 279 3024 poris
316 2942 462 3005 membra
494 2943 701 3022 exsulabant,
737 2946 793 3009 vix
829 2943 1014 3008 retinebant
1046 2963 1163 3008 nomen
1216 2943 1389 3009 admodum
1412 2945 1447 3007 in
1467 2941 1666 3009 aedificando
1689 2943 1809 3027 templo
1835 2951 2079 3026 promoverent.
2124 2946 2191 3011 Eos

191 3027 318 3108 populi:
342 3028 428 3107 quod
452 3028 549 3090 etiam
572 3028 638 3092 illis
656 3029 882 3093 denuntiatum
901 3029 1017 3093 fuerat.
1052 3027 1163 3108 Quum
1217 3051 1294 3113 ergo
1317 3031 1350 3094 in
1373 3027 1483 3093 Deum
1506 3030 1667 3113 respicere
1689 3029 1789 3111 iubat,
1816 3041 1853 3094 ut
1875 3029 1915 3094 ab
1938 3048 1976 3093 ec
1999 3044 2191 3113 exspectent

192 3123 303 3175 autem
327 3112 449 3175 reducti
472 3114 612 3176 suntab
640 3114 754 3178 exsilio
782 3125 960 3196 coeperunt
987 3132 1101 3178 rursus
1129 3114 1164 3178 in
1216 3114 1354 3198 gloriam
1376 3136 1395 3179 a
1416 3135 1514 3181 seusu
1532 3114 1639 3180 carnis
1652 3113 1888 3180 absconditam:
1911 3123 1945 3181 et
1960 3116 2038 3198 quia
2052 3136 2088 3182 se
2104 3123 2190 3199 apud

192 3216 311 3278 corpus
333 3216 434 3259 unum
454 3197 647 3260 coalescere:
670 3208 767 3281 atque
789 3200 835 3262 ita
857 3219 973 3263 nomen
996 3219 1164 3280 recupera·
1216 3200 1325 3283 ipsum
1348 3220 1439 3265 caros
1462 3208 1495 3266 et
1516 3200 1675 3283 pretiosos
1696 3221 1767 3265 esee
1790 3210 1920 3277 norunt,
1950 3200 2013 3266 hec
2035 3223 2103 3267 nno
2125 3205 2191 3269 sint

192 3292 270 3347 runt
299 3302 363 3364 quo
392 3282 514 3363 privati
543 3281 682 3347 fuerant.
727 3282 924 3366 Quanquam
953 3303 1077 3348 novum
1107 3305 1165 3366 pro
1217 3285 1369 3364 contenti,
1391 3284 1493 3351 donec
1514 3307 1573 3369 per
1595 3283 1719 3352 Christi
1748 3307 1881 3351 manum
1913 3284 2080 3353 liberalius
2104 3289 2191 3370 ipses

191 3368 324 3434 insolito
346 3368 490 3449 capitur:
521 3389 558 3432 ac
580 3370 607 3432 si
630 3369 752 3434 diceret
773 3369 942 3451 propheta,
964 3368 1164 3452 singularem
1216 3377 1359 3435 exornet.
1403 3372 1583 3437 Ecclesiam
1607 3380 1701 3436 vocat
1722 3391 1873 3436 coronam
1895 3371 1975 3437 Dei:
1998 3374 2077 3455 quia
2099 3373 2192 3441 Deua

192 3466 225 3519 et
247 3455 337 3536 prius
355 3453 533 3518 inauditam
551 3455 620 3518 fore
635 3454 773 3539 gloriam
789 3453 917 3537 populi:
941 3453 1025 3536 qnod
1044 3454 1164 3520 scimus
1217 3456 1289 3520 vult
1311 3457 1447 3540 gloriam
1471 3477 1564 3521 snam
1587 3457 1695 3522 lucere
1716 3457 1751 3522 in
1775 3456 1874 3522 nubis.
1907 3458 1950 3523 In
1971 3479 2036 3541 quc
2057 3458 2191 3527 inaesti-

189 3540 312 3605 iactum
336 3560 406 3604 esse
429 3541 584 3622 temporis
606 3562 772 3606 successu:
794 3541 870 3623 quia
892 3541 1011 3624 exigua
1032 3539 1088 3604 illa
1110 3561 1164 3624 po·
1217 3541 1366 3606 mabilem
1388 3542 1452 3607 Dei
1480 3542 1661 3608 bonitatem
1690 3543 1852 3625 suspicere
1881 3554 1914 3608 et
1944 3544 2102 3609 admirari
2133 3565 2191 3629 par

190 3626 261 3707 puli
278 3647 405 3701 manus,
425 3646 524 3705 quum
544 3628 689 3707 precario
708 3626 870 3691 habitaret
888 3626 919 3691 in
939 3627 1053 3709 patria,
1075 3626 1165 3691 nulla
1216 3639 1283 3694 est:
1306 3626 1390 3710 quod
1415 3649 1473 3694 nos
1496 3629 1626 3693 tametsi
1649 3638 1771 3693 natura.
1788 3627 1934 3694 sordidos
1955 3638 1989 3693 et
2009 3648 2190 3714 corruptas,

191 3711 315 3793 insigni
348 3712 550 3792 praestantia
586 3713 752 3794 acquirere
792 3711 854 3777 sibi
895 3713 1000 3794 potuit
1039 3720 1163 3776 tantam
1216 3727 1314 3795 atque
1336 3714 1551 3796 sterquiliniis
1580 3714 1749 3790 foediores,
1779 3725 1889 3779 tamen
1912 3717 1960 3779 ita
1983 3730 2134 3801 exornet,
2156 3723 2191 3782 ut

191 3795 428 3860 celebritatem:
479 3796 536 3860 sed
580 3798 785 3880 promulgata
828 3797 959 3862 demum
1004 3798 1164 3882 evangelii
1217 3799 1366 3864 diadema
1388 3802 1480 3884 regni
1507 3801 1556 3865 sni
1586 3821 1656 3865 esse
1679 3799 1768 3865 velit.
1813 3799 2007 3866 Excitemur
2028 3821 2109 3886 ergo
2132 3802 2191 3868 hae

192 3879 341 3944 doctrina
370 3881 513 3945 innotuit
537 3892 633 3962 atque
655 3883 810 3948 excelluit
838 3883 1003 3948 iudaicam
1034 3903 1163 3949 nomen.
1217 3886 1279 3950 Dei
1305 3885 1446 3949 bonitate
1468 3885 1508 3948 ad
1532 3885 1676 3949 studium
1703 3885 1786 3951 bene
1808 3885 1951 3962 vivendi,
1981 3897 2020 3951 ut
2042 3888 2076 3951 in
2098 3888 2190 3953 nebia

192 3964 377 4031 Confirmat
389 3974 497 4031 autem
510 3967 593 4049 quod
613 3967 743 4033 difficile
761 3969 882 4050 alioqui
899 3967 1024 4033 creditu
1043 3969 1165 4048 fuisset,
1216 3973 1324 4054 imago
1345 3970 1448 4052 ipsius
1470 3971 1575 4052 magis
1597 3991 1634 4035 ιο
1655 3971 1760 4054 magis
1781 3971 1982 4036 reformetur.

191 4048 301 4114 Deum
320 4050 418 4117 huius
436 4053 557 4135 gloriae
576 4054 643 4117 lore
662 4066 807 4118 autorem
827 4054 1037 4137 promittens:
1061 4075 1165 4137 neque
1302 4057 1331 4119 4.
1366 4054 1455 4140 (Noc
1486 4056 1628 4141 dicetur.)
1682 4054 1835 4121 Occurrit
1872 4056 2069 4123 dubitationi
2110 4080 2191 4141 quae

191 4135 331 4200 enimin
352 4137 519 4202 hominum
539 4137 673 4203 arbitrio
691 4139 763 4221 fuit,
786 4139 961 4223 ignobilem
981 4148 1015 4205 et
1031 4138 1165 4204 infamia
1215 4140 1370 4223 obrepere
1391 4152 1518 4224 poterat
1546 4141 1663 4207 animis
1686 4143 1823 4225 piorum,
1853 4162 1953 4224 quum
1984 4142 2134 4210 derelicti
2154 4165 2191 4211 ac

191 4231 377 4303 coopertam
400 4223 569 4288 eeclesiam
588 4225 634 4290 sic
655 4225 819 4302 extollere,
842 4226 898 4289 sed
917 4224 988 4291 Deo
1011 4225 1067 4307 qui
1089 4246 1166 4307 pau·
1217 4226 1366 4291 destituti
1388 4235 1497 4290 essent
1518 4229 1573 4309 qui
1595 4229 1720 4293 interea
1743 4226 1894 4293 diadema
1910 4241 1944 4293 et
1960 4247 2081 4295 corona
2098 4251 2191 4297 voca·

191 4326 285 4389 peres
307 4307 403 4389 erigit
426 4322 636 4392 exsternere,
660 4310 872 4375 difficilenon
892 4312 1056 4376 luitnova
1077 4310 1165 4375 fama
1217 4322 1340 4378 rentur.
1384 4311 1476 4378 Haec
1498 4315 1584 4376 enim
1614 4312 1752 4379 ridicula
1773 4314 1880 4378 videri
1906 4325 2068 4396 poterant,
2090 4336 2191 4399 quum

192 4393 346 4458 decorare
385 4414 477 4457 suam
520 4396 700 4461 ecclesiam.
762 4394 1045 4476 Quemadmodum
1089 4408 1165 4460 ante
1216 4398 1307 4463 exosi
1329 4402 1425 4479 atque
1448 4397 1662 4464 exsecrabiles
1683 4410 1793 4464 essent
1813 4399 1964 4465 omnibns
1991 4402 2190 4480 nationibus,

192 4478 410 4560 quadraginta
438 4500 541 4543 annos
570 4481 661 4544 nulla
691 4490 762 4546 erat
795 4482 949 4546 ecclesiae
983 4481 1099 4546 facies:
1133 4491 1166 4546 et
1217 4483 1371 4566 prostrati
1395 4484 1491 4546 etiam
1514 4485 1678 4549 interdum
1708 4484 1851 4549 iacerent
1873 4485 1934 4549 sub
1954 4486 2094 4569 pedibus
2116 4488 2191 4554 hus·

192 4565 344 4645 quamvis
374 4585 485 4629 semen
514 4565 646 4648 aliquod
680 4567 816 4632 haberet
849 4566 1020 4644 Dominus,
1054 4575 1163 4631 tamen
1219 4571 1309 4646 tium,
1332 4589 1391 4634 nec
1414 4590 1550 4652 usquam
1573 4571 1732 4635 auxilium
1753 4580 1941 4653 appareret:
1963 4570 2060 4637 evehi
2081 4584 2190 4638 tamen

191 4650 240 4714 ita
261 4651 430 4714 confusum
453 4664 549 4730 atque
571 4652 723 4716 obrutum
746 4662 817 4718 arat
838 4661 874 4717 ut
895 4663 1006 4719 certus
1025 4652 1088 4715 Dei
1111 4672 1166 4733 pc·
1217 4654 1258 4719 ad
1281 4653 1395 4730 cocles,
1422 4665 1454 4718 ct
1474 4654 1574 4720 locari
1605 4657 1638 4719 in
1662 4656 1727 4720 Dei
1756 4676 1865 4720 manu.
1910 4654 2085 4740 Significat
2114 4678 2190 4744 erge

193 4735 290 4816 pulus
304 4757 368 4799 non
385 4745 567 4816 appareret.
596 4736 693 4802 Nunc
711 4739 855 4803 restituit
873 4737 1026 4803 ecclesiae
1045 4758 1164 4802 nomen
1219 4740 1384 4823 pupulum,
1412 4741 1541 4806 tametsi
1564 4740 1605 4804 ad
1636 4754 1763 4821 tempus
1792 4742 1837 4807 sit
1864 4742 1970 4807 instar
1998 4744 2190 4827 repudiatae

192 4841 290 4884 auum
312 4842 412 4902 quum
434 4842 505 4884 eam
530 4823 629 4885 verbo
657 4825 818 4908 evangelii
847 4824 1048 4906 aggregavit.
1094 4823 1165 4888 Hoc
1189 4836 1192 4891 ἲ
1218 4847 1255 4890 ac
1278 4824 1449 4890 derelictae
1472 4826 1626 4903 mulieris,
1656 4839 1765 4891 tamen
1789 4828 1834 4891 ita
1863 4828 2054 4894 restitutum
2084 4831 2126 4895 iri
2155 4839 2192 4894 ut

192 4906 296 4988 igitur
323 4907 532 4989 magnificum
556 4908 618 4972 Dei
648 4930 729 4991 opus
760 4931 817 4975 nos
845 4911 878 4973 in
910 4929 947 4973 eo
974 4909 1165 4974 confirmare
1190 4943 1193 5005 p
1217 4911 1433 4976 conditionem
1457 4933 1493 4977 ac
1515 4933 1632 4976 nomen
1661 4922 1778 4977 mutat:
1810 4932 1847 4976 ιο
1873 4915 1901 4977 si
1923 4911 2055 4994 diceret,
2079 4916 2191 4998 Repu·

193 4990 297 5071 debet,
320 5002 356 5055 ut
378 4994 519 5057 sciamus
541 4993 648 5074 ipsum
672 5015 838 5076 nunquam
862 4994 1014 5060 ecclesiae
1038 4994 1164 5058 defutu-
1189 5015 1193 5106 p
1218 4998 1307 5060 dium
1330 4997 1390 5061 hoc
1413 5008 1603 5078 perpetuum
1629 5000 1794 5061 nouerit:
1824 4998 1917 5063 Dens
1939 5010 1971 5064 te
1993 5001 2129 5065 tandem
2152 5002 2192 5064 ad

194 5095 283 5139 rum:
313 5088 347 5141 et
368 5080 517 5160 quamvis
540 5101 597 5144 nos
619 5078 798 5144 maledictis
820 5081 964 5145 lacerent
987 5078 1087 5161 impii,
1111 5102 1164 5146 su·
1189 5118 1191 5143 l
1218 5104 1252 5146 se
1275 5082 1416 5163 recipiet.
1462 5084 1605 5147 Tametsi
1628 5103 1705 5164 argu
1727 5084 1853 5148 abiecta
1872 5084 2022 5150 videatur
2044 5088 2190 5164 ecelesia,

193 5161 317 5243 gillent,
334 5174 526 5245 conspuant,
544 5164 712 5246 modisque
730 5167 880 5231 omnibus
899 5167 1027 5230 foedare
1045 5187 1163 5231 conen·
1189 5146 1192 5195 Ι
1218 5175 1316 5251 atque
1338 5171 1474 5250 speeiem
1498 5180 1589 5250 gerat
1609 5169 1755 5232 mulieris
1773 5168 1969 5251 repudiatae,
1994 5183 2107 5237 tamen
2126 5172 2192 5237 Do-

193 5257 258 5325 tur,
286 5249 530 5315 meminerimus
552 5249 624 5316 Deo
653 5251 787 5317 minime
814 5251 896 5333 eripi
919 5252 968 5316 ius
991 5271 1098 5328 suum,
1129 5262 1165 5316 ut
1189 5200 1193 5306 l
1218 5254 1328 5319 minus
1358 5258 1524 5318 aerumnis
1554 5255 1623 5318 eins
1657 5276 1694 5321 ac
1728 5255 1866 5320 miseriis
1899 5258 2001 5322 linem
2034 5259 2191 5341 imponet.
