4784 5970
195 395 256 461 261
1058 395 1209 464 CAPUT
1230 396 1327 465 LIII.
2125 397 2190 464 262

197 588 304 652 varios
327 604 442 651 sensus
464 592 586 660 tracta,
619 596 652 648 et
685 583 775 665 quasi
805 583 946 648 lacerata
976 584 1046 648 fuit.
1091 584 1165 650 Hoc
1217 585 1281 649 fuit
1303 584 1464 651 Christus.
1498 584 1565 650 Sed
1589 585 1688 650 nimie
1709 596 1819 651 coacta
1841 598 1891 652 cst
1913 586 2070 653 eiusmodi
2087 588 2189 652 inter·

198 673 267 738 loco
289 671 507 737 abutebantur
530 678 656 735 veteres
678 669 835 733 adversus
858 669 1033 746 Arrianus,
1064 688 1166 751 quum
1218 673 1366 753 pretatic.
1413 671 1483 756 Ego
1505 671 1612 751 potius
1635 672 1813 755 genuinum
1839 673 1927 739 hunc
1956 692 2026 738 osse
2055 693 2189 737 sensum

198 767 363 824 aeternam
403 754 526 820 Christi
566 756 809 837 generationem
850 753 986 836 probare
1033 754 1165 820 vellent.
1218 756 1376 836 arbitror,
1410 756 1494 838 quod
1519 756 1609 822 Deus
1633 769 1725 838 pater
1754 757 1923 823 Christum
1954 757 2125 824 tradiderit
2154 760 2187 822 in

200 843 264 911 Sed
288 841 502 926 apertioribus
524 841 703 922 scripturae
720 840 915 904 testimoniis
937 840 1081 905 contenti
1096 861 1167 906 esse
1218 861 1337 906 manus
1360 843 1544 924 impiorum.
1582 841 1677 922 Quod
1700 843 1821 926 subdit,
1842 848 1870 909 ef
1891 843 1997 921 diviti,
2020 843 2189 927 singulare

200 930 393 995 debuerunt:
428 947 471 990 ns
499 947 534 991 ss
567 924 722 990 ridiculos
756 926 929 990 haereticis
962 927 1166 1007 praeberent,
1219 939 1302 1002 stetu
1337 949 1394 1010 prc
1429 928 1548 1010 plurali
1581 939 1701 1005 oritur
1735 949 1806 994 esso
1838 939 1929 1079 puto:
1964 940 2003 994 ot
2035 931 2189 1011 frequens

200 1017 253 1096 qui
276 1015 338 1078 hae
359 1012 527 1078 occasione
541 1011 707 1075 interdum
723 1012 959 1094 pervicaciores
974 1011 1184 1096 redduntur.
1219 1011 1381 1078 Hebraeis
1415 1033 1487 1078 esse
1520 1013 1611 1079 solet
1654 1012 1721 1079 Cur
1749 1013 1837 1080 Oeen
1852 1015 2021 1098 ampodius
2054 1016 2190 1080 verterit

199 1101 357 1182 Exceptio
379 1101 464 1164 enim
488 1106 637 1179 prompta
659 1108 737 1174 erat,
772 1096 961 1180 prophetam
986 1097 1026 1160 de
1049 1096 1110 1164 hac
1131 1118 1168 1162 re
1219 1097 1375 1177 Excelsa,
1410 1119 1470 1181 ego
1498 1119 1576 1163 sanc
1606 1119 1670 1163 non
1699 1100 1800 1165 video.
1847 1102 1975 1165 Diuites
2004 1109 2115 1165 autem
2141 1101 2190 1164 in·

198 1209 265 1252 non
288 1186 457 1270 cogitasse.
502 1182 760 1266 chrysostomus
782 1182 883 1247 refert
912 1182 952 1247 ad
983 1182 1169 1247 humanita·
1220 1181 1339 1267 telligit
1371 1186 1547 1250 violentos:
1580 1186 1732 1267 quoniam
1760 1187 1908 1251 homines
1937 1186 2121 1250 efferuntur
2149 1185 2189 1250 ch

200 1285 265 1338 tem
289 1270 431 1347 Christi,
465 1269 550 1351 quod
574 1267 769 1333 mirabiliter
791 1267 912 1350 absque
935 1270 1023 1332 virili
1045 1269 1168 1333 semine
1220 1267 1351 1335 divitias
1373 1282 1406 1335 et
1429 1269 1644 1349 insolescunt,
1674 1287 1771 1353 atque
1793 1272 1907 1354 opibus
1929 1273 1998 1337 suis
2020 1271 2061 1336 ad
2084 1271 2189 1336 saevi-

199 1361 234 1423 in
256 1368 348 1422 utero
372 1355 507 1438 virginis
525 1366 700 1437 conceptus
721 1353 779 1419 sit:
812 1353 869 1418 sed
896 1354 1010 1435 procul
1032 1354 1169 1419 discedit
1221 1355 1300 1420 tiam
1340 1365 1374 1420 et
1406 1354 1631 1421 crudelitatem
1666 1355 1853 1422 abutuntur.
1909 1360 2019 1439 Atque
2051 1358 2099 1421 ita
2130 1377 2190 1440 per

199 1443 417 1527 aprcphetae
445 1440 614 1506 sententia.
658 1439 726 1504 Alii
757 1449 874 1521 putant
905 1439 1026 1504 Isaiam
1055 1440 1168 1504 invehi
1220 1440 1333 1523 impios
1366 1442 1532 1507 etdicites
1564 1441 1649 1507 idem
1684 1443 1863 1526 significari
1896 1454 1984 1525 puto.
2029 1442 2189 1525 intelligit

200 1532 234 1595 in
259 1531 327 1593 eius
349 1527 464 1592 aetatis
486 1526 636 1591 homiues
659 1526 714 1608 qui
737 1524 905 1590 Christum
922 1525 1167 1591 crucifixerunt.
1219 1550 1298 1612 ergo
1320 1527 1489 1592 Christum
1512 1528 1688 1592 obnoxium
1718 1528 1819 1593 fuisse
1847 1528 2070 1606 contumeliis,
2101 1528 2188 1592 insc-

200 1617 266 1682 Alii
288 1614 434 1678 referunt
455 1610 495 1675 ad
523 1613 746 1692 posteritatem
776 1631 858 1693 quae
887 1608 1051 1694 gignenda
1080 1619 1168 1674 erut:
1219 1614 1339 1679 lentiae
1361 1623 1394 1677 et
1422 1613 1547 1677 libidini
1578 1614 1763 1695 impiorum.
1808 1614 1892 1679 Nam
1917 1614 1995 1679 hinc
2017 1612 2188 1678 Pharisaei

199 1722 326 1783 nempe,
348 1699 433 1782 quod
457 1696 614 1762 foecunda
636 1698 746 1762 futura
765 1698 809 1760 sit
831 1697 937 1778 proles
959 1697 1093 1774 Christi,
1115 1714 1168 1760 ut·
1220 1710 1252 1765 et
1273 1697 1457 1764 sacerdotes
1486 1699 1621 1763 effraeni
1652 1699 1740 1764 rabie
1773 1699 1807 1763 in
1840 1700 1946 1782 ipsum
1976 1701 2122 1773 irruunt,
2156 1705 2189 1763 ct

199 1807 325 1868 cunque
346 1784 515 1849 moriatur.
560 1780 626 1847 Sed
650 1802 750 1863 quum
773 1792 826 1849 'tt't
855 1788 994 1847 aetatem
1017 1782 1088 1847 sive
1111 1781 1167 1846 du·
1219 1786 1372 1849 atrociter
1393 1785 1628 1848 convitiantur:
1653 1785 1743 1850 illinc
1764 1787 1926 1849 concitata
1941 1785 2033 1867 plebs
2048 1783 2189 1850 assiduis

199 1875 360 1938 rationem
393 1870 569 1952 significet,
611 1889 677 1932 nou
710 1866 822 1932 dubito
864 1869 943 1949 quin
983 1867 1024 1932 de
1064 1877 1169 1931 aetate
1219 1869 1415 1937 elamoribus
1437 1871 1542 1952 ipsum
1566 1870 1606 1933 ad
1631 1883 1766 1935 mortem
1793 1871 1946 1954 deposcit.
1991 1870 2080 1934 Hinc
2103 1870 2189 1934 Pila·

201 1958 323 2026 Christi
346 1956 507 2039 loquatur,
531 1966 568 2016 ut
590 1953 752 2036 significet
771 1952 951 2033 Christum,
974 1953 1050 2017 licet
1071 1974 1170 2035 augo·
1221 1966 1291 2036 tus,
1324 1956 1400 2019 lieet
1425 1955 1631 2020 innocentiae
1660 1957 1730 2021 eius
1764 1956 1846 2021 hene
1876 1957 2040 2031 conscius,
2075 1964 2189 2020 contra

199 2045 289 2109 ribus
311 2042 379 2106 fere
401 2041 563 2117 obrutum,
594 2061 659 2104 non
683 2039 785 2103 solum
809 2042 848 2103 ab
872 2039 923 2104 hie
946 2050 1094 2121 ereptum
1117 2039 1168 2115 iri,
1220 2043 1269 2107 ius
1292 2053 1324 2105 st
1346 2042 1394 2105 fae
1415 2042 1521 2123 ipsum
1545 2042 1757 2107 condemnat:
1790 2042 1880 2108 illinc
1902 2042 2044 2106 Romani
2066 2042 2188 2106 milites

199 2131 255 2195 sed
278 2129 377 2193 etiam
400 2136 538 2192 aetatem
560 2126 663 2206 ipsius
678 2134 926 2207 permanentem
942 2137 1041 2207 atquc
1064 2140 1169 2189 aeter·
1220 2129 1260 2192 ad
1284 2148 1380 2192 omne
1398 2126 1554 2192 saevitiae
1576 2147 1682 2209 genus
1697 2129 1803 2209 parati
1821 2127 1984 2192 crudelem
2006 2138 2039 2190 ct
2053 2126 2188 2208 impiam

200 2238 274 2282 nam
297 2215 439 2277 futuram
463 2231 549 2275 esse:
573 2210 670 2294 longe
692 2210 814 2275 scilieet
835 2211 1015 2276 absimilem
1039 2210 1106 2275 fore
1127 2211 1167 2274 ab
1219 2214 1414 2278 sententiam
1444 2213 1619 2277 crudeliter
1642 2225 1675 2276 et
1697 2214 1795 2294 impie
1825 2219 2059 2294 exsequuntur.
2105 2210 2189 2291 Quis

200 2304 240 2366 iis
263 2301 317 2383 qui
341 2320 360 2362 a
382 2309 485 2361 morte
507 2294 638 2378 quidem
661 2297 853 2378 eripiuntur,
886 2296 943 2362 sed
967 2307 1077 2379 postea
1098 2316 1167 2359 mo·
1218 2300 1307 2364 inter
1329 2298 1480 2363 scelestas
1503 2310 1535 2362 et
1558 2300 1784 2381 sanguinarias
1806 2299 1885 2364 istas
1904 2318 2019 2362 manus
2034 2296 2188 2362 obrutum

200 2388 305 2453 rituri.
359 2382 555 2450 Resurrexit
594 2381 681 2446 euim
716 2381 885 2460 Christus,
926 2384 960 2445 iu
998 2388 1166 2447 aeternum
1220 2405 1256 2449 ac
1278 2384 1442 2466 sepultum
1464 2383 1632 2449 Christum
1657 2405 1721 2448 ncn
1739 2383 1883 2461 iudicet?
1908 2383 1963 2449 Sic
1981 2384 2067 2448 euim
2085 2383 2188 2463 sepul·

199 2475 360 2539 victurus:
395 2489 455 2534 nee
476 2468 541 2531 iam
565 2465 615 2550 (ut
643 2470 749 2549 iuquit
779 2468 903 2533 Paulus
934 2465 1044 2554 [Rom.
1068 2469 1097 2546 6,
1120 2466 1168 2551 91)
1219 2491 1306 2536 mam
1330 2471 1383 2535 hie
1406 2469 1624 2550 metaphorice
1639 2471 1770 2552 accipio,
1794 2469 1880 2552 quod
1897 2470 1989 2552 impii
2004 2479 2038 2533 et
2052 2469 2188 2534 violenti

199 2559 281 2624 mori
305 2566 425 2639 potest:
458 2575 518 2619 nec
541 2574 628 2617 mors
651 2554 737 2616 ultra
765 2554 794 2617 ei
825 2553 1052 2618 dominabitur.
1096 2553 1168 2616 Me·
1220 2577 1295 2620 eum
1313 2556 1416 2619 veluti
1431 2556 1609 2619 obruerint.
1642 2556 1728 2620 Nam
1744 2557 1771 2619 si
1790 2556 1862 2638 quis
1876 2556 2008 2620 obiiciat
2020 2554 2187 2620 Christum

201 2645 392 2708 minerimus
432 2650 542 2703 tamen
584 2637 772 2720 prophetam
808 2659 872 2702 non
907 2639 994 2720 loqui
1026 2638 1065 2702 dc
1099 2636 1167 2702 sola
1220 2641 1394 2706 honorifice
1427 2640 1598 2705 humatum
1631 2661 1719 2706 esse:
1759 2641 1955 2721 respondeo,
1988 2641 2188 2722 sepulturam

201 2729 324 2795 Christi
348 2746 502 2810 persona,
532 2723 588 2789 sed
609 2723 779 2804 complecti
802 2725 993 2789 universum
1016 2724 1167 2788 eeclesiae
1220 2726 1310 2790 illem
1342 2727 1439 2791 fuisse
1469 2727 1597 2789 initium
1621 2728 1778 2808 gloriosae
1801 2726 2067 2791 resurrectionis:
2101 2745 2188 2790 nunc

201 2835 332 2897 corpus,
366 2810 450 2894 quod
483 2830 651 2890 nunquam
681 2829 700 2872 a
727 2808 859 2873 Christo
888 2810 1032 2892 separari
1064 2809 1166 2874 debet.
1221 2833 1297 2876 vero
1320 2811 1359 2876 de
1382 2821 1487 2875 morte
1511 2812 1572 2895 agi,
1596 2832 1678 2893 quae
1699 2831 1796 2893 saepe
1812 2811 2189 2895 persepulerumsigui·

201 2899 408 2965 Praeclarum
431 2896 532 2979 igitur
550 2896 769 2959 testimonium
785 2893 944 2960 habemus
960 2895 1000 2959 ds
1015 2895 1168 2960 ccclesias
1220 2900 1345 2963 fieatur.
1380 2896 1480 2961 Hunc
1501 2918 1579 2981 ergo
1600 2898 1780 2980 genuinum
1798 2896 1937 2961 arbitror
1953 2918 2023 2961 esse
2038 2917 2187 2962 sensum:

200 2986 426 3069 perpetuitate.
471 2982 518 3048 Ut
539 2981 627 3043 enim
650 2981 733 3044 vivit
755 2982 789 3044 in
812 2992 979 3046 aeternum
1003 2980 1166 3056 Christus,
1221 2985 1350 3048 tametsi
1372 2982 1512 3047 liberum
1535 2983 1651 3064 cuique
1675 2982 1831 3047 iudicium
1855 2983 1992 3063 relinqui
2015 2981 2098 3047 volo.

201 3075 247 3136 ita
270 3089 407 3152 regnum
429 3067 483 3132 hio
505 3087 600 3131 suum
623 3065 757 3129 interire
787 3088 851 3131 non
881 3068 976 3132 sinet.
1021 3066 1166 3131 Tandem
1305 3067 1474 3216 §Quemvis
1495 3067 1712 3155 iniquitatem.)
1756 3053 1796 3145 ὃν
1819 3067 1982 3151 siguificat
2003 3067 2107 3148 Quia:
2132 3066 2189 3133 sed

201 3159 240 3223 ad
254 3155 383 3239 singula
403 3153 550 3218 membre
568 3151 679 3215 cadem
701 3152 927 3217 immortalitas
945 3152 1087 3233 aptanda
1109 3161 1166 3215 est.
1220 3154 1305 3218 inter
1329 3175 1383 3217 um
1407 3174 1465 3235 pro
1487 3154 1693 3220 adversativa
1714 3155 1850 3236 capitur,
1873 3164 1910 3218 ut
1927 3153 2081 3218 hocloco.
2123 3153 2189 3219 Hic

286 3240 456 3327 (Quoniam
477 3235 639 3320 mace.)
681 3235 755 3303 Hoc
776 3239 905 3319 quidem
930 3239 1036 3319 prima
1063 3237 1168 3319 specie
1222 3261 1298 3304 vero
1320 3239 1479 3324 propheta
1501 3241 1706 3306 commendat
1728 3240 1948 3305 innocentiam
1968 3239 2103 3317 Christi,
2125 3260 2190 3303 nou

201 3328 376 3393 absurdum
402 3325 503 3389 videri
526 3336 644 3405 posset,
667 3335 806 3388 mortem
830 3323 953 3389 Christi
977 3324 1070 3389 nobis
1091 3343 1168 3389 cau·
1220 3336 1349 3391 tantum
1365 3337 1402 3390 ut
1419 3327 1524 3408 ipsum
1541 3347 1560 3390 a
1575 3326 1737 3392 calumnia
1753 3326 1903 3404 vindicet,
1923 3324 1979 3390 sed
1996 3334 2032 3388 ut
2046 3326 2189 3390 fructum

201 3435 269 3478 sam
293 3433 365 3477 esse
386 3425 420 3476 et
445 3409 568 3474 fontem
597 3412 697 3472 vitae:
730 3409 785 3474 sed
816 3410 892 3492 quia
926 3430 1063 3492 poenam
1094 3408 1169 3473 tulit
1221 3414 1335 3477 mortis
1357 3412 1458 3496 ipsius
1482 3412 1700 3490 commendet,
1729 3434 1771 3476 ue
1802 3413 1935 3476 fortuito
1957 3430 2090 3492 passum
2119 3432 2190 3476 esse

201 3511 385 3566 nostrorum
408 3496 576 3571 scelerum,
599 3493 670 3558 ideo
692 3495 953 3560 transferendum
977 3495 1017 3559 ad
1041 3516 1098 3559 nos
1121 3504 1169 3558 est
1221 3499 1425 3562 arbitremur.
1447 3496 1610 3562 Innocens
1623 3497 1805 3580 potiebatur
1816 3497 1945 3560 decreto
1959 3494 2038 3559 Dei:
2052 3517 2118 3560 non
2130 3517 2191 3561 sua

201 3584 357 3668 quidquid
381 3594 516 3665 apparet
537 3581 571 3645 in
594 3600 688 3646 crues
712 3579 885 3645 dedecoris.
918 3580 1054 3645 Interim
1080 3580 1169 3643 miri·
1220 3584 1324 3666 igitur
1345 3604 1443 3648 causa
1471 3584 1672 3666 patiebatur,
1706 3583 1762 3646 sed
1796 3591 1916 3645 nostra.
1962 3579 2072 3645 Solvit
2101 3583 2189 3647 enim

200 3674 261 3736 fica
284 3670 319 3733 in
342 3668 474 3734 Christo
503 3666 568 3730 Dei
598 3667 722 3730 bouitas
750 3668 887 3743 relucet,
921 3686 1003 3747 quac
1030 3666 1168 3748 gloriam
1221 3688 1340 3750 poenas
1363 3668 1479 3749 quibus
1502 3670 1562 3749 ipei
1592 3669 1723 3733 obnoxii
1753 3687 1893 3732 eramus.
1937 3666 2105 3748 Exprimit
2134 3688 2189 3732 au·

202 3759 271 3821 eius
293 3756 501 3837 conspicuam
523 3751 617 3817 nobie
645 3751 765 3827 reddit,
799 3762 836 3815 ut
864 3753 898 3815 in
929 3753 999 3816 eius
1028 3751 1168 3814 admire-
1221 3767 1284 3817 tem
1310 3754 1436 3818 duobus
1458 3754 1566 3818 verbis
1596 3755 1772 3836 perlectam
1805 3752 2025 3818 innocentiam
2048 3752 2189 3819 Christ-i:

201 3844 322 3906 tionem
345 3861 403 3904 nos
426 3839 496 3920 rapi
519 3838 702 3902 conveniat.
740 3837 890 3916 Proinde,
913 3838 1028 3901 iterum
1052 3837 1169 3916 repetit
1221 3860 1345 3920 nempe,
1369 3839 1452 3920 quod
1476 3859 1581 3920 neque
1603 3841 1702 3915 facto,
1737 3858 1845 3920 noque
1875 3839 1974 3903 verbo
2002 3838 2069 3902 ulla
2095 3840 2129 3904 iu
2152 3861 2189 3905 re

197 3932 329 4008 propter
350 3924 472 3988 scelera
495 3922 606 4004 populi
629 3922 812 4003 impositam
835 3923 865 3986 ei
893 3924 992 3987 fuisse
1023 3921 1168 4005 plagam:
1221 3926 1400 4006 impegerit.
1434 3923 1507 3988 Hoc
1529 3935 1616 3990 certe
1639 3923 1678 3988 de
1701 3923 1790 3989 nullo
1808 3924 1994 3988 mortalium
2014 3925 2077 3990 diei
2096 3946 2189 4007 posse

201 4022 240 4077 ut
263 4011 436 4093 diligenter
463 4008 702 4072 consideremus
731 4009 837 4089 ipsum
872 4030 937 4072 non
972 4028 1031 4072 sua
1063 4028 1169 4086 cause,
1220 4012 1371 4074 omnibus
1390 4011 1423 4073 iu
1442 4010 1589 4075 confesso
1607 4019 1667 4076 est.
1699 4009 1859 4091 Sequitur
1877 4030 1954 4092 ergo
1971 4011 2006 4074 in
2018 4010 2189 4077 Christum

202 4097 258 4163 sed
283 4108 394 4161 nostra
426 4114 555 4175 passum
586 4113 666 4156 esse.
710 4094 837 4158 Poenas
867 4096 952 4158 enim
983 4093 1059 4158 tulit
1089 4113 1169 4173 quae
1221 4096 1324 4161 solum
1348 4106 1540 4176 competere.

202 4184 294 4248 nobis
316 4179 525 4264 perferendae
547 4189 656 4254 crant,
692 4180 752 4243 uisi
775 4180 923 4262 opposita
951 4180 1066 4243 fuisset
1090 4180 1170 4242 haee
1310 4182 1358 4246 10.
1382 4180 1506 4264 (Voluit
1526 4181 1651 4266 tomen.)
1696 4181 1784 4245 Hiuc
1806 4180 1926 4245 clarius
1948 4192 2084 4265 apparet
2101 4185 2189 4267 quod

202 4269 353 4351 expiatio.
407 4262 624 4350 Agnoscenda
655 4274 704 4328 est
744 4265 778 4326 iu
818 4266 910 4330 nobis
947 4264 1041 4346 culpa
1077 4265 1169 4330 euius
1221 4267 1365 4332 breviter
1387 4268 1497 4349 attigi:
1531 4288 1646 4348 nempe
1669 4267 1796 4346 longius
1822 4275 1968 4348 speetsrc
1998 4270 2188 4353 prophetam

202 4357 270 4435 ipse
302 4364 428 4419 reatum
463 4360 496 4415 et
528 4368 666 4432 poenam
701 4350 872 4427 sustinuit,
913 4371 1013 4431 seque
1052 4351 1169 4414 obtulit
1221 4354 1253 4416 in
1279 4353 1494 4434 praedicanda
1511 4352 1635 4418 Christi
1658 4353 1851 4428 innocentia,
1876 4373 1973 4434 quam
1995 4367 2033 4418 ut
2054 4377 2128 4420 eum
2148 4356 2189 4421 ab

203 4451 314 4503 nostro
334 4441 464 4503 nomino
486 4456 595 4502 coram
620 4445 720 4516 patre,
751 4446 787 4497 ut
809 4436 878 4500 eius
900 4436 1169 4500 condemnatione
1220 4439 1310 4503 omni
1332 4439 1449 4520 probro
1472 4439 1625 4504 vindicet.
1660 4440 1710 4502 Eo
1733 4438 1835 4520 igitur
1857 4449 1981 4520 spectat
2003 4448 2041 4502 ut
2057 4461 2187 4507 eausam

202 4524 418 4589 absolvamur.
1221 4526 1324 4606 ipsam
1348 4535 1551 4606 reputemus,
1584 4545 1647 4605 quo
1676 4525 1812 4588 effectus
1842 4524 1883 4588 ad
1912 4544 1971 4589 nos
2001 4529 2187 4606 perveniat:

287 4609 316 4673 9.
341 4608 396 4693 (Et
417 4607 582 4693 exposuit.)
626 4605 734 4671 Vertit
757 4606 997 4691 Hieronymus,
1028 4612 1055 4673 et
1082 4607 1170 4671 dedit
1221 4609 1302 4673 nihil
1326 4611 1413 4673 enim
1436 4619 1559 4675 temere
1580 4611 1695 4675 statuit
1717 4608 1823 4674 Deus:
1857 4609 1944 4675 unde
1965 4613 2121 4692 sequitur,
2145 4612 2190 4678 le·

202 4697 317 4777 impios
340 4715 399 4777 pro
420 4693 605 4774 sepultura:
629 4713 666 4758 ac
688 4693 898 4777 siupropheta
921 4694 1107 4775 loqueretur
1130 4694 1169 4757 de
1221 4697 1369 4778 gitimsm
1393 4697 1506 4760 mortis
1529 4698 1600 4761 eius
1622 4715 1752 4759 causam
1776 4716 1857 4761 esse.
1891 4698 2001 4778 Atque
2019 4699 2189 4763 retinenda

203 4801 305 4864 poena
327 4801 391 4863 qua
413 4780 574 4843 Dominus
597 4778 684 4844 ultus
706 4785 757 4842 est
779 4780 951 4860 impiorum
976 4780 1089 4856 scelus,
1114 4781 1168 4861 qui
1221 4788 1271 4844 est
1304 4780 1491 4845 antithesis:
1526 4782 1567 4844 Io
1598 4782 1731 4846 Christo
1764 4782 1845 4846 nihil
1879 4784 1992 4863 culpae
2022 4783 2097 4860 fuit,
2131 4806 2188 4850 our

202 4868 372 4932 Christum
405 4864 647 4930 crucifixerunt.
703 4864 769 4930 Sed
805 4867 912 4948 potius
954 4866 1097 4946 loquitur
1130 4864 1169 4928 de
1220 4886 1298 4948 ergo
1317 4865 1409 4930 Deus
1431 4868 1537 4948 ipsum
1560 4867 1628 4947 pati
1647 4866 1774 4932 voluit?
1798 4870 1873 4949 quia
1891 4889 2022 4933 causam
2042 4878 2186 4933 nostram

202 4965 306 5017 morte
324 4950 464 5028 Christi,
499 4961 529 5013 et
552 4951 622 5014 eius
643 4951 768 5026 fructu,
803 4973 862 5014 uec
893 4950 1048 5015 ultionem
1077 4949 1167 5014 illam
1219 4951 1415 5016 sustinebat:
1449 4973 1553 5034 neque
1575 4953 1669 5016 aliter
1691 4974 1788 5036 quam
1811 4956 1880 5017 cius
1903 4963 2008 5017 morte
2035 4956 2188 5020 satisfieri

202 5037 343 5122 attingit.
388 5037 454 5101 Alii
478 5035 668 5118 particulam
691 5050 738 5103 titt
768 5036 988 5100 similitudinis
1017 5057 1086 5099 esse
1110 5058 1167 5118 pu·
1221 5048 1345 5118 poterat
1368 5037 1484 5103 iudicio
1505 5040 1608 5119 ipsius
1626 5038 1700 5105 Dei.
1735 5052 1821 5115 natu,
1845 5040 2007 5121 signifieat
2024 5052 2057 5102 et
2077 5061 2188 5122 pecca·

202 5131 287 5206 taut,
316 5131 353 5186 ut
370 5137 405 5190 2:
441 5120 541 5186 Dedit
563 5121 747 5202 sepulcrum
772 5124 841 5186 eius
871 5123 954 5185 sicut
984 5122 1167 5202 impiorum.
1220 5132 1289 5185 tum
1313 5132 1346 5186 et
1368 5123 1534 5187 victimam
1557 5146 1640 5207 quae
1659 5126 1796 5189 offertur
1814 5146 1872 5206 pro
1891 5134 2035 5206 peceato:
2060 5148 2096 5191 ac
2119 5148 2187 5192 sae·

202 5210 268 5274 Alii
295 5223 342 5276 l'ttt
373 5210 631 5290 interpretantur
664 5227 747 5271 mon:
779 5213 805 5271 et
843 5208 968 5272 diuitem
1001 5218 1169 5290 exponunt
1220 5209 1338 5287 piusiu
1352 5211 1530 5291 posteriore
1541 5211 1777 5295 significatione
1791 5211 1949 5293 accipitur
1960 5211 1995 5273 iu
2007 5214 2186 5295 seripturis.

201 5294 374 5378 Iosephum
399 5296 440 5360 ab
464 5292 655 5369 Arimathia,
679 5294 713 5356 in
736 5295 827 5358 euius
849 5294 998 5376 sepulcro
1019 5293 1168 5358 conditus
1220 5292 1277 5359 Sic
1299 5295 1387 5359 enim
1408 5296 1605 5362 offerebatur
1627 5298 1760 5362 victima
1782 5307 1819 5359 ut
1840 5296 1965 5379 peceati
1994 5319 2132 5380 poenam
2155 5310 2187 5364 et

1933 5397 1984 5451 17·
