<?xml version="1.0" encoding="UTF-8"?>
<!DOCTYPE html PUBLIC "-//W3C//DTD XHTML 1.0 Transitional//EN"
    "http://www.w3.org/TR/xhtml1/DTD/xhtml1-transitional.dtd">
<html xmlns="http://www.w3.org/1999/xhtml" xml:lang="en" lang="en">
 <head>
  <title>
</title>
<meta http-equiv="Content-Type" content="text/html;charset=utf-8" />
  <meta name='ocr-system' content='tesseract 3.04.00' />
  <meta name='ocr-capabilities' content='ocr_page ocr_carea ocr_par ocr_line ocrx_word'/>
</head>
<body>
  <div class='ocr_page' id='page_1' title='image "./corpusreformato04melagoog_0267.png"; bbox 0 0 4784 5970; ppageno 0'>
   <div class='ocr_carea' id='block_1_1' title="bbox 187 342 2201 413">
    <p class='ocr_par' dir='ltr' id='par_1_1' title="bbox 187 342 2201 413">
     <span class='ocr_line' id='line_1_1' title="bbox 187 342 2201 413; baseline -0.001 0"><span class='ocrx_word' id='word_1_1' title='bbox 187 347 254 413; x_wconf 83' lang='lat'>503</span> <span class='ocrx_word' id='word_1_2' title='bbox 995 343 1383 411; x_wconf 79' lang='lat' dir='ltr'>PRAELIIO&#39;PIONES</span> <span class='ocrx_word' id='word_1_3' title='bbox 2129 342 2201 410; x_wconf 81' lang='lat'>504</span> 
     </span>
    </p>
   </div>
   <div class='ocr_carea' id='block_1_2' title="bbox 189 529 2198 1045">
    <p class='ocr_par' dir='ltr' id='par_1_2' title="bbox 189 529 2198 1045">
     <span class='ocr_line' id='line_1_2' title="bbox 189 529 2197 620; baseline -0.003 -20"><span class='ocrx_word' id='word_1_4' title='bbox 189 535 252 600; x_wconf 87' lang='lat' dir='ltr'>luit</span> <span class='ocrx_word' id='word_1_5' title='bbox 273 536 450 620; x_wconf 81' lang='lat' dir='ltr'>indignitas</span> <span class='ocrx_word' id='word_1_6' title='bbox 473 532 672 612; x_wconf 85' lang='lat' dir='ltr'>defectionis,</span> <span class='ocrx_word' id='word_1_7' title='bbox 695 553 795 615; x_wconf 92' lang='lat' dir='ltr'>quum</span> <span class='ocrx_word' id='word_1_8' title='bbox 818 531 957 614; x_wconf 90' lang='lat' dir='ltr'>populus</span> <span class='ocrx_word' id='word_1_9' title='bbox 979 531 1049 613; x_wconf 91' lang='lat' dir='ltr'>ipse</span> <span class='ocrx_word' id='word_1_10' title='bbox 1070 551 1160 614; x_wconf 91' lang='lat' dir='ltr'>spre-</span> <span class='ocrx_word' id='word_1_11' title='bbox 1214 532 1354 614; x_wconf 91' lang='lat' dir='ltr'>populus</span> <span class='ocrx_word' id='word_1_12' title='bbox 1376 530 1441 596; x_wconf 89' lang='lat' dir='ltr'>Dei</span> <span class='ocrx_word' id='word_1_13' title='bbox 1462 529 1642 596; x_wconf 90' lang='lat' dir='ltr'>vindictam</span> <span class='ocrx_word' id='word_1_14' title='bbox 1671 529 1705 596; x_wconf 93' lang='lat' dir='ltr'>in</span> <span class='ocrx_word' id='word_1_15' title='bbox 1729 550 1763 596; x_wconf 89' lang='lat' dir='ltr'>se</span> <span class='ocrx_word' id='word_1_16' title='bbox 1785 529 2030 614; x_wconf 89' lang='lat' dir='ltr'>provocaverit,</span> <span class='ocrx_word' id='word_1_17' title='bbox 2061 529 2118 595; x_wconf 89' lang='lat' dir='ltr'>ubi</span> <span class='ocrx_word' id='word_1_18' title='bbox 2149 530 2197 594; x_wconf 86' lang='lat' dir='ltr'>ita</span> 
     </span>
     <span class='ocr_line' id='line_1_3' title="bbox 190 616 2196 701; baseline -0.002 -16"><span class='ocrx_word' id='word_1_19' title='bbox 190 621 240 685; x_wconf 91' lang='lat' dir='ltr'>vit</span> <span class='ocrx_word' id='word_1_20' title='bbox 274 630 399 685; x_wconf 87' lang='lat' dir='ltr'>tantam</span> <span class='ocrx_word' id='word_1_21' title='bbox 436 621 594 684; x_wconf 88' lang='lat' dir='ltr'>bonorum</span> <span class='ocrx_word' id='word_1_22' title='bbox 629 618 692 683; x_wconf 92' lang='lat' dir='ltr'>Dei</span> <span class='ocrx_word' id='word_1_23' title='bbox 731 616 858 701; x_wconf 84' lang='lat' dir='ltr'>copiam</span> <span class='ocrx_word' id='word_1_24' title='bbox 892 627 925 681; x_wconf 91' lang='lat' dir='ltr'>et</span> <span class='ocrx_word' id='word_1_25' title='bbox 956 616 1161 682; x_wconf 88' lang='lat' dir='ltr'>varietatem.</span> <span class='ocrx_word' id='word_1_26' title='bbox 1214 618 1434 699; x_wconf 70' lang='lat' dir='ltr'>corrumpitur</span> <span class='ocrx_word' id='word_1_27' title='bbox 1449 617 1555 682; x_wconf 88' lang='lat' dir='ltr'>omnis</span> <span class='ocrx_word' id='word_1_28' title='bbox 1571 616 1650 681; x_wconf 91' lang='lat' dir='ltr'>ordo</span> <span class='ocrx_word' id='word_1_29' title='bbox 1666 618 1734 680; x_wconf 89' lang='lat' dir='ltr'>tam</span> <span class='ocrx_word' id='word_1_30' title='bbox 1752 616 1907 699; x_wconf 90' lang='lat' dir='ltr'>politicus</span> <span class='ocrx_word' id='word_1_31' title='bbox 1925 637 2020 699; x_wconf 89' lang='lat' dir='ltr'>quam</span> <span class='ocrx_word' id='word_1_32' title='bbox 2037 616 2196 701; x_wconf 89' lang='lat' dir='ltr'>spiritua-</span> 
     </span>
     <span class='ocr_line' id='line_1_4' title="bbox 190 699 2198 786; baseline -0.001 -17"><span class='ocrx_word' id='word_1_33' title='bbox 190 704 269 770; x_wconf 93' lang='lat' dir='ltr'>Idso</span> <span class='ocrx_word' id='word_1_34' title='bbox 291 706 436 785; x_wconf 86' lang='lat' dir='ltr'>subiicit,</span> <span class='ocrx_word' id='word_1_35' title='bbox 465 701 510 768; x_wconf 82' lang='lat' dir='ltr'>Et</span> <span class='ocrx_word' id='word_1_36' title='bbox 527 703 687 783; x_wconf 71' lang='lat' dir='ltr'>polluistis</span> <span class='ocrx_word' id='word_1_37' title='bbox 707 708 824 768; x_wconf 84' lang='lat' dir='ltr'>terram</span> <span class='ocrx_word' id='word_1_38' title='bbox 844 722 953 779; x_wconf 84' lang='lat' dir='ltr'>meam,</span> <span class='ocrx_word' id='word_1_39' title='bbox 977 707 1004 766; x_wconf 90' lang='lat' dir='ltr'>et</span> <span class='ocrx_word' id='word_1_40' title='bbox 1025 702 1163 768; x_wconf 64' lang='lat' dir='ltr'>maedi-</span> <span class='ocrx_word' id='word_1_41' title='bbox 1215 703 1266 768; x_wconf 90' lang='lat' dir='ltr'>lis.</span> <span class='ocrx_word' id='word_1_42' title='bbox 1293 702 1391 767; x_wconf 91' lang='lat' dir='ltr'>Hane</span> <span class='ocrx_word' id='word_1_43' title='bbox 1407 723 1485 786; x_wconf 88' lang='lat' dir='ltr'>ergo</span> <span class='ocrx_word' id='word_1_44' title='bbox 1500 702 1622 767; x_wconf 88' lang='lat' dir='ltr'>iustam</span> <span class='ocrx_word' id='word_1_45' title='bbox 1638 722 1777 784; x_wconf 88' lang='lat' dir='ltr'>poenam</span> <span class='ocrx_word' id='word_1_46' title='bbox 1788 700 1882 768; x_wconf 86' lang='lat' dir='ltr'>Deus</span> <span class='ocrx_word' id='word_1_47' title='bbox 1897 700 2050 784; x_wconf 87' lang='lat' dir='ltr'>rependit</span> <span class='ocrx_word' id='word_1_48' title='bbox 2066 699 2198 767; x_wconf 88' lang='lat' dir='ltr'>delictis</span> 
     </span>
     <span class='ocr_line' id='line_1_5' title="bbox 189 786 2195 874; baseline -0.001 -20"><span class='ocrx_word' id='word_1_49' title='bbox 189 795 280 855; x_wconf 89' lang='lat' dir='ltr'>tatem</span> <span class='ocrx_word' id='word_1_50' title='bbox 297 812 397 856; x_wconf 88' lang='lat' dir='ltr'>meam</span> <span class='ocrx_word' id='word_1_51' title='bbox 414 791 571 874; x_wconf 74' lang='lat' dir='ltr'>posuistis</span> <span class='ocrx_word' id='word_1_52' title='bbox 587 791 623 852; x_wconf 82' lang='lat' dir='ltr'>lu</span> <span class='ocrx_word' id='word_1_53' title='bbox 640 787 907 869; x_wconf 77' lang='lat' dir='ltr'>abominationem,</span> <span class='ocrx_word' id='word_1_54' title='bbox 927 788 1048 870; x_wconf 91' lang='lat' dir='ltr'>inquit:</span> <span class='ocrx_word' id='word_1_55' title='bbox 1071 788 1163 871; x_wconf 87' lang='lat' dir='ltr'>quasi</span> <span class='ocrx_word' id='word_1_56' title='bbox 1215 788 1316 853; x_wconf 91' lang='lat' dir='ltr'>totius</span> <span class='ocrx_word' id='word_1_57' title='bbox 1334 787 1456 870; x_wconf 90' lang='lat' dir='ltr'>populi,</span> <span class='ocrx_word' id='word_1_58' title='bbox 1481 787 1559 852; x_wconf 89' lang='lat' dir='ltr'>dum</span> <span class='ocrx_word' id='word_1_59' title='bbox 1577 795 1731 853; x_wconf 85' lang='lat' dir='ltr'>excaecat</span> <span class='ocrx_word' id='word_1_60' title='bbox 1750 787 1935 853; x_wconf 70' lang='lat' dir='ltr'><strong>sacerdotes</strong></span> <span class='ocrx_word' id='word_1_61' title='bbox 1952 796 1985 852; x_wconf 89' lang='lat' dir='ltr'>et</span> <span class='ocrx_word' id='word_1_62' title='bbox 2002 786 2195 869; x_wconf 87' lang='lat' dir='ltr'>prophetas,</span> 
     </span>
     <span class='ocr_line' id='line_1_6' title="bbox 190 871 2195 956; baseline -0 -19"><span class='ocrx_word' id='word_1_63' title='bbox 190 873 321 956; x_wconf 88' lang='lat' dir='ltr'>diceret,</span> <span class='ocrx_word' id='word_1_64' title='bbox 343 876 436 940; x_wconf 89' lang='lat' dir='ltr'>Haec</span> <span class='ocrx_word' id='word_1_65' title='bbox 458 877 520 939; x_wconf 88' lang='lat' dir='ltr'>luit</span> <span class='ocrx_word' id='word_1_66' title='bbox 542 895 667 938; x_wconf 87' lang='lat' dir='ltr'>merces</span> <span class='ocrx_word' id='word_1_67' title='bbox 689 894 754 956; x_wconf 91' lang='lat' dir='ltr'>qua</span> <span class='ocrx_word' id='word_1_68' title='bbox 776 882 981 955; x_wconf 92' lang='lat' dir='ltr'>compensata</span> <span class='ocrx_word' id='word_1_69' title='bbox 1005 872 1069 937; x_wconf 84' lang='lat' dir='ltr'>fuit</span> <span class='ocrx_word' id='word_1_70' title='bbox 1091 893 1164 937; x_wconf 90' lang='lat' dir='ltr'>mea</span> <span class='ocrx_word' id='word_1_71' title='bbox 1216 883 1247 938; x_wconf 93' lang='lat' dir='ltr'>et</span> <span class='ocrx_word' id='word_1_72' title='bbox 1266 872 1346 937; x_wconf 88' lang='lat' dir='ltr'>alios</span> <span class='ocrx_word' id='word_1_73' title='bbox 1365 873 1553 956; x_wconf 76' lang='lat' dir='ltr'><strong>praefectos.</strong></span> <span class='ocrx_word' id='word_1_74' title='bbox 1587 872 1660 938; x_wconf 91' lang='lat' dir='ltr'>Hoc</span> <span class='ocrx_word' id='word_1_75' title='bbox 1680 871 1815 937; x_wconf 89' lang='lat' dir='ltr'>consilio</span> <span class='ocrx_word' id='word_1_76' title='bbox 1836 893 1925 938; x_wconf 93' lang='lat' dir='ltr'>nunc</span> <span class='ocrx_word' id='word_1_77' title='bbox 1940 871 2018 937; x_wconf 90' lang='lat' dir='ltr'>dicit</span> <span class='ocrx_word' id='word_1_78' title='bbox 2032 871 2195 937; x_wconf 89' lang='lat' dir='ltr'>Ieremias</span> 
     </span>
     <span class='ocr_line' id='line_1_7' title="bbox 189 957 2196 1045; baseline -0.001 -21"><span class='ocrx_word' id='word_1_79' title='bbox 189 981 269 1045; x_wconf 87' lang='lat' dir='ltr'>erga</span> <span class='ocrx_word' id='word_1_80' title='bbox 293 983 349 1026; x_wconf 90' lang='lat' dir='ltr'>vos</span> <span class='ocrx_word' id='word_1_81' title='bbox 372 960 559 1024; x_wconf 79' lang='lat' dir='ltr'>liberalitas.</span> <span class='ocrx_word' id='word_1_82' title='bbox 605 961 677 1042; x_wconf 82' lang='lat' dir='ltr'>Ego</span> <span class='ocrx_word' id='word_1_83' title='bbox 701 960 786 1022; x_wconf 90' lang='lat' dir='ltr'>enim</span> <span class='ocrx_word' id='word_1_84' title='bbox 810 958 904 1023; x_wconf 91' lang='lat' dir='ltr'>vobis</span> <span class='ocrx_word' id='word_1_85' title='bbox 933 966 1054 1022; x_wconf 86' lang='lat' dir='ltr'>terram</span> <span class='ocrx_word' id='word_1_86' title='bbox 1077 957 1164 1022; x_wconf 89' lang='lat' dir='ltr'>hanc</span> <span class='ocrx_word' id='word_1_87' title='bbox 1216 957 1398 1024; x_wconf 78' lang='lat' dir='ltr'>Sacerdotes</span> <span class='ocrx_word' id='word_1_88' title='bbox 1415 978 1476 1023; x_wconf 84' lang='lat' dir='ltr'>aaa</span> <span class='ocrx_word' id='word_1_89' title='bbox 1490 962 1652 1038; x_wconf 83' lang='lat' dir='ltr'>reputasse</span> <span class='ocrx_word' id='word_1_90' title='bbox 1666 957 1720 1022; x_wconf 80' lang='lat' dir='ltr'>ubl</span> <span class='ocrx_word' id='word_1_91' title='bbox 1735 963 1812 1023; x_wconf 87' lang='lat' dir='ltr'>esset</span> <span class='ocrx_word' id='word_1_92' title='bbox 1828 957 1974 1023; x_wconf 61' lang='lat' dir='ltr'>Imeoult.</span> <span class='ocrx_word' id='word_1_93' title='bbox 2007 957 2113 1037; x_wconf 89' lang='lat' dir='ltr'>Dicit,</span> <span class='ocrx_word' id='word_1_94' title='bbox 2132 957 2196 1038; x_wconf 76' lang='lat' dir='ltr'>Qut</span> 
     </span>
    </p>
   </div>
   <div class='ocr_carea' id='block_1_3' title="bbox 159 1043 2197 5310">
    <p class='ocr_par' dir='ltr' id='par_1_3' title="bbox 188 1043 2197 2578">
     <span class='ocr_line' id='line_1_8' title="bbox 190 1043 2197 1128; baseline -0.001 -18"><span class='ocrx_word' id='word_1_95' title='bbox 190 1044 278 1122; x_wconf 91' lang='lat' dir='ltr'>dedi,</span> <span class='ocrx_word' id='word_1_96' title='bbox 308 1045 365 1112; x_wconf 91' lang='lat' dir='ltr'>sed</span> <span class='ocrx_word' id='word_1_97' title='bbox 387 1050 477 1109; x_wconf 88' lang='lat' dir='ltr'>certa</span> <span class='ocrx_word' id='word_1_98' title='bbox 499 1046 584 1128; x_wconf 90' lang='lat' dir='ltr'>lege,</span> <span class='ocrx_word' id='word_1_99' title='bbox 614 1065 731 1126; x_wconf 83' lang='lat' dir='ltr'>nempe</span> <span class='ocrx_word' id='word_1_100' title='bbox 754 1052 792 1108; x_wconf 94' lang='lat' dir='ltr'>ut</span> <span class='ocrx_word' id='word_1_101' title='bbox 814 1043 849 1107; x_wconf 89' lang='lat' dir='ltr'>in</span> <span class='ocrx_word' id='word_1_102' title='bbox 873 1043 1011 1124; x_wconf 89' lang='lat' dir='ltr'>es&#39;pure</span> <span class='ocrx_word' id='word_1_103' title='bbox 1036 1063 1087 1107; x_wconf 92' lang='lat' dir='ltr'>me</span> <span class='ocrx_word' id='word_1_104' title='bbox 1109 1062 1163 1108; x_wconf 91' lang='lat' dir='ltr'>co·</span> <span class='ocrx_word' id='word_1_105' title='bbox 1214 1049 1315 1108; x_wconf 73' lang='lat' dir='ltr'>aaut</span> <span class='ocrx_word' id='word_1_106' title='bbox 1342 1043 1445 1126; x_wconf 83' lang='lat' dir='ltr'>lepem.</span> <span class='ocrx_word' id='word_1_107' title='bbox 1490 1055 1565 1111; x_wconf 81' lang='lat' dir='ltr'>usu</span> <span class='ocrx_word' id='word_1_108' title='bbox 1596 1043 1759 1127; x_wconf 86' lang='lat' dir='ltr'>signifieat</span> <span class='ocrx_word' id='word_1_109' title='bbox 1789 1050 1901 1108; x_wconf 89' lang='lat' dir='ltr'>tenere</span> <span class='ocrx_word' id='word_1_110' title='bbox 1923 1051 1956 1108; x_wconf 91' lang='lat' dir='ltr'>et</span> <span class='ocrx_word' id='word_1_111' title='bbox 1977 1043 2197 1125; x_wconf 88' lang='lat' dir='ltr'>comprehen-</span> 
     </span>
     <span class='ocr_line' id='line_1_9' title="bbox 189 1127 2193 1215; baseline -0.001 -22"><span class='ocrx_word' id='word_1_112' title='bbox 189 1130 315 1196; x_wconf 88' lang='lat' dir='ltr'>leretis:</span> <span class='ocrx_word' id='word_1_113' title='bbox 338 1131 502 1215; x_wconf 83' lang='lat' dir='ltr'>polluistis</span> <span class='ocrx_word' id='word_1_114' title='bbox 521 1140 630 1194; x_wconf 88' lang='lat' dir='ltr'>autem</span> <span class='ocrx_word' id='word_1_115' title='bbox 651 1131 763 1211; x_wconf 89' lang='lat' dir='ltr'>ipsam,</span> <span class='ocrx_word' id='word_1_116' title='bbox 783 1128 899 1211; x_wconf 88' lang='lat' dir='ltr'>inquit.</span> <span class='ocrx_word' id='word_1_117' title='bbox 923 1129 1028 1192; x_wconf 90' lang='lat' dir='ltr'>Vocat</span> <span class='ocrx_word' id='word_1_118' title='bbox 1046 1133 1163 1192; x_wconf 65' lang='lat' dir='ltr'>aarum</span> <span class='ocrx_word' id='word_1_119' title='bbox 1216 1129 1301 1206; x_wconf 91' lang='lat' dir='ltr'>dere,</span> <span class='ocrx_word' id='word_1_120' title='bbox 1325 1129 1489 1213; x_wconf 89' lang='lat' dir='ltr'>significat</span> <span class='ocrx_word' id='word_1_121' title='bbox 1511 1129 1610 1193; x_wconf 88' lang='lat' dir='ltr'>etiam</span> <span class='ocrx_word' id='word_1_122' title='bbox 1633 1129 1761 1210; x_wconf 91' lang='lat' dir='ltr'>operire</span> <span class='ocrx_word' id='word_1_123' title='bbox 1784 1128 1957 1193; x_wconf 87' lang='lat' dir='ltr'>interdum.</span> <span class='ocrx_word' id='word_1_124' title='bbox 1995 1127 2048 1192; x_wconf 88' lang='lat' dir='ltr'>Ita</span> <span class='ocrx_word' id='word_1_125' title='bbox 2071 1127 2193 1210; x_wconf 90' lang='lat' dir='ltr'>poterit</span> 
     </span>
     <span class='ocr_line' id='line_1_10' title="bbox 190 1212 2194 1299; baseline -0.001 -19"><span class='ocrx_word' id='word_1_126' title='bbox 190 1237 292 1299; x_wconf 87' lang='lat' dir='ltr'>suom,</span> <span class='ocrx_word' id='word_1_127' title='bbox 319 1237 357 1280; x_wconf 89' lang='lat' dir='ltr'>ac</span> <span class='ocrx_word' id='word_1_128' title='bbox 378 1217 405 1280; x_wconf 93' lang='lat' dir='ltr'>si</span> <span class='ocrx_word' id='word_1_129' title='bbox 429 1215 551 1282; x_wconf 88' lang='lat' dir='ltr'>diceret</span> <span class='ocrx_word' id='word_1_130' title='bbox 573 1236 608 1280; x_wconf 91' lang='lat' dir='ltr'>se</span> <span class='ocrx_word' id='word_1_131' title='bbox 630 1216 676 1278; x_wconf 89' lang='lat' dir='ltr'>ita</span> <span class='ocrx_word' id='word_1_132' title='bbox 698 1213 825 1279; x_wconf 80' lang='lat' dir='ltr'>dedisse</span> <span class='ocrx_word' id='word_1_133' title='bbox 847 1224 969 1277; x_wconf 88' lang='lat' dir='ltr'>terram</span> <span class='ocrx_word' id='word_1_134' title='bbox 991 1212 1162 1291; x_wconf 79' lang='lat' dir='ltr'>Israelitis,</span> <span class='ocrx_word' id='word_1_135' title='bbox 1216 1213 1338 1297; x_wconf 87' lang='lat' dir='ltr'>duplex</span> <span class='ocrx_word' id='word_1_136' title='bbox 1355 1235 1427 1279; x_wconf 90' lang='lat' dir='ltr'>esse</span> <span class='ocrx_word' id='word_1_137' title='bbox 1445 1234 1571 1290; x_wconf 88' lang='lat' dir='ltr'>sensus,</span> <span class='ocrx_word' id='word_1_138' title='bbox 1590 1213 1676 1295; x_wconf 92' lang='lat' dir='ltr'>quod</span> <span class='ocrx_word' id='word_1_139' title='bbox 1692 1212 1877 1279; x_wconf 87' lang='lat' dir='ltr'>sacerdotes</span> <span class='ocrx_word' id='word_1_140' title='bbox 1891 1214 2060 1278; x_wconf 86' lang='lat' dir='ltr'>tenuerint</span> <span class='ocrx_word' id='word_1_141' title='bbox 2075 1213 2194 1297; x_wconf 90' lang='lat' dir='ltr'>legem,</span> 
     </span>
     <span class='ocr_line' id='line_1_11' title="bbox 191 1297 2194 1382; baseline -0.001 -17"><span class='ocrx_word' id='word_1_142' title='bbox 191 1311 229 1365; x_wconf 92' lang='lat' dir='ltr'>ut</span> <span class='ocrx_word' id='word_1_143' title='bbox 258 1311 369 1366; x_wconf 87' lang='lat' dir='ltr'>temen</span> <span class='ocrx_word' id='word_1_144' title='bbox 394 1312 542 1366; x_wconf 87' lang='lat' dir='ltr'>maneret</span> <span class='ocrx_word' id='word_1_145' title='bbox 572 1302 642 1365; x_wconf 92' lang='lat' dir='ltr'>eius</span> <span class='ocrx_word' id='word_1_146' title='bbox 671 1298 849 1375; x_wconf 85' lang='lat' dir='ltr'>Dominus,</span> <span class='ocrx_word' id='word_1_147' title='bbox 881 1298 986 1381; x_wconf 88' lang='lat' dir='ltr'>quoad</span> <span class='ocrx_word' id='word_1_148' title='bbox 1017 1299 1162 1380; x_wconf 90' lang='lat' dir='ltr'>proprio·</span> <span class='ocrx_word' id='word_1_149' title='bbox 1215 1299 1268 1365; x_wconf 91' lang='lat' dir='ltr'>vel</span> <span class='ocrx_word' id='word_1_150' title='bbox 1286 1299 1373 1382; x_wconf 90' lang='lat' dir='ltr'>qued</span> <span class='ocrx_word' id='word_1_151' title='bbox 1396 1300 1501 1382; x_wconf 90' lang='lat' dir='ltr'>ipsam</span> <span class='ocrx_word' id='word_1_152' title='bbox 1524 1298 1701 1364; x_wconf 85' lang='lat' dir='ltr'>habuerint</span> <span class='ocrx_word' id='word_1_153' title='bbox 1722 1297 1866 1364; x_wconf 88' lang='lat' dir='ltr'>clausam</span> <span class='ocrx_word' id='word_1_154' title='bbox 1888 1298 1982 1364; x_wconf 91' lang='lat' dir='ltr'>velut</span> <span class='ocrx_word' id='word_1_155' title='bbox 2003 1299 2066 1364; x_wconf 90' lang='lat' dir='ltr'>sub</span> <span class='ocrx_word' id='word_1_156' title='bbox 2085 1307 2194 1363; x_wconf 87' lang='lat' dir='ltr'>eusto-</span> 
     </span>
     <span class='ocr_line' id='line_1_12' title="bbox 190 1383 2194 1467; baseline -0 -18"><span class='ocrx_word' id='word_1_157' title='bbox 190 1394 308 1464; x_wconf 89' lang='lat' dir='ltr'>tatem,</span> <span class='ocrx_word' id='word_1_158' title='bbox 348 1385 426 1451; x_wconf 88' lang='lat' dir='ltr'>lieet</span> <span class='ocrx_word' id='word_1_159' title='bbox 463 1408 557 1451; x_wconf 91' lang='lat' dir='ltr'>usum</span> <span class='ocrx_word' id='word_1_160' title='bbox 596 1385 675 1466; x_wconf 91' lang='lat' dir='ltr'>ipsis</span> <span class='ocrx_word' id='word_1_161' title='bbox 712 1397 744 1449; x_wconf 90' lang='lat' dir='ltr'>et</span> <span class='ocrx_word' id='word_1_162' title='bbox 782 1385 924 1449; x_wconf 89' lang='lat' dir='ltr'>fructum</span> <span class='ocrx_word' id='word_1_163' title='bbox 961 1383 1161 1449; x_wconf 81' lang='lat' dir='ltr'>consederet.</span> <span class='ocrx_word' id='word_1_164' title='bbox 1215 1384 1278 1449; x_wconf 90' lang='lat' dir='ltr'>dia.</span> <span class='ocrx_word' id='word_1_165' title='bbox 1323 1385 1437 1467; x_wconf 89' lang='lat' dir='ltr'>Neque</span> <span class='ocrx_word' id='word_1_166' title='bbox 1459 1394 1569 1449; x_wconf 88' lang='lat' dir='ltr'>tamen</span> <span class='ocrx_word' id='word_1_167' title='bbox 1594 1383 1784 1466; x_wconf 85' lang='lat' dir='ltr'>quadraret,</span> <span class='ocrx_word' id='word_1_168' title='bbox 1815 1404 2022 1466; x_wconf 88' lang='lat' dir='ltr'>suppressam</span> <span class='ocrx_word' id='word_1_169' title='bbox 2047 1384 2089 1449; x_wconf 87' lang='lat' dir='ltr'>ab</span> <span class='ocrx_word' id='word_1_170' title='bbox 2112 1384 2194 1466; x_wconf 90' lang='lat' dir='ltr'>ipsis</span> 
     </span>
     <span class='ocr_line' id='line_1_13' title="bbox 190 1467 2194 1554; baseline -0.001 -17"><span class='ocrx_word' id='word_1_171' title='bbox 190 1469 346 1537; x_wconf 85' lang='lat' dir='ltr'>Ostendit</span> <span class='ocrx_word' id='word_1_172' title='bbox 379 1472 481 1554; x_wconf 88' lang='lat' dir='ltr'>igitur</span> <span class='ocrx_word' id='word_1_173' title='bbox 515 1492 569 1536; x_wconf 90' lang='lat' dir='ltr'>ees</span> <span class='ocrx_word' id='word_1_174' title='bbox 604 1471 702 1552; x_wconf 91' lang='lat' dir='ltr'>impie</span> <span class='ocrx_word' id='word_1_175' title='bbox 736 1469 854 1534; x_wconf 88' lang='lat' dir='ltr'>abusos</span> <span class='ocrx_word' id='word_1_176' title='bbox 886 1469 987 1535; x_wconf 88' lang='lat' dir='ltr'>fuisse</span> <span class='ocrx_word' id='word_1_177' title='bbox 1020 1467 1162 1533; x_wconf 89' lang='lat' dir='ltr'>bonitate</span> <span class='ocrx_word' id='word_1_178' title='bbox 1215 1470 1316 1535; x_wconf 88' lang='lat' dir='ltr'>luisse</span> <span class='ocrx_word' id='word_1_179' title='bbox 1338 1469 1460 1554; x_wconf 91' lang='lat' dir='ltr'>legem:</span> <span class='ocrx_word' id='word_1_180' title='bbox 1485 1470 1563 1551; x_wconf 89' lang='lat' dir='ltr'>quia</span> <span class='ocrx_word' id='word_1_181' title='bbox 1585 1489 1643 1551; x_wconf 89' lang='lat' dir='ltr'>per</span> <span class='ocrx_word' id='word_1_182' title='bbox 1666 1469 1911 1535; x_wconf 90' lang='lat' dir='ltr'>concessionem</span> <span class='ocrx_word' id='word_1_183' title='bbox 1934 1469 1988 1535; x_wconf 90' lang='lat' dir='ltr'>hie</span> <span class='ocrx_word' id='word_1_184' title='bbox 2011 1470 2194 1535; x_wconf 87' lang='lat' dir='ltr'>honorilice</span> 
     </span>
     <span class='ocr_line' id='line_1_14' title="bbox 190 1554 2196 1638; baseline -0.001 -18"><span class='ocrx_word' id='word_1_185' title='bbox 190 1578 265 1633; x_wconf 90' lang='lat' dir='ltr'>sua,</span> <span class='ocrx_word' id='word_1_186' title='bbox 300 1556 385 1638; x_wconf 87' lang='lat' dir='ltr'>quod</span> <span class='ocrx_word' id='word_1_187' title='bbox 418 1565 540 1620; x_wconf 88' lang='lat' dir='ltr'>terram</span> <span class='ocrx_word' id='word_1_188' title='bbox 574 1556 662 1619; x_wconf 89' lang='lat' dir='ltr'>illam</span> <span class='ocrx_word' id='word_1_189' title='bbox 696 1555 899 1637; x_wconf 88' lang='lat' dir='ltr'>polluerant,</span> <span class='ocrx_word' id='word_1_190' title='bbox 936 1575 1017 1637; x_wconf 91' lang='lat' dir='ltr'>quae</span> <span class='ocrx_word' id='word_1_191' title='bbox 1051 1562 1162 1617; x_wconf 88' lang='lat' dir='ltr'>tamen</span> <span class='ocrx_word' id='word_1_192' title='bbox 1215 1554 1358 1638; x_wconf 89' lang='lat' dir='ltr'>loquitur</span> <span class='ocrx_word' id='word_1_193' title='bbox 1387 1555 1427 1619; x_wconf 91' lang='lat' dir='ltr'>de</span> <span class='ocrx_word' id='word_1_194' title='bbox 1456 1557 1537 1637; x_wconf 91' lang='lat' dir='ltr'>ipsis</span> <span class='ocrx_word' id='word_1_195' title='bbox 1566 1554 1673 1634; x_wconf 90' lang='lat' dir='ltr'>Deus,</span> <span class='ocrx_word' id='word_1_196' title='bbox 1708 1575 1893 1637; x_wconf 89' lang='lat' dir='ltr'>quanquam</span> <span class='ocrx_word' id='word_1_197' title='bbox 1934 1554 2012 1621; x_wconf 91' lang='lat' dir='ltr'>hinc</span> <span class='ocrx_word' id='word_1_198' title='bbox 2048 1555 2196 1619; x_wconf 83' lang='lat' dir='ltr'>ostendit</span> 
     </span>
     <span class='ocr_line' id='line_1_15' title="bbox 189 1638 2193 1724; baseline -0.001 -18"><span class='ocrx_word' id='word_1_199' title='bbox 189 1661 282 1706; x_wconf 87' lang='lat' dir='ltr'>saera</span> <span class='ocrx_word' id='word_1_200' title='bbox 304 1654 376 1706; x_wconf 88' lang='lat' dir='ltr'>erat</span> <span class='ocrx_word' id='word_1_201' title='bbox 397 1643 467 1705; x_wconf 88' lang='lat' dir='ltr'>eius</span> <span class='ocrx_word' id='word_1_202' title='bbox 491 1641 624 1705; x_wconf 89' lang='lat' dir='ltr'>nomini.</span> <span class='ocrx_word' id='word_1_203' title='bbox 670 1641 794 1704; x_wconf 86' lang='lat' dir='ltr'>Eodem</span> <span class='ocrx_word' id='word_1_204' title='bbox 818 1661 914 1705; x_wconf 89' lang='lat' dir='ltr'>sensu</span> <span class='ocrx_word' id='word_1_205' title='bbox 945 1638 1163 1704; x_wconf 77' lang='lat' dir='ltr'>haereditatem</span> <span class='ocrx_word' id='word_1_206' title='bbox 1215 1642 1321 1724; x_wconf 90' lang='lat' dir='ltr'>magis</span> <span class='ocrx_word' id='word_1_207' title='bbox 1343 1661 1413 1706; x_wconf 91' lang='lat' dir='ltr'>esse</span> <span class='ocrx_word' id='word_1_208' title='bbox 1436 1639 1620 1720; x_wconf 89' lang='lat' dir='ltr'>sceleratos,</span> <span class='ocrx_word' id='word_1_209' title='bbox 1643 1641 1730 1723; x_wconf 91' lang='lat' dir='ltr'>quod</span> <span class='ocrx_word' id='word_1_210' title='bbox 1749 1640 1875 1704; x_wconf 86' lang='lat' dir='ltr'>nullam</span> <span class='ocrx_word' id='word_1_211' title='bbox 1894 1641 2060 1723; x_wconf 79' lang='lat' dir='ltr'>gesserint</span> <span class='ocrx_word' id='word_1_212' title='bbox 2077 1660 2193 1706; x_wconf 89' lang='lat' dir='ltr'>curam</span> 
     </span>
     <span class='ocr_line' id='line_1_16' title="bbox 188 1725 2194 1810; baseline 0 -19"><span class='ocrx_word' id='word_1_213' title='bbox 188 1747 282 1791; x_wconf 67' lang='lat' dir='ltr'>mam</span> <span class='ocrx_word' id='word_1_214' title='bbox 305 1736 414 1792; x_wconf 89' lang='lat' dir='ltr'>vocat:</span> <span class='ocrx_word' id='word_1_215' title='bbox 449 1728 541 1808; x_wconf 90' lang='lat' dir='ltr'>quasi</span> <span class='ocrx_word' id='word_1_216' title='bbox 565 1725 704 1804; x_wconf 89' lang='lat' dir='ltr'>diceret,</span> <span class='ocrx_word' id='word_1_217' title='bbox 734 1725 804 1789; x_wconf 91' lang='lat' dir='ltr'>iure</span> <span class='ocrx_word' id='word_1_218' title='bbox 827 1725 1045 1790; x_wconf 88' lang='lat' dir='ltr'>haereditario</span> <span class='ocrx_word' id='word_1_219' title='bbox 1074 1725 1162 1807; x_wconf 92' lang='lat' dir='ltr'>ipsos</span> <span class='ocrx_word' id='word_1_220' title='bbox 1215 1727 1314 1791; x_wconf 87' lang='lat' dir='ltr'>officii</span> <span class='ocrx_word' id='word_1_221' title='bbox 1333 1727 1395 1790; x_wconf 93' lang='lat' dir='ltr'>sui.</span> <span class='ocrx_word' id='word_1_222' title='bbox 1430 1725 1521 1791; x_wconf 86' lang='lat' dir='ltr'>Dicit</span> <span class='ocrx_word' id='word_1_223' title='bbox 1538 1746 1626 1810; x_wconf 90' lang='lat' dir='ltr'>ergo,</span> <span class='ocrx_word' id='word_1_224' title='bbox 1649 1726 1711 1806; x_wconf 78' lang='lat' dir='ltr'>Qut</span> <span class='ocrx_word' id='word_1_225' title='bbox 1728 1726 1805 1809; x_wconf 83' lang='lat' dir='ltr'>lepis</span> <span class='ocrx_word' id='word_1_226' title='bbox 1821 1745 1907 1791; x_wconf 76' lang='lat' dir='ltr'>uuae</span> <span class='ocrx_word' id='word_1_227' title='bbox 1927 1730 2018 1790; x_wconf 89' lang='lat' dir='ltr'>eraut</span> <span class='ocrx_word' id='word_1_228' title='bbox 2039 1726 2194 1804; x_wconf 74' lang='lat' dir='ltr'>custodes,</span> 
     </span>
     <span class='ocr_line' id='line_1_17' title="bbox 189 1809 2195 1895; baseline 0.001 -23"><span class='ocrx_word' id='word_1_229' title='bbox 189 1810 325 1893; x_wconf 88' lang='lat' dir='ltr'>adeptos</span> <span class='ocrx_word' id='word_1_230' title='bbox 347 1813 446 1876; x_wconf 87' lang='lat' dir='ltr'>fuisse</span> <span class='ocrx_word' id='word_1_231' title='bbox 464 1821 585 1875; x_wconf 88' lang='lat' dir='ltr'>terram</span> <span class='ocrx_word' id='word_1_232' title='bbox 606 1811 707 1892; x_wconf 85' lang='lat' dir='ltr'>illam,</span> <span class='ocrx_word' id='word_1_233' title='bbox 731 1812 778 1876; x_wconf 89' lang='lat' dir='ltr'>sie</span> <span class='ocrx_word' id='word_1_234' title='bbox 796 1821 905 1875; x_wconf 91' lang='lat' dir='ltr'>tamen</span> <span class='ocrx_word' id='word_1_235' title='bbox 927 1823 963 1875; x_wconf 94' lang='lat' dir='ltr'>ut</span> <span class='ocrx_word' id='word_1_236' title='bbox 980 1809 1162 1874; x_wconf 88' lang='lat' dir='ltr'>haereditas</span> <span class='ocrx_word' id='word_1_237' title='bbox 1217 1833 1281 1875; x_wconf 92' lang='lat' dir='ltr'>non</span> <span class='ocrx_word' id='word_1_238' title='bbox 1304 1811 1389 1894; x_wconf 87' lang='lat' dir='ltr'>quod</span> <span class='ocrx_word' id='word_1_239' title='bbox 1412 1833 1448 1876; x_wconf 93' lang='lat' dir='ltr'>re</span> <span class='ocrx_word' id='word_1_240' title='bbox 1470 1813 1541 1893; x_wconf 89' lang='lat' dir='ltr'>ipsa</span> <span class='ocrx_word' id='word_1_241' title='bbox 1563 1813 1769 1877; x_wconf 81' lang='lat' dir='ltr'>custodirent</span> <span class='ocrx_word' id='word_1_242' title='bbox 1798 1813 1904 1895; x_wconf 90' lang='lat' dir='ltr'>legem</span> <span class='ocrx_word' id='word_1_243' title='bbox 1927 1811 2002 1888; x_wconf 90' lang='lat' dir='ltr'>Dei,</span> <span class='ocrx_word' id='word_1_244' title='bbox 2033 1820 2195 1893; x_wconf 88' lang='lat' dir='ltr'>tanquam</span> 
     </span>
     <span class='ocr_line' id='line_1_18' title="bbox 190 1894 2194 1980; baseline -0 -20"><span class='ocrx_word' id='word_1_245' title='bbox 190 1909 275 1962; x_wconf 89' lang='lat' dir='ltr'>esset</span> <span class='ocrx_word' id='word_1_246' title='bbox 298 1920 317 1961; x_wconf 89' lang='lat' dir='ltr'>a</span> <span class='ocrx_word' id='word_1_247' title='bbox 340 1909 431 1978; x_wconf 89' lang='lat' dir='ltr'>patre</span> <span class='ocrx_word' id='word_1_248' title='bbox 455 1897 597 1962; x_wconf 89' lang='lat' dir='ltr'>coelesti.</span> <span class='ocrx_word' id='word_1_249' title='bbox 643 1896 813 1960; x_wconf 82' lang='lat' dir='ltr'>Debebunt</span> <span class='ocrx_word' id='word_1_250' title='bbox 843 1896 947 1979; x_wconf 90' lang='lat' dir='ltr'>igitur</span> <span class='ocrx_word' id='word_1_251' title='bbox 977 1894 1163 1978; x_wconf 87' lang='lat' dir='ltr'>expendere</span> <span class='ocrx_word' id='word_1_252' title='bbox 1216 1897 1302 1980; x_wconf 89' lang='lat' dir='ltr'>apud</span> <span class='ocrx_word' id='word_1_253' title='bbox 1325 1896 1398 1962; x_wconf 90' lang='lat' dir='ltr'>illos</span> <span class='ocrx_word' id='word_1_254' title='bbox 1420 1898 1547 1977; x_wconf 87' lang='lat' dir='ltr'>vigeret</span> <span class='ocrx_word' id='word_1_255' title='bbox 1577 1918 1680 1980; x_wconf 89' lang='lat' dir='ltr'>purus</span> <span class='ocrx_word' id='word_1_256' title='bbox 1709 1896 1814 1976; x_wconf 85' lang='lat' dir='ltr'>aelus,</span> <span class='ocrx_word' id='word_1_257' title='bbox 1845 1896 1902 1961; x_wconf 92' lang='lat' dir='ltr'>sed</span> <span class='ocrx_word' id='word_1_258' title='bbox 1933 1897 2008 1979; x_wconf 90' lang='lat' dir='ltr'>quia</span> <span class='ocrx_word' id='word_1_259' title='bbox 2030 1895 2096 1961; x_wconf 86' lang='lat' dir='ltr'>hee</span> <span class='ocrx_word' id='word_1_260' title='bbox 2118 1916 2194 1978; x_wconf 91' lang='lat' dir='ltr'>pro·</span> 
     </span>
     <span class='ocr_line' id='line_1_19' title="bbox 189 1980 2194 2066; baseline 0 -20"><span class='ocrx_word' id='word_1_261' title='bbox 189 1982 316 2046; x_wconf 86' lang='lat' dir='ltr'>scidae</span> <span class='ocrx_word' id='word_1_262' title='bbox 338 1984 502 2065; x_wconf 89' lang='lat' dir='ltr'>ingressos</span> <span class='ocrx_word' id='word_1_263' title='bbox 524 1983 624 2046; x_wconf 88' lang='lat' dir='ltr'>luisse</span> <span class='ocrx_word' id='word_1_264' title='bbox 645 1982 887 2061; x_wconf 88' lang='lat' dir='ltr'>terramillam,</span> <span class='ocrx_word' id='word_1_265' title='bbox 911 1982 1063 2063; x_wconf 90' lang='lat' dir='ltr'>quoniam</span> <span class='ocrx_word' id='word_1_266' title='bbox 1087 1980 1164 2044; x_wconf 88' lang='lat' dir='ltr'>data</span> <span class='ocrx_word' id='word_1_267' title='bbox 1216 1983 1403 2047; x_wconf 85' lang='lat' dir='ltr'>litabantur.</span> <span class='ocrx_word' id='word_1_268' title='bbox 1447 1981 1612 2046; x_wconf 85' lang='lat' dir='ltr'>Volabant</span> <span class='ocrx_word' id='word_1_269' title='bbox 1634 1983 1721 2047; x_wconf 90' lang='lat' dir='ltr'>enim</span> <span class='ocrx_word' id='word_1_270' title='bbox 1744 1983 1867 2048; x_wconf 90' lang='lat' dir='ltr'>censeri</span> <span class='ocrx_word' id='word_1_271' title='bbox 1891 1982 1984 2064; x_wconf 85' lang='lat' dir='ltr'>quasi</span> <span class='ocrx_word' id='word_1_272' title='bbox 2007 1982 2194 2066; x_wconf 82' lang='lat' dir='ltr'>nomophy·</span> 
     </span>
     <span class='ocr_line' id='line_1_20' title="bbox 189 2066 2195 2150; baseline 0 -19"><span class='ocrx_word' id='word_1_273' title='bbox 189 2076 275 2132; x_wconf 89' lang='lat' dir='ltr'>esset</span> <span class='ocrx_word' id='word_1_274' title='bbox 297 2067 467 2146; x_wconf 83' lang='lat' dir='ltr'>Abrahae,</span> <span class='ocrx_word' id='word_1_275' title='bbox 501 2078 532 2132; x_wconf 92' lang='lat' dir='ltr'>et</span> <span class='ocrx_word' id='word_1_276' title='bbox 563 2067 640 2131; x_wconf 90' lang='lat' dir='ltr'>filiis</span> <span class='ocrx_word' id='word_1_277' title='bbox 673 2068 743 2131; x_wconf 91' lang='lat' dir='ltr'>eius</span> <span class='ocrx_word' id='word_1_278' title='bbox 776 2067 809 2131; x_wconf 93' lang='lat' dir='ltr'>in</span> <span class='ocrx_word' id='word_1_279' title='bbox 840 2066 1086 2131; x_wconf 89' lang='lat' dir='ltr'>haereditatem.</span> <span class='ocrx_word' id='word_1_280' title='bbox 1131 2066 1162 2130; x_wconf 78' lang='lat' dir='ltr'>A</span> <span class='ocrx_word' id='word_1_281' title='bbox 1215 2068 1313 2146; x_wconf 88' lang='lat' dir='ltr'>laces,</span> <span class='ocrx_word' id='word_1_282' title='bbox 1343 2068 1398 2150; x_wconf 92' lang='lat' dir='ltr'>qui</span> <span class='ocrx_word' id='word_1_283' title='bbox 1421 2067 1625 2132; x_wconf 90' lang='lat' dir='ltr'>reconditum</span> <span class='ocrx_word' id='word_1_284' title='bbox 1647 2067 1806 2133; x_wconf 88' lang='lat' dir='ltr'>haberent</span> <span class='ocrx_word' id='word_1_285' title='bbox 1828 2068 2020 2133; x_wconf 88' lang='lat' dir='ltr'>thesaurum</span> <span class='ocrx_word' id='word_1_286' title='bbox 2043 2067 2195 2133; x_wconf 72' lang='lat' dir='ltr'>coelestIs</span> 
     </span>
     <span class='ocr_line' id='line_1_21' title="bbox 188 2151 2193 2237; baseline -0.001 -19"><span class='ocrx_word' id='word_1_287' title='bbox 188 2151 278 2235; x_wconf 79' lang='lat' dir='ltr'>quo?</span> <span class='ocrx_word' id='word_1_288' title='bbox 313 2154 403 2217; x_wconf 88' lang='lat' dir='ltr'>Deus</span> <span class='ocrx_word' id='word_1_289' title='bbox 433 2164 502 2216; x_wconf 89' lang='lat' dir='ltr'>erat</span> <span class='ocrx_word' id='word_1_290' title='bbox 532 2163 626 2217; x_wconf 86' lang='lat' dir='ltr'>autor</span> <span class='ocrx_word' id='word_1_291' title='bbox 656 2153 754 2216; x_wconf 90' lang='lat' dir='ltr'>huius</span> <span class='ocrx_word' id='word_1_292' title='bbox 784 2153 1028 2217; x_wconf 88' lang='lat' dir='ltr'>beneficentiae.</span> <span class='ocrx_word' id='word_1_293' title='bbox 1074 2152 1163 2233; x_wconf 84' lang='lat' dir='ltr'>Ergo</span> <span class='ocrx_word' id='word_1_294' title='bbox 1216 2152 1391 2227; x_wconf 87' lang='lat' dir='ltr'>doetrinae,</span> <span class='ocrx_word' id='word_1_295' title='bbox 1414 2154 1491 2235; x_wconf 90' lang='lat' dir='ltr'>quia</span> <span class='ocrx_word' id='word_1_296' title='bbox 1508 2152 1731 2237; x_wconf 87' lang='lat' dir='ltr'>interrogandi</span> <span class='ocrx_word' id='word_1_297' title='bbox 1754 2160 1849 2218; x_wconf 89' lang='lat' dir='ltr'>erant</span> <span class='ocrx_word' id='word_1_298' title='bbox 1867 2154 1959 2236; x_wconf 88' lang='lat' dir='ltr'>quasi</span> <span class='ocrx_word' id='word_1_299' title='bbox 1977 2152 2116 2234; x_wconf 89' lang='lat' dir='ltr'>spiritus</span> <span class='ocrx_word' id='word_1_300' title='bbox 2130 2153 2193 2217; x_wconf 91' lang='lat' dir='ltr'>Dei</span> 
     </span>
     <span class='ocr_line' id='line_1_22' title="bbox 188 2235 2195 2323; baseline 0 -20"><span class='ocrx_word' id='word_1_301' title='bbox 188 2236 391 2322; x_wconf 80' lang='lat' dir='ltr'>ingratitudo</span> <span class='ocrx_word' id='word_1_302' title='bbox 431 2259 543 2302; x_wconf 93' lang='lat' dir='ltr'>eorum</span> <span class='ocrx_word' id='word_1_303' title='bbox 585 2239 689 2320; x_wconf 87' lang='lat' dir='ltr'>magis</span> <span class='ocrx_word' id='word_1_304' title='bbox 732 2238 808 2303; x_wconf 90' lang='lat' dir='ltr'>hine</span> <span class='ocrx_word' id='word_1_305' title='bbox 848 2239 910 2301; x_wconf 87' lang='lat' dir='ltr'>luit</span> <span class='ocrx_word' id='word_1_306' title='bbox 950 2235 1163 2312; x_wconf 87' lang='lat' dir='ltr'>detestabilis,</span> <span class='ocrx_word' id='word_1_307' title='bbox 1215 2258 1347 2322; x_wconf 88' lang='lat' dir='ltr'>organa.</span> <span class='ocrx_word' id='word_1_308' title='bbox 1379 2238 1490 2317; x_wconf 84' lang='lat' dir='ltr'>Quum</span> <span class='ocrx_word' id='word_1_309' title='bbox 1510 2259 1587 2323; x_wconf 88' lang='lat' dir='ltr'>ergo</span> <span class='ocrx_word' id='word_1_310' title='bbox 1606 2239 1765 2304; x_wconf 86' lang='lat' dir='ltr'>iactarent</span> <span class='ocrx_word' id='word_1_311' title='bbox 1782 2260 1818 2304; x_wconf 90' lang='lat' dir='ltr'>ss</span> <span class='ocrx_word' id='word_1_312' title='bbox 1836 2246 1957 2316; x_wconf 67' lang='lat' dir='ltr'>tenue,</span> <span class='ocrx_word' id='word_1_313' title='bbox 1980 2247 2013 2303; x_wconf 91' lang='lat' dir='ltr'>at</span> <span class='ocrx_word' id='word_1_314' title='bbox 2028 2237 2195 2304; x_wconf 90' lang='lat' dir='ltr'>custodire</span> 
     </span>
     <span class='ocr_line' id='line_1_23' title="bbox 189 2321 2194 2408; baseline -0.001 -19"><span class='ocrx_word' id='word_1_315' title='bbox 189 2325 271 2404; x_wconf 82' lang='lat' dir='ltr'>quod</span> <span class='ocrx_word' id='word_1_316' title='bbox 288 2325 453 2405; x_wconf 81' lang='lat' dir='ltr'>posuerint</span> <span class='ocrx_word' id='word_1_317' title='bbox 472 2324 693 2389; x_wconf 77' lang='lat' dir='ltr'>tiaereditatem</span> <span class='ocrx_word' id='word_1_318' title='bbox 715 2322 804 2387; x_wconf 84' lang='lat' dir='ltr'>e&#39;ltam</span> <span class='ocrx_word' id='word_1_319' title='bbox 823 2321 886 2390; x_wconf 85' lang='lat' dir='ltr'>Det</span> <span class='ocrx_word' id='word_1_320' title='bbox 907 2323 942 2388; x_wconf 80' lang='lat' dir='ltr'>iu</span> <span class='ocrx_word' id='word_1_321' title='bbox 964 2322 1164 2388; x_wconf 77' lang='lat' dir='ltr'>abominatio</span> <span class='ocrx_word' id='word_1_322' title='bbox 1215 2323 1338 2408; x_wconf 86' lang='lat' dir='ltr'>legem,</span> <span class='ocrx_word' id='word_1_323' title='bbox 1366 2322 1438 2388; x_wconf 90' lang='lat' dir='ltr'>ideo</span> <span class='ocrx_word' id='word_1_324' title='bbox 1461 2325 1623 2406; x_wconf 90' lang='lat' dir='ltr'>propheta</span> <span class='ocrx_word' id='word_1_325' title='bbox 1645 2324 1750 2407; x_wconf 86' lang='lat' dir='ltr'>magis</span> <span class='ocrx_word' id='word_1_326' title='bbox 1773 2322 1887 2389; x_wconf 88' lang='lat' dir='ltr'>acerbe</span> <span class='ocrx_word' id='word_1_327' title='bbox 1911 2344 1965 2389; x_wconf 90' lang='lat' dir='ltr'>eos</span> <span class='ocrx_word' id='word_1_328' title='bbox 1987 2324 2194 2407; x_wconf 84' lang='lat' dir='ltr'>perstringit,</span> 
     </span>
     <span class='ocr_line' id='line_1_24' title="bbox 189 2408 2194 2492; baseline 0 -20"><span class='ocrx_word' id='word_1_329' title='bbox 189 2429 267 2473; x_wconf 81' lang='lat' dir='ltr'>reem.</span> <span class='ocrx_word' id='word_1_330' title='bbox 313 2408 478 2489; x_wconf 85' lang='lat' dir='ltr'>Sequitur,</span> <span class='ocrx_word' id='word_1_331' title='bbox 1215 2408 1300 2491; x_wconf 90' lang='lat' dir='ltr'>quod</span> <span class='ocrx_word' id='word_1_332' title='bbox 1333 2429 1399 2473; x_wconf 90' lang='lat' dir='ltr'>nou</span> <span class='ocrx_word' id='word_1_333' title='bbox 1432 2410 1647 2492; x_wconf 83' lang='lat' dir='ltr'>cognoverint</span> <span class='ocrx_word' id='word_1_334' title='bbox 1676 2410 1784 2475; x_wconf 90' lang='lat' dir='ltr'>Deum</span> <span class='ocrx_word' id='word_1_335' title='bbox 1819 2409 1936 2491; x_wconf 90' lang='lat' dir='ltr'>ipsum.</span> <span class='ocrx_word' id='word_1_336' title='bbox 1984 2410 2029 2474; x_wconf 79' lang='lat' dir='ltr'>Et</span> <span class='ocrx_word' id='word_1_337' title='bbox 2058 2409 2194 2474; x_wconf 89' lang='lat' dir='ltr'>videtur</span> 
     </span>
     <span class='ocr_line' id='line_1_25' title="bbox 1216 2493 2192 2578; baseline -0.004 -18"><span class='ocrx_word' id='word_1_338' title='bbox 1216 2494 1340 2560; x_wconf 87' lang='lat' dir='ltr'>Paulus</span> <span class='ocrx_word' id='word_1_339' title='bbox 1363 2496 1539 2577; x_wconf 88' lang='lat' dir='ltr'>sumpsisse</span> <span class='ocrx_word' id='word_1_340' title='bbox 1562 2517 1602 2560; x_wconf 87' lang='lat' dir='ltr'>ex</span> <span class='ocrx_word' id='word_1_341' title='bbox 1626 2494 1778 2560; x_wconf 91' lang='lat' dir='ltr'>hocloco</span> <span class='ocrx_word' id='word_1_342' title='bbox 1801 2494 1886 2578; x_wconf 88' lang='lat' dir='ltr'>quod</span> <span class='ocrx_word' id='word_1_343' title='bbox 1907 2493 2192 2560; x_wconf 62' lang='lat' dir='ltr'>diatesseron.</span> 
     </span>
    </p>

    <p class='ocr_par' dir='ltr' id='par_1_4' title="bbox 185 2577 2194 3176">
     <span class='ocr_line' id='line_1_26' title="bbox 277 2577 2192 2664; baseline -0.001 -19"><span class='ocrx_word' id='word_1_344' title='bbox 277 2581 304 2645; x_wconf 88' lang='lat'>8.</span> <span class='ocrx_word' id='word_1_345' title='bbox 335 2579 514 2644; x_wconf 82' lang='lat' dir='ltr'>Sacerdotes</span> <span class='ocrx_word' id='word_1_346' title='bbox 534 2597 596 2642; x_wconf 78' lang='lat' dir='ltr'>recu</span> <span class='ocrx_word' id='word_1_347' title='bbox 618 2579 774 2659; x_wconf 84' lang='lat' dir='ltr'>diaeruut,</span> <span class='ocrx_word' id='word_1_348' title='bbox 797 2578 851 2643; x_wconf 78' lang='lat' dir='ltr'>ubl</span> <span class='ocrx_word' id='word_1_349' title='bbox 874 2577 1036 2644; x_wconf 81' lang='lat' dir='ltr'>Ieboeab?</span> <span class='ocrx_word' id='word_1_350' title='bbox 1059 2578 1163 2658; x_wconf 79' lang='lat' dir='ltr'>etqui</span> <span class='ocrx_word' id='word_1_351' title='bbox 1215 2599 1284 2662; x_wconf 87' lang='lat' dir='ltr'>cap.</span> <span class='ocrx_word' id='word_1_352' title='bbox 1308 2578 1353 2663; x_wconf 90' lang='lat' dir='ltr'>(v.</span> <span class='ocrx_word' id='word_1_353' title='bbox 1369 2578 1413 2644; x_wconf 76' lang='lat'>20</span> <span class='ocrx_word' id='word_1_354' title='bbox 1427 2580 1504 2662; x_wconf 89' lang='lat' dir='ltr'>sq.):</span> <span class='ocrx_word' id='word_1_355' title='bbox 1534 2581 1584 2645; x_wconf 82' lang='lat' dir='ltr'>&#39;Pu</span> <span class='ocrx_word' id='word_1_356' title='bbox 1607 2581 1662 2663; x_wconf 92' lang='lat' dir='ltr'>qui</span> <span class='ocrx_word' id='word_1_357' title='bbox 1684 2591 1775 2645; x_wconf 90' lang='lat' dir='ltr'>tenes</span> <span class='ocrx_word' id='word_1_358' title='bbox 1797 2580 1935 2645; x_wconf 81' lang='lat' dir='ltr'>formam</span> <span class='ocrx_word' id='word_1_359' title='bbox 1958 2579 2052 2664; x_wconf 91' lang='lat' dir='ltr'>legis,</span> <span class='ocrx_word' id='word_1_360' title='bbox 2076 2588 2114 2644; x_wconf 91' lang='lat' dir='ltr'>tu</span> <span class='ocrx_word' id='word_1_361' title='bbox 2137 2581 2192 2663; x_wconf 90' lang='lat' dir='ltr'>qui</span> 
     </span>
     <span class='ocr_line' id='line_1_27' title="bbox 189 2662 2191 2750; baseline -0 -20"><span class='ocrx_word' id='word_1_362' title='bbox 189 2664 328 2730; x_wconf 77' lang='lat' dir='ltr'>tenebunt</span> <span class='ocrx_word' id='word_1_363' title='bbox 357 2664 423 2750; x_wconf 86' lang='lat' dir='ltr'>(vel</span> <span class='ocrx_word' id='word_1_364' title='bbox 446 2663 634 2748; x_wconf 89' lang='lat' dir='ltr'>servabant)</span> <span class='ocrx_word' id='word_1_365' title='bbox 667 2664 761 2748; x_wconf 84' lang='lat' dir='ltr'>tepem</span> <span class='ocrx_word' id='word_1_366' title='bbox 790 2662 1003 2748; x_wconf 90' lang='lat' dir='ltr'>(adverbum</span> <span class='ocrx_word' id='word_1_367' title='bbox 1034 2672 1084 2729; x_wconf 90' lang='lat' dir='ltr'>est</span> <span class='ocrx_word' id='word_1_368' title='bbox 1106 2684 1163 2745; x_wconf 91' lang='lat' dir='ltr'>ap·</span> <span class='ocrx_word' id='word_1_369' title='bbox 1215 2665 1383 2747; x_wconf 89' lang='lat' dir='ltr'>praedicas</span> <span class='ocrx_word' id='word_1_370' title='bbox 1406 2686 1473 2729; x_wconf 90' lang='lat' dir='ltr'>non</span> <span class='ocrx_word' id='word_1_371' title='bbox 1497 2665 1706 2730; x_wconf 88' lang='lat' dir='ltr'>scortandum</span> <span class='ocrx_word' id='word_1_372' title='bbox 1734 2685 1816 2748; x_wconf 88' lang='lat' dir='ltr'>esse,</span> <span class='ocrx_word' id='word_1_373' title='bbox 1845 2665 2048 2732; x_wconf 87' lang='lat' dir='ltr'>moecharis:</span> <span class='ocrx_word' id='word_1_374' title='bbox 2082 2672 2117 2729; x_wconf 90' lang='lat' dir='ltr'>et</span> <span class='ocrx_word' id='word_1_375' title='bbox 2138 2667 2191 2748; x_wconf 83' lang='lat' dir='ltr'>qui</span> 
     </span>
     <span class='ocr_line' id='line_1_28' title="bbox 189 2749 2194 2834; baseline 0 -20"><span class='ocrx_word' id='word_1_376' title='bbox 189 2749 443 2834; x_wconf 90' lang='lat' dir='ltr'>prehendentes,</span> <span class='ocrx_word' id='word_1_377' title='bbox 468 2749 520 2812; x_wconf 88' lang='lat' dir='ltr'>vel</span> <span class='ocrx_word' id='word_1_378' title='bbox 548 2755 697 2814; x_wconf 89' lang='lat' dir='ltr'>tenentes</span> <span class='ocrx_word' id='word_1_379' title='bbox 727 2749 846 2834; x_wconf 86' lang='lat' dir='ltr'>legem)</span> <span class='ocrx_word' id='word_1_380' title='bbox 874 2768 937 2814; x_wconf 88' lang='lat' dir='ltr'>acu</span> <span class='ocrx_word' id='word_1_381' title='bbox 964 2753 1163 2833; x_wconf 72' lang='lat' dir='ltr'>eapumerunt</span> <span class='ocrx_word' id='word_1_382' title='bbox 1216 2751 1354 2815; x_wconf 86' lang='lat' dir='ltr'>damnas</span> <span class='ocrx_word' id='word_1_383' title='bbox 1375 2750 1473 2825; x_wconf 86' lang='lat' dir='ltr'>idola,</span> <span class='ocrx_word' id='word_1_384' title='bbox 1503 2753 1572 2834; x_wconf 91' lang='lat' dir='ltr'>ipse</span> <span class='ocrx_word' id='word_1_385' title='bbox 1594 2771 1628 2815; x_wconf 93' lang='lat' dir='ltr'>es</span> <span class='ocrx_word' id='word_1_386' title='bbox 1651 2752 1844 2830; x_wconf 83' lang='lat' dir='ltr'>sacrilegus:</span> <span class='ocrx_word' id='word_1_387' title='bbox 1879 2770 1955 2815; x_wconf 89' lang='lat' dir='ltr'>nam</span> <span class='ocrx_word' id='word_1_388' title='bbox 1977 2763 2014 2815; x_wconf 92' lang='lat' dir='ltr'>tu</span> <span class='ocrx_word' id='word_1_389' title='bbox 2037 2751 2194 2816; x_wconf 83' lang='lat' dir='ltr'>observas</span> 
     </span>
     <span class='ocr_line' id='line_1_29' title="bbox 189 2833 2193 2920; baseline 0 -20"><span class='ocrx_word' id='word_1_390' title='bbox 189 2856 254 2900; x_wconf 90' lang='lat' dir='ltr'>me:</span> <span class='ocrx_word' id='word_1_391' title='bbox 283 2842 310 2900; x_wconf 89' lang='lat' dir='ltr'>et</span> <span class='ocrx_word' id='word_1_392' title='bbox 330 2841 473 2916; x_wconf 79' lang='lat' dir='ltr'>pastores</span> <span class='ocrx_word' id='word_1_393' title='bbox 494 2834 617 2915; x_wconf 71' lang='lat' dir='ltr'>perfide</span> <span class='ocrx_word' id='word_1_394' title='bbox 639 2841 764 2918; x_wconf 83' lang='lat' dir='ltr'>eperunt</span> <span class='ocrx_word' id='word_1_395' title='bbox 785 2855 919 2899; x_wconf 83' lang='lat' dir='ltr'>mecum:</span> <span class='ocrx_word' id='word_1_396' title='bbox 949 2833 1163 2917; x_wconf 82' lang='lat' dir='ltr'>etpropltetae</span> <span class='ocrx_word' id='word_1_397' title='bbox 1216 2836 1338 2920; x_wconf 91' lang='lat' dir='ltr'>legem,</span> <span class='ocrx_word' id='word_1_398' title='bbox 1372 2837 1552 2917; x_wconf 89' lang='lat' dir='ltr'>acquiescis</span> <span class='ocrx_word' id='word_1_399' title='bbox 1573 2836 1607 2900; x_wconf 90' lang='lat' dir='ltr'>iu</span> <span class='ocrx_word' id='word_1_400' title='bbox 1630 2837 1710 2918; x_wconf 88' lang='lat' dir='ltr'>ipsa,</span> <span class='ocrx_word' id='word_1_401' title='bbox 1745 2835 1896 2920; x_wconf 90' lang='lat' dir='ltr'>gloriaris</span> <span class='ocrx_word' id='word_1_402' title='bbox 1917 2836 1952 2905; x_wconf 84' lang='lat' dir='ltr'>in</span> <span class='ocrx_word' id='word_1_403' title='bbox 1976 2835 2058 2914; x_wconf 89' lang='lat' dir='ltr'>Dee,</span> <span class='ocrx_word' id='word_1_404' title='bbox 2092 2855 2193 2918; x_wconf 87' lang='lat' dir='ltr'>penes</span> 
     </span>
     <span class='ocr_line' id='line_1_30' title="bbox 185 2918 2192 3004; baseline -0 -18"><span class='ocrx_word' id='word_1_405' title='bbox 185 2921 410 3003; x_wconf 77' lang='lat' dir='ltr'>prophetarunt</span> <span class='ocrx_word' id='word_1_406' title='bbox 432 2922 466 2982; x_wconf 79' lang='lat' dir='ltr'>lu</span> <span class='ocrx_word' id='word_1_407' title='bbox 489 2919 578 2985; x_wconf 88' lang='lat' dir='ltr'>Baat</span> <span class='ocrx_word' id='word_1_408' title='bbox 603 2918 677 3003; x_wconf 89' lang='lat' dir='ltr'>(hoe</span> <span class='ocrx_word' id='word_1_409' title='bbox 700 2929 760 3002; x_wconf 92' lang='lat' dir='ltr'>est,</span> <span class='ocrx_word' id='word_1_410' title='bbox 781 2941 839 3001; x_wconf 90' lang='lat' dir='ltr'>per</span> <span class='ocrx_word' id='word_1_411' title='bbox 861 2918 967 3004; x_wconf 89' lang='lat' dir='ltr'>Baal),</span> <span class='ocrx_word' id='word_1_412' title='bbox 989 2924 1105 3001; x_wconf 81' lang='lat' dir='ltr'>etpost</span> <span class='ocrx_word' id='word_1_413' title='bbox 1125 2940 1163 2984; x_wconf 89' lang='lat' dir='ltr'>ea</span> <span class='ocrx_word' id='word_1_414' title='bbox 1216 2928 1249 2985; x_wconf 89' lang='lat' dir='ltr'>te</span> <span class='ocrx_word' id='word_1_415' title='bbox 1272 2932 1322 2986; x_wconf 91' lang='lat' dir='ltr'>est</span> <span class='ocrx_word' id='word_1_416' title='bbox 1343 2921 1486 3004; x_wconf 87' lang='lat' dir='ltr'>cognitio</span> <span class='ocrx_word' id='word_1_417' title='bbox 1504 2932 1537 2986; x_wconf 89' lang='lat' dir='ltr'>et</span> <span class='ocrx_word' id='word_1_418' title='bbox 1553 2923 1698 2986; x_wconf 89' lang='lat' dir='ltr'>seientia.</span> <span class='ocrx_word' id='word_1_419' title='bbox 1731 2921 1855 2987; x_wconf 90' lang='lat' dir='ltr'>Paulus</span> <span class='ocrx_word' id='word_1_420' title='bbox 1873 2921 1926 2985; x_wconf 90' lang='lat' dir='ltr'>his</span> <span class='ocrx_word' id='word_1_421' title='bbox 1939 2922 2049 2988; x_wconf 90' lang='lat' dir='ltr'>verbis</span> <span class='ocrx_word' id='word_1_422' title='bbox 2069 2920 2192 3004; x_wconf 88' lang='lat' dir='ltr'>detegit</span> 
     </span>
     <span class='ocr_line' id='line_1_31' title="bbox 189 3003 2192 3091; baseline -0 -20"><span class='ocrx_word' id='word_1_423' title='bbox 189 3026 268 3087; x_wconf 81' lang='lat' dir='ltr'>quae</span> <span class='ocrx_word' id='word_1_424' title='bbox 289 3026 350 3071; x_wconf 74' lang='lat' dir='ltr'>aare</span> <span class='ocrx_word' id='word_1_425' title='bbox 366 3010 501 3087; x_wconf 77' lang='lat' dir='ltr'>prosunt</span> <span class='ocrx_word' id='word_1_426' title='bbox 523 3005 757 3070; x_wconf 79' lang='lat' dir='ltr'>ambulaverunt</span> <span class='ocrx_word' id='word_1_427' title='bbox 780 3005 845 3088; x_wconf 90' lang='lat' dir='ltr'>(vel</span> <span class='ocrx_word' id='word_1_428' title='bbox 864 3005 1000 3089; x_wconf 88' lang='lat' dir='ltr'>profecti</span> <span class='ocrx_word' id='word_1_429' title='bbox 1019 3003 1119 3089; x_wconf 87' lang='lat' dir='ltr'>sunt).</span> <span class='ocrx_word' id='word_1_430' title='bbox 1216 3006 1462 3090; x_wconf 84' lang='lat' dir='ltr'>hypocritarum</span> <span class='ocrx_word' id='word_1_431' title='bbox 1485 3006 1624 3089; x_wconf 86' lang='lat' dir='ltr'>flagitia,</span> <span class='ocrx_word' id='word_1_432' title='bbox 1654 3005 1739 3089; x_wconf 89' lang='lat' dir='ltr'>quod</span> <span class='ocrx_word' id='word_1_433' title='bbox 1762 3006 1886 3072; x_wconf 89' lang='lat' dir='ltr'>scilieet</span> <span class='ocrx_word' id='word_1_434' title='bbox 1918 3007 2023 3091; x_wconf 89' lang='lat' dir='ltr'>magis</span> <span class='ocrx_word' id='word_1_435' title='bbox 2044 3007 2115 3072; x_wconf 91' lang='lat' dir='ltr'>sint</span> <span class='ocrx_word' id='word_1_436' title='bbox 2137 3007 2192 3070; x_wconf 90' lang='lat' dir='ltr'>de·</span> 
     </span>
     <span class='ocr_line' id='line_1_32' title="bbox 1216 3090 2191 3176; baseline 0.002 -22"><span class='ocrx_word' id='word_1_437' title='bbox 1216 3092 1384 3156; x_wconf 88' lang='lat' dir='ltr'>testabiles</span> <span class='ocrx_word' id='word_1_438' title='bbox 1417 3091 1495 3155; x_wconf 92' lang='lat' dir='ltr'>dum</span> <span class='ocrx_word' id='word_1_439' title='bbox 1528 3092 1575 3155; x_wconf 88' lang='lat' dir='ltr'>ita</span> <span class='ocrx_word' id='word_1_440' title='bbox 1608 3093 1713 3156; x_wconf 89' lang='lat' dir='ltr'>inflati</span> <span class='ocrx_word' id='word_1_441' title='bbox 1748 3100 1826 3156; x_wconf 89' lang='lat' dir='ltr'>sunt</span> <span class='ocrx_word' id='word_1_442' title='bbox 1857 3090 1967 3157; x_wconf 87' lang='lat' dir='ltr'>fallaci</span> <span class='ocrx_word' id='word_1_443' title='bbox 2000 3091 2128 3176; x_wconf 89' lang='lat' dir='ltr'>gloria:</span> <span class='ocrx_word' id='word_1_444' title='bbox 2159 3101 2191 3156; x_wconf 93' lang='lat' dir='ltr'>et</span> 
     </span>
    </p>

    <p class='ocr_par' dir='ltr' id='par_1_5' title="bbox 277 3173 2190 3259">
     <span class='ocr_line' id='line_1_33' title="bbox 277 3173 2190 3259; baseline 0.001 -20"><span class='ocrx_word' id='word_1_445' title='bbox 277 3175 341 3239; x_wconf 91' lang='lat' dir='ltr'>Hie</span> <span class='ocrx_word' id='word_1_446' title='bbox 364 3173 548 3255; x_wconf 89' lang='lat' dir='ltr'>specialiter</span> <span class='ocrx_word' id='word_1_447' title='bbox 566 3174 657 3238; x_wconf 91' lang='lat' dir='ltr'>Deus</span> <span class='ocrx_word' id='word_1_448' title='bbox 680 3173 871 3257; x_wconf 87' lang='lat' dir='ltr'>aggreditur</span> <span class='ocrx_word' id='word_1_449' title='bbox 893 3175 980 3256; x_wconf 90' lang='lat' dir='ltr'>ipsos</span> <span class='ocrx_word' id='word_1_450' title='bbox 1003 3174 1161 3251; x_wconf 89' lang='lat' dir='ltr'>doctores,</span> <span class='ocrx_word' id='word_1_451' title='bbox 1215 3177 1341 3241; x_wconf 90' lang='lat' dir='ltr'>interea</span> <span class='ocrx_word' id='word_1_452' title='bbox 1363 3176 1542 3259; x_wconf 87' lang='lat' dir='ltr'>profanant</span> <span class='ocrx_word' id='word_1_453' title='bbox 1562 3197 1692 3241; x_wconf 87' lang='lat' dir='ltr'>sacrum</span> <span class='ocrx_word' id='word_1_454' title='bbox 1717 3177 1779 3242; x_wconf 90' lang='lat' dir='ltr'>Dei</span> <span class='ocrx_word' id='word_1_455' title='bbox 1803 3197 1939 3257; x_wconf 90' lang='lat' dir='ltr'>nomen,</span> <span class='ocrx_word' id='word_1_456' title='bbox 1971 3176 2052 3242; x_wconf 91' lang='lat' dir='ltr'>dum</span> <span class='ocrx_word' id='word_1_457' title='bbox 2075 3176 2190 3241; x_wconf 90' lang='lat' dir='ltr'>obten-</span> 
     </span>
    </p>

    <p class='ocr_par' dir='ltr' id='par_1_6' title="bbox 159 3260 2195 5310">
     <span class='ocr_line' id='line_1_34' title="bbox 191 3260 2191 3346; baseline 0.002 -22"><span class='ocrx_word' id='word_1_458' title='bbox 191 3270 224 3324; x_wconf 90' lang='lat' dir='ltr'>et</span> <span class='ocrx_word' id='word_1_459' title='bbox 253 3261 333 3325; x_wconf 90' lang='lat' dir='ltr'>alios</span> <span class='ocrx_word' id='word_1_460' title='bbox 364 3260 482 3343; x_wconf 89' lang='lat' dir='ltr'>quibus</span> <span class='ocrx_word' id='word_1_461' title='bbox 513 3260 720 3323; x_wconf 89' lang='lat' dir='ltr'>commissum</span> <span class='ocrx_word' id='word_1_462' title='bbox 754 3268 825 3324; x_wconf 88' lang='lat' dir='ltr'>erat</span> <span class='ocrx_word' id='word_1_463' title='bbox 858 3260 970 3342; x_wconf 82' lang='lat' dir='ltr'>populi</span> <span class='ocrx_word' id='word_1_464' title='bbox 1004 3261 1162 3342; x_wconf 87' lang='lat' dir='ltr'>regimen.</span> <span class='ocrx_word' id='word_1_465' title='bbox 1216 3260 1298 3325; x_wconf 93' lang='lat' dir='ltr'>dunt</span> <span class='ocrx_word' id='word_1_466' title='bbox 1326 3283 1361 3326; x_wconf 90' lang='lat' dir='ltr'>se</span> <span class='ocrx_word' id='word_1_467' title='bbox 1391 3283 1461 3327; x_wconf 91' lang='lat' dir='ltr'>esse</span> <span class='ocrx_word' id='word_1_468' title='bbox 1493 3262 1563 3327; x_wconf 90' lang='lat' dir='ltr'>eius</span> <span class='ocrx_word' id='word_1_469' title='bbox 1593 3281 1781 3344; x_wconf 88' lang='lat' dir='ltr'>praecones,</span> <span class='ocrx_word' id='word_1_470' title='bbox 1816 3273 1848 3326; x_wconf 91' lang='lat' dir='ltr'>et</span> <span class='ocrx_word' id='word_1_471' title='bbox 1876 3262 1967 3344; x_wconf 90' lang='lat' dir='ltr'>quasi</span> <span class='ocrx_word' id='word_1_472' title='bbox 2002 3263 2191 3346; x_wconf 89' lang='lat' dir='ltr'>prophetas.</span> 
     </span>
     <span class='ocr_line' id='line_1_35' title="bbox 190 3344 2195 3429; baseline 0.001 -18"><span class='ocrx_word' id='word_1_473' title='bbox 190 3345 296 3429; x_wconf 79' lang='lat' dir='ltr'>Saepe</span> <span class='ocrx_word' id='word_1_474' title='bbox 318 3347 406 3410; x_wconf 89' lang='lat' dir='ltr'>enim</span> <span class='ocrx_word' id='word_1_475' title='bbox 426 3345 592 3428; x_wconf 86' lang='lat' dir='ltr'>continget</span> <span class='ocrx_word' id='word_1_476' title='bbox 608 3344 727 3427; x_wconf 91' lang='lat' dir='ltr'>vulgus</span> <span class='ocrx_word' id='word_1_477' title='bbox 743 3345 851 3428; x_wconf 91' lang='lat' dir='ltr'>ipsum</span> <span class='ocrx_word' id='word_1_478' title='bbox 868 3344 980 3411; x_wconf 88' lang='lat' dir='ltr'>dilabi:</span> <span class='ocrx_word' id='word_1_479' title='bbox 1003 3354 1037 3408; x_wconf 92' lang='lat' dir='ltr'>et</span> <span class='ocrx_word' id='word_1_480' title='bbox 1050 3354 1161 3409; x_wconf 88' lang='lat' dir='ltr'>tamen</span> <span class='ocrx_word' id='word_1_481' title='bbox 1215 3346 1288 3410; x_wconf 88' lang='lat' dir='ltr'>Iam</span> <span class='ocrx_word' id='word_1_482' title='bbox 1310 3345 1460 3412; x_wconf 88' lang='lat' dir='ltr'>videmus</span> <span class='ocrx_word' id='word_1_483' title='bbox 1482 3346 1543 3413; x_wconf 91' lang='lat' dir='ltr'>hoe</span> <span class='ocrx_word' id='word_1_484' title='bbox 1566 3347 1745 3412; x_wconf 90' lang='lat' dir='ltr'>seeundum</span> <span class='ocrx_word' id='word_1_485' title='bbox 1765 3347 1805 3411; x_wconf 91' lang='lat' dir='ltr'>de</span> <span class='ocrx_word' id='word_1_486' title='bbox 1823 3346 2044 3414; x_wconf 86' lang='lat' dir='ltr'>sacerdotibus</span> <span class='ocrx_word' id='word_1_487' title='bbox 2062 3348 2138 3425; x_wconf 88' lang='lat' dir='ltr'>dici,</span> <span class='ocrx_word' id='word_1_488' title='bbox 2158 3360 2195 3415; x_wconf 89' lang='lat' dir='ltr'>et</span> 
     </span>
     <span class='ocr_line' id='line_1_36' title="bbox 189 3429 2191 3516; baseline 0.002 -21"><span class='ocrx_word' id='word_1_489' title='bbox 189 3430 332 3496; x_wconf 90' lang='lat' dir='ltr'>manebit</span> <span class='ocrx_word' id='word_1_490' title='bbox 360 3431 468 3514; x_wconf 88' lang='lat' dir='ltr'>aliqua</span> <span class='ocrx_word' id='word_1_491' title='bbox 498 3431 668 3495; x_wconf 87' lang='lat' dir='ltr'>sinceritas</span> <span class='ocrx_word' id='word_1_492' title='bbox 698 3430 731 3494; x_wconf 94' lang='lat' dir='ltr'>in</span> <span class='ocrx_word' id='word_1_493' title='bbox 755 3430 936 3514; x_wconf 88' lang='lat' dir='ltr'>praelectis.</span> <span class='ocrx_word' id='word_1_494' title='bbox 981 3429 1047 3495; x_wconf 83' lang='lat' dir='ltr'>Sed</span> <span class='ocrx_word' id='word_1_495' title='bbox 1070 3429 1162 3496; x_wconf 89' lang='lat' dir='ltr'>Deus</span> <span class='ocrx_word' id='word_1_496' title='bbox 1215 3431 1287 3497; x_wconf 90' lang='lat' dir='ltr'>ideo</span> <span class='ocrx_word' id='word_1_497' title='bbox 1309 3432 1419 3498; x_wconf 87' lang='lat' dir='ltr'>vocari</span> <span class='ocrx_word' id='word_1_498' title='bbox 1441 3432 1591 3497; x_wconf 85' lang='lat' dir='ltr'>custodes</span> <span class='ocrx_word' id='word_1_499' title='bbox 1614 3432 1705 3516; x_wconf 85' lang='lat' dir='ltr'>legis,</span> <span class='ocrx_word' id='word_1_500' title='bbox 1729 3433 1806 3515; x_wconf 93' lang='lat' dir='ltr'>quia</span> <span class='ocrx_word' id='word_1_501' title='bbox 1823 3433 1863 3497; x_wconf 90' lang='lat' dir='ltr'>ad</span> <span class='ocrx_word' id='word_1_502' title='bbox 1883 3433 1945 3499; x_wconf 90' lang='lat' dir='ltr'>hoc</span> <span class='ocrx_word' id='word_1_503' title='bbox 1962 3434 2064 3498; x_wconf 88' lang='lat' dir='ltr'>creati</span> <span class='ocrx_word' id='word_1_504' title='bbox 2086 3444 2191 3514; x_wconf 85' lang='lat' dir='ltr'>erant,</span> 
     </span>
     <span class='ocr_line' id='line_1_37' title="bbox 189 3515 2192 3601; baseline 0.002 -20"><span class='ocrx_word' id='word_1_505' title='bbox 189 3516 331 3582; x_wconf 88' lang='lat' dir='ltr'>ostendit</span> <span class='ocrx_word' id='word_1_506' title='bbox 354 3516 451 3581; x_wconf 91' lang='lat' dir='ltr'>talem</span> <span class='ocrx_word' id='word_1_507' title='bbox 475 3516 577 3580; x_wconf 87' lang='lat' dir='ltr'>fuisse</span> <span class='ocrx_word' id='word_1_508' title='bbox 600 3515 812 3581; x_wconf 88' lang='lat' dir='ltr'>delectionem</span> <span class='ocrx_word' id='word_1_509' title='bbox 836 3517 868 3580; x_wconf 92' lang='lat' dir='ltr'>in</span> <span class='ocrx_word' id='word_1_510' title='bbox 888 3516 1019 3600; x_wconf 91' lang='lat' dir='ltr'>populo,</span> <span class='ocrx_word' id='word_1_511' title='bbox 1042 3523 1161 3580; x_wconf 89' lang='lat' dir='ltr'>uttam</span> <span class='ocrx_word' id='word_1_512' title='bbox 1216 3516 1489 3599; x_wconf 88' lang='lat' dir='ltr'>quemadmodum</span> <span class='ocrx_word' id='word_1_513' title='bbox 1520 3519 1745 3601; x_wconf 88' lang='lat' dir='ltr'>cognoscimus</span> <span class='ocrx_word' id='word_1_514' title='bbox 1775 3540 1818 3583; x_wconf 87' lang='lat' dir='ltr'>ex</span> <span class='ocrx_word' id='word_1_515' title='bbox 1847 3517 2020 3584; x_wconf 83' lang='lat' dir='ltr'>Malachia.</span> <span class='ocrx_word' id='word_1_516' title='bbox 2070 3519 2192 3586; x_wconf 82' lang='lat' dir='ltr'>Postea</span> 
     </span>
     <span class='ocr_line' id='line_1_38' title="bbox 188 3601 2191 3688; baseline 0.001 -20"><span class='ocrx_word' id='word_1_517' title='bbox 188 3601 371 3668; x_wconf 87' lang='lat' dir='ltr'>sacerdotes</span> <span class='ocrx_word' id='word_1_518' title='bbox 396 3623 492 3684; x_wconf 87' lang='lat' dir='ltr'>quam</span> <span class='ocrx_word' id='word_1_519' title='bbox 516 3602 708 3683; x_wconf 89' lang='lat' dir='ltr'>prophetae,</span> <span class='ocrx_word' id='word_1_520' title='bbox 736 3613 768 3666; x_wconf 94' lang='lat' dir='ltr'>et</span> <span class='ocrx_word' id='word_1_521' title='bbox 792 3622 940 3686; x_wconf 88' lang='lat' dir='ltr'>proceres</span> <span class='ocrx_word' id='word_1_522' title='bbox 962 3603 1026 3685; x_wconf 89' lang='lat' dir='ltr'>ipsi</span> <span class='ocrx_word' id='word_1_523' title='bbox 1049 3622 1162 3667; x_wconf 89' lang='lat' dir='ltr'>omnes</span> <span class='ocrx_word' id='word_1_524' title='bbox 1217 3601 1375 3686; x_wconf 88' lang='lat' dir='ltr'>adiungit,</span> <span class='ocrx_word' id='word_1_525' title='bbox 1400 3603 1548 3669; x_wconf 86' lang='lat' dir='ltr'>Pastores</span> <span class='ocrx_word' id='word_1_526' title='bbox 1564 3603 1686 3684; x_wconf 71' lang='lat' dir='ltr'>perfide</span> <span class='ocrx_word' id='word_1_527' title='bbox 1707 3604 1805 3688; x_wconf 78' lang='lat' dir='ltr'>spisse</span> <span class='ocrx_word' id='word_1_528' title='bbox 1822 3623 1891 3669; x_wconf 87' lang='lat' dir='ltr'>cum</span> <span class='ocrx_word' id='word_1_529' title='bbox 1902 3603 1979 3669; x_wconf 92' lang='lat' dir='ltr'>Deo.</span> <span class='ocrx_word' id='word_1_530' title='bbox 2008 3604 2191 3671; x_wconf 90' lang='lat' dir='ltr'>Possumus</span> 
     </span>
     <span class='ocr_line' id='line_1_39' title="bbox 189 3686 2190 3772; baseline 0.004 -23"><span class='ocrx_word' id='word_1_531' title='bbox 189 3687 390 3752; x_wconf 87' lang='lat' dir='ltr'>desciverint</span> <span class='ocrx_word' id='word_1_532' title='bbox 410 3708 522 3751; x_wconf 90' lang='lat' dir='ltr'>avere</span> <span class='ocrx_word' id='word_1_533' title='bbox 545 3687 645 3769; x_wconf 92' lang='lat' dir='ltr'>cultu,</span> <span class='ocrx_word' id='word_1_534' title='bbox 668 3686 860 3752; x_wconf 88' lang='lat' dir='ltr'>etabemni</span> <span class='ocrx_word' id='word_1_535' title='bbox 882 3688 1017 3753; x_wconf 90' lang='lat' dir='ltr'>iustitia.</span> <span class='ocrx_word' id='word_1_536' title='bbox 1049 3686 1161 3767; x_wconf 79' lang='lat' dir='ltr'>Quum</span> <span class='ocrx_word' id='word_1_537' title='bbox 1216 3688 1277 3754; x_wconf 90' lang='lat' dir='ltr'>hoe</span> <span class='ocrx_word' id='word_1_538' title='bbox 1301 3690 1478 3754; x_wconf 80' lang='lat' dir='ltr'>transferre</span> <span class='ocrx_word' id='word_1_539' title='bbox 1507 3697 1575 3753; x_wconf 89' lang='lat' dir='ltr'>tam</span> <span class='ocrx_word' id='word_1_540' title='bbox 1598 3688 1639 3752; x_wconf 89' lang='lat' dir='ltr'>ad</span> <span class='ocrx_word' id='word_1_541' title='bbox 1661 3689 1863 3754; x_wconf 89' lang='lat' dir='ltr'>consiliarios</span> <span class='ocrx_word' id='word_1_542' title='bbox 1891 3689 1993 3772; x_wconf 88' lang='lat' dir='ltr'>regis,</span> <span class='ocrx_word' id='word_1_543' title='bbox 2025 3710 2125 3772; x_wconf 87' lang='lat' dir='ltr'>quam</span> <span class='ocrx_word' id='word_1_544' title='bbox 2149 3691 2190 3757; x_wconf 88' lang='lat' dir='ltr'>ad</span> 
     </span>
     <span class='ocr_line' id='line_1_40' title="bbox 188 3771 2189 3858; baseline 0.003 -24"><span class='ocrx_word' id='word_1_545' title='bbox 188 3782 297 3835; x_wconf 91' lang='lat' dir='ltr'>autem</span> <span class='ocrx_word' id='word_1_546' title='bbox 321 3771 444 3855; x_wconf 79' lang='lat' dir='ltr'>stylum</span> <span class='ocrx_word' id='word_1_547' title='bbox 475 3773 521 3834; x_wconf 88' lang='lat' dir='ltr'>ita</span> <span class='ocrx_word' id='word_1_548' title='bbox 544 3771 699 3837; x_wconf 88' lang='lat' dir='ltr'>Ieremias</span> <span class='ocrx_word' id='word_1_549' title='bbox 729 3773 865 3855; x_wconf 90' lang='lat' dir='ltr'>stringit</span> <span class='ocrx_word' id='word_1_550' title='bbox 893 3774 927 3837; x_wconf 90' lang='lat' dir='ltr'>in</span> <span class='ocrx_word' id='word_1_551' title='bbox 951 3773 1100 3838; x_wconf 88' lang='lat' dir='ltr'>dectores</span> <span class='ocrx_word' id='word_1_552' title='bbox 1130 3780 1163 3837; x_wconf 93' lang='lat' dir='ltr'>et</span> <span class='ocrx_word' id='word_1_553' title='bbox 1215 3775 1362 3838; x_wconf 88' lang='lat' dir='ltr'>omnium</span> <span class='ocrx_word' id='word_1_554' title='bbox 1385 3775 1516 3840; x_wconf 89' lang='lat' dir='ltr'>urbium</span> <span class='ocrx_word' id='word_1_555' title='bbox 1541 3774 1730 3856; x_wconf 87' lang='lat' dir='ltr'>praelectus.</span> <span class='ocrx_word' id='word_1_556' title='bbox 1773 3773 1842 3840; x_wconf 88' lang='lat' dir='ltr'>Nee</span> <span class='ocrx_word' id='word_1_557' title='bbox 1865 3773 1987 3853; x_wconf 87' lang='lat' dir='ltr'>dubito,</span> <span class='ocrx_word' id='word_1_558' title='bbox 2010 3774 2092 3858; x_wconf 92' lang='lat' dir='ltr'>quin</span> <span class='ocrx_word' id='word_1_559' title='bbox 2114 3796 2189 3857; x_wconf 91' lang='lat' dir='ltr'>pro·</span> 
     </span>
     <span class='ocr_line' id='line_1_41' title="bbox 188 3856 2192 3943; baseline 0.002 -23"><span class='ocrx_word' id='word_1_560' title='bbox 188 3857 381 3938; x_wconf 90' lang='lat' dir='ltr'>sacerdotes,</span> <span class='ocrx_word' id='word_1_561' title='bbox 412 3867 444 3919; x_wconf 89' lang='lat' dir='ltr'>et</span> <span class='ocrx_word' id='word_1_562' title='bbox 466 3856 617 3935; x_wconf 89' lang='lat' dir='ltr'>reliquos,</span> <span class='ocrx_word' id='word_1_563' title='bbox 641 3878 706 3920; x_wconf 93' lang='lat' dir='ltr'>nen</span> <span class='ocrx_word' id='word_1_564' title='bbox 730 3866 864 3923; x_wconf 84' lang='lat' dir='ltr'>excusat</span> <span class='ocrx_word' id='word_1_565' title='bbox 886 3858 1027 3941; x_wconf 87' lang='lat' dir='ltr'>plebem,</span> <span class='ocrx_word' id='word_1_566' title='bbox 1055 3877 1162 3939; x_wconf 89' lang='lat' dir='ltr'>neque</span> <span class='ocrx_word' id='word_1_567' title='bbox 1215 3858 1315 3942; x_wconf 88' lang='lat' dir='ltr'>pheta</span> <span class='ocrx_word' id='word_1_568' title='bbox 1343 3859 1514 3943; x_wconf 92' lang='lat' dir='ltr'>complecti</span> <span class='ocrx_word' id='word_1_569' title='bbox 1544 3858 1686 3925; x_wconf 88' lang='lat' dir='ltr'>voluerit</span> <span class='ocrx_word' id='word_1_570' title='bbox 1715 3878 1771 3924; x_wconf 91' lang='lat' dir='ltr'>eos</span> <span class='ocrx_word' id='word_1_571' title='bbox 1800 3880 1929 3938; x_wconf 89' lang='lat' dir='ltr'>omnes,</span> <span class='ocrx_word' id='word_1_572' title='bbox 1963 3860 2018 3943; x_wconf 92' lang='lat' dir='ltr'>qui</span> <span class='ocrx_word' id='word_1_573' title='bbox 2048 3861 2192 3943; x_wconf 85' lang='lat' dir='ltr'>praediti</span> 
     </span>
     <span class='ocr_line' id='line_1_42' title="bbox 189 3943 2189 4029; baseline 0.004 -25"><span class='ocrx_word' id='word_1_574' title='bbox 189 3951 345 4004; x_wconf 87' lang='lat' dir='ltr'>extenuat</span> <span class='ocrx_word' id='word_1_575' title='bbox 367 3943 513 4018; x_wconf 88' lang='lat' dir='ltr'>crimina,</span> <span class='ocrx_word' id='word_1_576' title='bbox 540 3961 624 4021; x_wconf 90' lang='lat' dir='ltr'>quae</span> <span class='ocrx_word' id='word_1_577' title='bbox 648 3950 724 4006; x_wconf 89' lang='lat' dir='ltr'>tune</span> <span class='ocrx_word' id='word_1_578' title='bbox 747 3943 869 4024; x_wconf 88' lang='lat' dir='ltr'>passim</span> <span class='ocrx_word' id='word_1_579' title='bbox 891 3944 991 4008; x_wconf 86' lang='lat' dir='ltr'>fuisse</span> <span class='ocrx_word' id='word_1_580' title='bbox 1014 3949 1162 4026; x_wconf 87' lang='lat' dir='ltr'>grassata</span> <span class='ocrx_word' id='word_1_581' title='bbox 1214 3954 1308 4008; x_wconf 88' lang='lat' dir='ltr'>erant</span> <span class='ocrx_word' id='word_1_582' title='bbox 1341 3945 1449 4026; x_wconf 90' lang='lat' dir='ltr'>aliquo</span> <span class='ocrx_word' id='word_1_583' title='bbox 1482 3945 1639 4027; x_wconf 90' lang='lat' dir='ltr'>imperio,</span> <span class='ocrx_word' id='word_1_584' title='bbox 1672 3952 1709 4009; x_wconf 93' lang='lat' dir='ltr'>ut</span> <span class='ocrx_word' id='word_1_585' title='bbox 1742 3945 1897 4027; x_wconf 88' lang='lat' dir='ltr'>populum</span> <span class='ocrx_word' id='word_1_586' title='bbox 1928 3943 1992 4010; x_wconf 90' lang='lat' dir='ltr'>Dei</span> <span class='ocrx_word' id='word_1_587' title='bbox 2025 3958 2189 4029; x_wconf 88' lang='lat' dir='ltr'>regerent.</span> 
     </span>
     <span class='ocr_line' id='line_1_43' title="bbox 189 4024 2190 4114; baseline 0.003 -25"><span class='ocrx_word' id='word_1_588' title='bbox 189 4024 371 4090; x_wconf 90' lang='lat' dir='ltr'>videbimus</span> <span class='ocrx_word' id='word_1_589' title='bbox 388 4049 428 4089; x_wconf 81' lang='lat' dir='ltr'>ex</span> <span class='ocrx_word' id='word_1_590' title='bbox 445 4034 614 4090; x_wconf 83' lang='lat' dir='ltr'>contextu:</span> <span class='ocrx_word' id='word_1_591' title='bbox 639 4026 912 4106; x_wconf 90' lang='lat' dir='ltr'>quemadmodum</span> <span class='ocrx_word' id='word_1_592' title='bbox 931 4027 1025 4092; x_wconf 91' lang='lat' dir='ltr'>multi</span> <span class='ocrx_word' id='word_1_593' title='bbox 1044 4034 1162 4109; x_wconf 89' lang='lat' dir='ltr'>putant</span> <span class='ocrx_word' id='word_1_594' title='bbox 1215 4028 1441 4094; x_wconf 74' lang='lat' dir='ltr'>communiter</span> <span class='ocrx_word' id='word_1_595' title='bbox 1469 4032 1556 4093; x_wconf 92' lang='lat' dir='ltr'>enim</span> <span class='ocrx_word' id='word_1_596' title='bbox 1587 4039 1653 4095; x_wconf 90' lang='lat' dir='ltr'>tam</span> <span class='ocrx_word' id='word_1_597' title='bbox 1685 4049 1779 4114; x_wconf 86' lang='lat' dir='ltr'>reges</span> <span class='ocrx_word' id='word_1_598' title='bbox 1801 4039 1834 4096; x_wconf 92' lang='lat' dir='ltr'>et</span> <span class='ocrx_word' id='word_1_599' title='bbox 1856 4050 1968 4095; x_wconf 86' lang='lat' dir='ltr'>aarum</span> <span class='ocrx_word' id='word_1_600' title='bbox 2000 4030 2190 4109; x_wconf 86' lang='lat' dir='ltr'>consiliarii,</span> 
     </span>
     <span class='ocr_line' id='line_1_44' title="bbox 189 4109 2190 4199; baseline 0.003 -24"><span class='ocrx_word' id='word_1_601' title='bbox 189 4132 224 4175; x_wconf 91' lang='lat' dir='ltr'>se</span> <span class='ocrx_word' id='word_1_602' title='bbox 256 4109 394 4174; x_wconf 89' lang='lat' dir='ltr'>obiicere</span> <span class='ocrx_word' id='word_1_603' title='bbox 425 4109 496 4174; x_wconf 92' lang='lat' dir='ltr'>Deo</span> <span class='ocrx_word' id='word_1_604' title='bbox 527 4111 696 4194; x_wconf 81' lang='lat' dir='ltr'>elypeum,</span> <span class='ocrx_word' id='word_1_605' title='bbox 731 4113 784 4176; x_wconf 93' lang='lat' dir='ltr'>ubi</span> <span class='ocrx_word' id='word_1_606' title='bbox 815 4110 997 4177; x_wconf 89' lang='lat' dir='ltr'>obtendunt</span> <span class='ocrx_word' id='word_1_607' title='bbox 1029 4133 1064 4178; x_wconf 90' lang='lat' dir='ltr'>se</span> <span class='ocrx_word' id='word_1_608' title='bbox 1095 4131 1160 4176; x_wconf 91' lang='lat' dir='ltr'>non</span> <span class='ocrx_word' id='word_1_609' title='bbox 1214 4134 1312 4196; x_wconf 88' lang='lat' dir='ltr'>quam</span> <span class='ocrx_word' id='word_1_610' title='bbox 1346 4112 1527 4196; x_wconf 87' lang='lat' dir='ltr'>prophetae</span> <span class='ocrx_word' id='word_1_611' title='bbox 1560 4123 1718 4180; x_wconf 89' lang='lat' dir='ltr'>vocantur</span> <span class='ocrx_word' id='word_1_612' title='bbox 1751 4124 1909 4199; x_wconf 84' lang='lat' dir='ltr'>pastores.</span> <span class='ocrx_word' id='word_1_613' title='bbox 1964 4114 2056 4181; x_wconf 91' lang='lat' dir='ltr'>Dicit</span> <span class='ocrx_word' id='word_1_614' title='bbox 2089 4117 2190 4182; x_wconf 88' lang='lat' dir='ltr'>stiam</span> 
     </span>
     <span class='ocr_line' id='line_1_45' title="bbox 188 4194 2190 4284; baseline 0.003 -25"><span class='ocrx_word' id='word_1_615' title='bbox 188 4196 310 4279; x_wconf 90' lang='lat' dir='ltr'>pollere</span> <span class='ocrx_word' id='word_1_616' title='bbox 341 4205 433 4258; x_wconf 90' lang='lat' dir='ltr'>tanta</span> <span class='ocrx_word' id='word_1_617' title='bbox 463 4194 625 4273; x_wconf 90' lang='lat' dir='ltr'>doctrina,</span> <span class='ocrx_word' id='word_1_618' title='bbox 656 4205 693 4259; x_wconf 91' lang='lat' dir='ltr'>ut</span> <span class='ocrx_word' id='word_1_619' title='bbox 723 4194 911 4260; x_wconf 88' lang='lat' dir='ltr'>discernant</span> <span class='ocrx_word' id='word_1_620' title='bbox 940 4198 1026 4262; x_wconf 90' lang='lat' dir='ltr'>inter</span> <span class='ocrx_word' id='word_1_621' title='bbox 1054 4198 1161 4263; x_wconf 90' lang='lat' dir='ltr'>lucem</span> <span class='ocrx_word' id='word_1_622' title='bbox 1214 4196 1386 4279; x_wconf 81' lang='lat' dir='ltr'>Prophetas</span> <span class='ocrx_word' id='word_1_623' title='bbox 1401 4197 1603 4279; x_wconf 75' lang='lat' dir='ltr'>prophetasse</span> <span class='ocrx_word' id='word_1_624' title='bbox 1618 4220 1676 4281; x_wconf 86' lang='lat' dir='ltr'>per</span> <span class='ocrx_word' id='word_1_625' title='bbox 1686 4199 1783 4265; x_wconf 87' lang='lat' dir='ltr'>Baol.</span> <span class='ocrx_word' id='word_1_626' title='bbox 1813 4201 1942 4265; x_wconf 90' lang='lat' dir='ltr'>Nomen</span> <span class='ocrx_word' id='word_1_627' title='bbox 1960 4201 2190 4284; x_wconf 88' lang='lat' dir='ltr'>propheticum</span> 
     </span>
     <span class='ocr_line' id='line_1_46' title="bbox 189 4281 2191 4371; baseline 0.004 -26"><span class='ocrx_word' id='word_1_628' title='bbox 189 4292 221 4345; x_wconf 91' lang='lat' dir='ltr'>et</span> <span class='ocrx_word' id='word_1_629' title='bbox 244 4281 412 4356; x_wconf 87' lang='lat' dir='ltr'>tenebras,</span> <span class='ocrx_word' id='word_1_630' title='bbox 442 4281 497 4342; x_wconf 91' lang='lat' dir='ltr'>sed</span> <span class='ocrx_word' id='word_1_631' title='bbox 530 4283 599 4364; x_wconf 89' lang='lat' dir='ltr'>regi</span> <span class='ocrx_word' id='word_1_632' title='bbox 629 4302 648 4345; x_wconf 89' lang='lat' dir='ltr'>s</span> <span class='ocrx_word' id='word_1_633' title='bbox 675 4282 742 4346; x_wconf 92' lang='lat' dir='ltr'>suis</span> <span class='ocrx_word' id='word_1_634' title='bbox 771 4282 951 4364; x_wconf 89' lang='lat' dir='ltr'>praelectis.</span> <span class='ocrx_word' id='word_1_635' title='bbox 995 4282 1161 4366; x_wconf 90' lang='lat' dir='ltr'>Propheta</span> <span class='ocrx_word' id='word_1_636' title='bbox 1214 4303 1273 4365; x_wconf 90' lang='lat' dir='ltr'>per</span> <span class='ocrx_word' id='word_1_637' title='bbox 1302 4304 1336 4347; x_wconf 92' lang='lat' dir='ltr'>se</span> <span class='ocrx_word' id='word_1_638' title='bbox 1367 4303 1497 4348; x_wconf 89' lang='lat' dir='ltr'>sacrum</span> <span class='ocrx_word' id='word_1_639' title='bbox 1526 4294 1593 4349; x_wconf 89' lang='lat' dir='ltr'>est:</span> <span class='ocrx_word' id='word_1_640' title='bbox 1627 4293 1792 4351; x_wconf 88' lang='lat' dir='ltr'>caeterum</span> <span class='ocrx_word' id='word_1_641' title='bbox 1823 4293 2092 4371; x_wconf 81' lang='grc' dir='ltr'><strong>καταχρηστικῶς</strong></span> <span class='ocrx_word' id='word_1_642' title='bbox 2127 4287 2191 4354; x_wconf 87' lang='lat' dir='ltr'>hoc</span> 
     </span>
     <span class='ocr_line' id='line_1_47' title="bbox 188 4365 2190 4455; baseline 0.003 -25"><span class='ocrx_word' id='word_1_643' title='bbox 188 4387 266 4450; x_wconf 90' lang='lat' dir='ltr'>ergo</span> <span class='ocrx_word' id='word_1_644' title='bbox 302 4366 355 4430; x_wconf 91' lang='lat' dir='ltr'>hie</span> <span class='ocrx_word' id='word_1_645' title='bbox 390 4386 454 4429; x_wconf 93' lang='lat' dir='ltr'>non</span> <span class='ocrx_word' id='word_1_646' title='bbox 489 4365 616 4430; x_wconf 91' lang='lat' dir='ltr'>derivat</span> <span class='ocrx_word' id='word_1_647' title='bbox 650 4366 779 4448; x_wconf 87' lang='lat' dir='ltr'>eulpam</span> <span class='ocrx_word' id='word_1_648' title='bbox 810 4386 830 4430; x_wconf 89' lang='lat' dir='ltr'>a</span> <span class='ocrx_word' id='word_1_649' title='bbox 856 4366 975 4450; x_wconf 93' lang='lat' dir='ltr'>populo</span> <span class='ocrx_word' id='word_1_650' title='bbox 1008 4367 1043 4431; x_wconf 91' lang='lat' dir='ltr'>in</span> <span class='ocrx_word' id='word_1_651' title='bbox 1072 4369 1161 4449; x_wconf 90' lang='lat' dir='ltr'>ipsos</span> <span class='ocrx_word' id='word_1_652' title='bbox 1215 4368 1284 4433; x_wconf 90' lang='lat' dir='ltr'>loeo</span> <span class='ocrx_word' id='word_1_653' title='bbox 1306 4367 1473 4449; x_wconf 88' lang='lat' dir='ltr'>Ieremias,</span> <span class='ocrx_word' id='word_1_654' title='bbox 1506 4380 1543 4434; x_wconf 91' lang='lat' dir='ltr'>ut</span> <span class='ocrx_word' id='word_1_655' title='bbox 1565 4371 1678 4435; x_wconf 92' lang='lat' dir='ltr'>multis</span> <span class='ocrx_word' id='word_1_656' title='bbox 1708 4371 1789 4449; x_wconf 88' lang='lat' dir='ltr'>aliis,</span> <span class='ocrx_word' id='word_1_657' title='bbox 1824 4372 2000 4455; x_wconf 88' lang='lat' dir='ltr'>prophetas</span> <span class='ocrx_word' id='word_1_658' title='bbox 2029 4372 2190 4450; x_wconf 89' lang='lat' dir='ltr'>nominat,</span> 
     </span>
     <span class='ocr_line' id='line_1_48' title="bbox 159 4448 2192 4539; baseline 0.006 -27"><span class='ocrx_word' id='word_1_659' title='bbox 159 4509 161 4512; x_wconf 77' lang='grc'>,</span> <span class='ocrx_word' id='word_1_660' title='bbox 188 4452 389 4533; x_wconf 84' lang='lat' dir='ltr'>praefectos:</span> <span class='ocrx_word' id='word_1_661' title='bbox 423 4448 478 4513; x_wconf 92' lang='lat' dir='ltr'>sed</span> <span class='ocrx_word' id='word_1_662' title='bbox 508 4453 615 4532; x_wconf 90' lang='lat' dir='ltr'>petius</span> <span class='ocrx_word' id='word_1_663' title='bbox 652 4452 830 4534; x_wconf 89' lang='lat' dir='ltr'>amplificat</span> <span class='ocrx_word' id='word_1_664' title='bbox 864 4453 1067 4520; x_wconf 88' lang='lat' dir='ltr'>atrocitatem</span> <span class='ocrx_word' id='word_1_665' title='bbox 1100 4452 1161 4516; x_wconf 92' lang='lat' dir='ltr'>im·</span> <span class='ocrx_word' id='word_1_666' title='bbox 1215 4454 1271 4535; x_wconf 93' lang='lat' dir='ltr'>qui</span> <span class='ocrx_word' id='word_1_667' title='bbox 1291 4462 1400 4518; x_wconf 89' lang='lat' dir='ltr'>tamen</span> <span class='ocrx_word' id='word_1_668' title='bbox 1422 4463 1516 4518; x_wconf 90' lang='lat' dir='ltr'>erant</span> <span class='ocrx_word' id='word_1_669' title='bbox 1537 4455 1742 4539; x_wconf 88' lang='lat' dir='ltr'>impostores.</span> <span class='ocrx_word' id='word_1_670' title='bbox 1780 4457 1873 4527; x_wconf 90' lang='lat' dir='ltr'>Deus</span> <span class='ocrx_word' id='word_1_671' title='bbox 1895 4457 1982 4521; x_wconf 91' lang='lat' dir='ltr'>euim</span> <span class='ocrx_word' id='word_1_672' title='bbox 2005 4456 2192 4524; x_wconf 87' lang='lat' dir='ltr'>abstulerat</span> 
     </span>
     <span class='ocr_line' id='line_1_49' title="bbox 188 4533 2190 4625; baseline 0.003 -25"><span class='ocrx_word' id='word_1_673' title='bbox 188 4538 336 4619; x_wconf 88' lang='lat' dir='ltr'>pietatis:</span> <span class='ocrx_word' id='word_1_674' title='bbox 371 4533 523 4617; x_wconf 88' lang='lat' dir='ltr'>quoniam</span> <span class='ocrx_word' id='word_1_675' title='bbox 554 4557 573 4599; x_wconf 87' lang='lat' dir='ltr'>a</span> <span class='ocrx_word' id='word_1_676' title='bbox 602 4538 736 4601; x_wconf 89' lang='lat' dir='ltr'>minimo</span> <span class='ocrx_word' id='word_1_677' title='bbox 770 4558 872 4621; x_wconf 91' lang='lat' dir='ltr'>usque</span> <span class='ocrx_word' id='word_1_678' title='bbox 905 4536 946 4602; x_wconf 89' lang='lat' dir='ltr'>ad</span> <span class='ocrx_word' id='word_1_679' title='bbox 980 4540 1161 4602; x_wconf 79' lang='lat' dir='ltr'>maximum</span> <span class='ocrx_word' id='word_1_680' title='bbox 1214 4537 1281 4604; x_wconf 91' lang='lat' dir='ltr'>illis</span> <span class='ocrx_word' id='word_1_681' title='bbox 1303 4559 1433 4602; x_wconf 89' lang='lat' dir='ltr'>omnem</span> <span class='ocrx_word' id='word_1_682' title='bbox 1459 4538 1564 4605; x_wconf 88' lang='lat' dir='ltr'>lucem</span> <span class='ocrx_word' id='word_1_683' title='bbox 1588 4561 1685 4607; x_wconf 86' lang='lat' dir='ltr'>verae</span> <span class='ocrx_word' id='word_1_684' title='bbox 1715 4541 1890 4608; x_wconf 88' lang='lat' dir='ltr'>doetrinae.</span> <span class='ocrx_word' id='word_1_685' title='bbox 1936 4540 2003 4609; x_wconf 82' lang='lat' dir='ltr'>Sed</span> <span class='ocrx_word' id='word_1_686' title='bbox 2033 4544 2190 4625; x_wconf 89' lang='lat' dir='ltr'>quoniam</span> 
     </span>
     <span class='ocr_line' id='line_1_50' title="bbox 187 4619 2190 4710; baseline 0.004 -25"><span class='ocrx_word' id='word_1_687' title='bbox 187 4643 300 4686; x_wconf 93' lang='lat' dir='ltr'>omues</span> <span class='ocrx_word' id='word_1_688' title='bbox 316 4622 425 4686; x_wconf 92' lang='lat' dir='ltr'>Deum</span> <span class='ocrx_word' id='word_1_689' title='bbox 445 4627 478 4684; x_wconf 90' lang='lat' dir='ltr'>et</span> <span class='ocrx_word' id='word_1_690' title='bbox 497 4619 601 4703; x_wconf 88' lang='lat' dir='ltr'>legem</span> <span class='ocrx_word' id='word_1_691' title='bbox 621 4623 690 4687; x_wconf 90' lang='lat' dir='ltr'>eius</span> <span class='ocrx_word' id='word_1_692' title='bbox 713 4623 965 4707; x_wconf 86' lang='lat' dir='ltr'>abnegaverant.</span> <span class='ocrx_word' id='word_1_693' title='bbox 998 4624 1162 4688; x_wconf 80' lang='lat' dir='ltr'>Tenemus</span> <span class='ocrx_word' id='word_1_694' title='bbox 1215 4623 1306 4688; x_wconf 91' lang='lat' dir='ltr'>illam</span> <span class='ocrx_word' id='word_1_695' title='bbox 1330 4623 1603 4690; x_wconf 87' lang='lat' dir='ltr'>existimationem</span> <span class='ocrx_word' id='word_1_696' title='bbox 1626 4626 1733 4692; x_wconf 90' lang='lat' dir='ltr'>adhuc</span> <span class='ocrx_word' id='word_1_697' title='bbox 1755 4628 1911 4693; x_wconf 89' lang='lat' dir='ltr'>tenebant</span> <span class='ocrx_word' id='word_1_698' title='bbox 1933 4629 1966 4692; x_wconf 92' lang='lat' dir='ltr'>in</span> <span class='ocrx_word' id='word_1_699' title='bbox 1989 4628 2121 4710; x_wconf 92' lang='lat' dir='ltr'>populo,</span> <span class='ocrx_word' id='word_1_700' title='bbox 2153 4649 2190 4694; x_wconf 88' lang='lat' dir='ltr'>ao</span> 
     </span>
     <span class='ocr_line' id='line_1_51' title="bbox 188 4705 2192 4793; baseline 0.003 -22"><span class='ocrx_word' id='word_1_701' title='bbox 188 4726 266 4791; x_wconf 89' lang='lat' dir='ltr'>erge</span> <span class='ocrx_word' id='word_1_702' title='bbox 290 4726 377 4772; x_wconf 89' lang='lat' dir='ltr'>nune</span> <span class='ocrx_word' id='word_1_703' title='bbox 398 4705 570 4773; x_wconf 88' lang='lat' dir='ltr'>consilium</span> <span class='ocrx_word' id='word_1_704' title='bbox 597 4706 783 4789; x_wconf 88' lang='lat' dir='ltr'>prophetae.</span> <span class='ocrx_word' id='word_1_705' title='bbox 829 4709 874 4772; x_wconf 87' lang='lat' dir='ltr'>Et</span> <span class='ocrx_word' id='word_1_706' title='bbox 898 4707 1088 4773; x_wconf 90' lang='lat' dir='ltr'>discendum</span> <span class='ocrx_word' id='word_1_707' title='bbox 1112 4715 1163 4771; x_wconf 89' lang='lat' dir='ltr'>est</span> <span class='ocrx_word' id='word_1_708' title='bbox 1216 4709 1244 4773; x_wconf 90' lang='lat' dir='ltr'>si</span> <span class='ocrx_word' id='word_1_709' title='bbox 1271 4718 1380 4773; x_wconf 90' lang='lat' dir='ltr'>essent</span> <span class='ocrx_word' id='word_1_710' title='bbox 1411 4711 1604 4793; x_wconf 89' lang='lat' dir='ltr'>prophetae,</span> <span class='ocrx_word' id='word_1_711' title='bbox 1639 4713 1710 4776; x_wconf 92' lang='lat' dir='ltr'>ideo</span> <span class='ocrx_word' id='word_1_712' title='bbox 1740 4712 1780 4776; x_wconf 90' lang='lat' dir='ltr'>ab</span> <span class='ocrx_word' id='word_1_713' title='bbox 1807 4712 1931 4790; x_wconf 85' lang='lat' dir='ltr'>allicio,</span> <span class='ocrx_word' id='word_1_714' title='bbox 1964 4722 1997 4776; x_wconf 92' lang='lat' dir='ltr'>et</span> <span class='ocrx_word' id='word_1_715' title='bbox 2019 4715 2192 4779; x_wconf 86' lang='lat' dir='ltr'>vocatione</span> 
     </span>
     <span class='ocr_line' id='line_1_52' title="bbox 188 4790 2189 4881; baseline 0.002 -24"><span class='ocrx_word' id='word_1_716' title='bbox 188 4814 229 4857; x_wconf 84' lang='lat' dir='ltr'>ex</span> <span class='ocrx_word' id='word_1_717' title='bbox 252 4793 312 4857; x_wconf 91' lang='lat' dir='ltr'>hec</span> <span class='ocrx_word' id='word_1_718' title='bbox 336 4793 404 4858; x_wconf 91' lang='lat' dir='ltr'>loco</span> <span class='ocrx_word' id='word_1_719' title='bbox 426 4790 528 4857; x_wconf 88' lang='lat' dir='ltr'>stulte</span> <span class='ocrx_word' id='word_1_720' title='bbox 551 4798 584 4855; x_wconf 90' lang='lat' dir='ltr'>et</span> <span class='ocrx_word' id='word_1_721' title='bbox 607 4792 716 4873; x_wconf 88' lang='lat' dir='ltr'>inepte</span> <span class='ocrx_word' id='word_1_722' title='bbox 745 4795 851 4859; x_wconf 85' lang='lat' dir='ltr'>faeere</span> <span class='ocrx_word' id='word_1_723' title='bbox 874 4814 928 4858; x_wconf 92' lang='lat' dir='ltr'>eos</span> <span class='ocrx_word' id='word_1_724' title='bbox 951 4813 1075 4869; x_wconf 89' lang='lat' dir='ltr'>omnes,</span> <span class='ocrx_word' id='word_1_725' title='bbox 1106 4794 1163 4874; x_wconf 92' lang='lat' dir='ltr'>qui</span> <span class='ocrx_word' id='word_1_726' title='bbox 1216 4793 1356 4877; x_wconf 90' lang='lat' dir='ltr'>elogium</span> <span class='ocrx_word' id='word_1_727' title='bbox 1380 4794 1440 4860; x_wconf 93' lang='lat' dir='ltr'>hoc</span> <span class='ocrx_word' id='word_1_728' title='bbox 1463 4797 1528 4860; x_wconf 87' lang='lat' dir='ltr'>illis</span> <span class='ocrx_word' id='word_1_729' title='bbox 1550 4798 1698 4862; x_wconf 90' lang='lat' dir='ltr'>coneedit</span> <span class='ocrx_word' id='word_1_730' title='bbox 1720 4796 1892 4880; x_wconf 89' lang='lat' dir='ltr'>propheta:</span> <span class='ocrx_word' id='word_1_731' title='bbox 1917 4798 2189 4881; x_wconf 90' lang='lat' dir='ltr'>quemadmodum</span> 
     </span>
     <span class='ocr_line' id='line_1_53' title="bbox 188 4877 2190 4967; baseline 0.004 -26"><span class='ocrx_word' id='word_1_732' title='bbox 188 4880 380 4943; x_wconf 83' lang='lat' dir='ltr'>existimant</span> <span class='ocrx_word' id='word_1_733' title='bbox 413 4877 515 4943; x_wconf 89' lang='lat' dir='ltr'>levari</span> <span class='ocrx_word' id='word_1_734' title='bbox 545 4898 579 4941; x_wconf 91' lang='lat' dir='ltr'>se</span> <span class='ocrx_word' id='word_1_735' title='bbox 607 4877 715 4957; x_wconf 90' lang='lat' dir='ltr'>aliqua</span> <span class='ocrx_word' id='word_1_736' title='bbox 748 4890 850 4961; x_wconf 88' lang='lat' dir='ltr'>parte,</span> <span class='ocrx_word' id='word_1_737' title='bbox 885 4880 962 4943; x_wconf 93' lang='lat' dir='ltr'>dum</span> <span class='ocrx_word' id='word_1_738' title='bbox 996 4879 1164 4960; x_wconf 84' lang='lat' dir='ltr'>excipiunt</span> <span class='ocrx_word' id='word_1_739' title='bbox 1215 4879 1310 4944; x_wconf 91' lang='lat' dir='ltr'>hodie</span> <span class='ocrx_word' id='word_1_740' title='bbox 1334 4901 1487 4945; x_wconf 91' lang='lat' dir='ltr'>vocamus</span> <span class='ocrx_word' id='word_1_741' title='bbox 1520 4893 1552 4945; x_wconf 92' lang='lat' dir='ltr'>et</span> <span class='ocrx_word' id='word_1_742' title='bbox 1585 4884 1760 4966; x_wconf 91' lang='lat' dir='ltr'>episcopos,</span> <span class='ocrx_word' id='word_1_743' title='bbox 1793 4895 1825 4947; x_wconf 92' lang='lat' dir='ltr'>et</span> <span class='ocrx_word' id='word_1_744' title='bbox 1855 4884 2024 4966; x_wconf 85' lang='lat' dir='ltr'>praelatos,</span> <span class='ocrx_word' id='word_1_745' title='bbox 2059 4894 2094 4949; x_wconf 89' lang='lat' dir='ltr'>et</span> <span class='ocrx_word' id='word_1_746' title='bbox 2123 4886 2190 4967; x_wconf 86' lang='lat' dir='ltr'>pri·</span> 
     </span>
     <span class='ocr_line' id='line_1_54' title="bbox 189 4963 2191 5052; baseline 0.004 -26"><span class='ocrx_word' id='word_1_747' title='bbox 189 4964 380 5046; x_wconf 85' lang='lat' dir='ltr'>simpliciter</span> <span class='ocrx_word' id='word_1_748' title='bbox 413 4985 447 5028; x_wconf 91' lang='lat' dir='ltr'>se</span> <span class='ocrx_word' id='word_1_749' title='bbox 479 4963 646 5038; x_wconf 91' lang='lat' dir='ltr'>incedere,</span> <span class='ocrx_word' id='word_1_750' title='bbox 682 4973 714 5025; x_wconf 91' lang='lat' dir='ltr'>et</span> <span class='ocrx_word' id='word_1_751' title='bbox 743 4963 850 5029; x_wconf 89' lang='lat' dir='ltr'>aliena</span> <span class='ocrx_word' id='word_1_752' title='bbox 882 4964 978 5046; x_wconf 87' lang='lat' dir='ltr'>culpa</span> <span class='ocrx_word' id='word_1_753' title='bbox 1012 4963 1099 5028; x_wconf 89' lang='lat' dir='ltr'>trahi</span> <span class='ocrx_word' id='word_1_754' title='bbox 1128 4964 1161 5028; x_wconf 89' lang='lat' dir='ltr'>in</span> <span class='ocrx_word' id='word_1_755' title='bbox 1216 4976 1328 5042; x_wconf 84' lang='lat' dir='ltr'>metes,</span> <span class='ocrx_word' id='word_1_756' title='bbox 1354 4977 1387 5030; x_wconf 91' lang='lat' dir='ltr'>et</span> <span class='ocrx_word' id='word_1_757' title='bbox 1410 4977 1528 5048; x_wconf 91' lang='lat' dir='ltr'>patres,</span> <span class='ocrx_word' id='word_1_758' title='bbox 1551 4970 1607 5050; x_wconf 94' lang='lat' dir='ltr'>qui</span> <span class='ocrx_word' id='word_1_759' title='bbox 1630 4969 1664 5030; x_wconf 91' lang='lat' dir='ltr'>in</span> <span class='ocrx_word' id='word_1_760' title='bbox 1689 4978 1808 5048; x_wconf 89' lang='lat' dir='ltr'>papatu</span> <span class='ocrx_word' id='word_1_761' title='bbox 1832 4970 2014 5051; x_wconf 87' lang='lat' dir='ltr'>gloriantur</span> <span class='ocrx_word' id='word_1_762' title='bbox 2036 4989 2072 5034; x_wconf 90' lang='lat' dir='ltr'>se</span> <span class='ocrx_word' id='word_1_763' title='bbox 2095 4970 2191 5052; x_wconf 81' lang='lat' dir='ltr'>fungi</span> 
     </span>
     <span class='ocr_line' id='line_1_55' title="bbox 189 5048 2191 5137; baseline 0.004 -27"><span class='ocrx_word' id='word_1_764' title='bbox 189 5069 341 5114; x_wconf 88' lang='lat' dir='ltr'>errorem.</span> <span class='ocrx_word' id='word_1_765' title='bbox 387 5049 471 5114; x_wconf 89' lang='lat' dir='ltr'>Nam</span> <span class='ocrx_word' id='word_1_766' title='bbox 502 5048 580 5113; x_wconf 92' lang='lat' dir='ltr'>hine</span> <span class='ocrx_word' id='word_1_767' title='bbox 609 5057 744 5129; x_wconf 89' lang='lat' dir='ltr'>apparet</span> <span class='ocrx_word' id='word_1_768' title='bbox 778 5051 888 5114; x_wconf 90' lang='lat' dir='ltr'>omnia</span> <span class='ocrx_word' id='word_1_769' title='bbox 920 5071 990 5114; x_wconf 91' lang='lat' dir='ltr'>esse</span> <span class='ocrx_word' id='word_1_770' title='bbox 1023 5048 1160 5131; x_wconf 87' lang='lat' dir='ltr'>perdita,</span> <span class='ocrx_word' id='word_1_771' title='bbox 1215 5071 1350 5114; x_wconf 90' lang='lat' dir='ltr'>munere</span> <span class='ocrx_word' id='word_1_772' title='bbox 1384 5053 1557 5134; x_wconf 89' lang='lat' dir='ltr'>pastorali:</span> <span class='ocrx_word' id='word_1_773' title='bbox 1597 5061 1631 5116; x_wconf 91' lang='lat' dir='ltr'>et</span> <span class='ocrx_word' id='word_1_774' title='bbox 1665 5061 1775 5115; x_wconf 89' lang='lat' dir='ltr'>tamen</span> <span class='ocrx_word' id='word_1_775' title='bbox 1809 5055 1931 5119; x_wconf 89' lang='lat' dir='ltr'>seimus</span> <span class='ocrx_word' id='word_1_776' title='bbox 1963 5074 2034 5119; x_wconf 89' lang='lat' dir='ltr'>esse</span> <span class='ocrx_word' id='word_1_777' title='bbox 2068 5057 2191 5137; x_wconf 91' lang='lat' dir='ltr'>partim</span> 
     </span>
     <span class='ocr_line' id='line_1_56' title="bbox 188 5132 2194 5219; baseline 0.005 -24"><span class='ocrx_word' id='word_1_778' title='bbox 188 5132 243 5196; x_wconf 90' lang='lat' dir='ltr'>ubi</span> <span class='ocrx_word' id='word_1_779' title='bbox 267 5134 358 5198; x_wconf 89' lang='lat' dir='ltr'>Deus</span> <span class='ocrx_word' id='word_1_780' title='bbox 388 5134 520 5201; x_wconf 90' lang='lat' dir='ltr'>coniicit</span> <span class='ocrx_word' id='word_1_781' title='bbox 550 5134 734 5199; x_wconf 88' lang='lat' dir='ltr'>sacerdotes</span> <span class='ocrx_word' id='word_1_782' title='bbox 763 5143 796 5198; x_wconf 91' lang='lat' dir='ltr'>et</span> <span class='ocrx_word' id='word_1_783' title='bbox 818 5135 999 5218; x_wconf 82' lang='lat' dir='ltr'>praefectos</span> <span class='ocrx_word' id='word_1_784' title='bbox 1029 5135 1064 5198; x_wconf 92' lang='lat' dir='ltr'>in</span> <span class='ocrx_word' id='word_1_785' title='bbox 1087 5156 1160 5199; x_wconf 92' lang='lat' dir='ltr'>sen·</span> <span class='ocrx_word' id='word_1_786' title='bbox 1217 5136 1325 5219; x_wconf 87' lang='lat' dir='ltr'>lupos,</span> <span class='ocrx_word' id='word_1_787' title='bbox 1359 5139 1475 5218; x_wconf 90' lang='lat' dir='ltr'>partim</span> <span class='ocrx_word' id='word_1_788' title='bbox 1501 5159 1577 5202; x_wconf 90' lang='lat' dir='ltr'>vero</span> <span class='ocrx_word' id='word_1_789' title='bbox 1600 5159 1696 5202; x_wconf 90' lang='lat' dir='ltr'>canes</span> <span class='ocrx_word' id='word_1_790' title='bbox 1724 5148 1847 5204; x_wconf 87' lang='lat' dir='ltr'>mutos:</span> <span class='ocrx_word' id='word_1_791' title='bbox 1882 5137 2089 5206; x_wconf 80' lang='lat' dir='ltr'>mucedimus</span> <span class='ocrx_word' id='word_1_792' title='bbox 2123 5140 2194 5205; x_wconf 92' lang='lat' dir='ltr'>illis</span> 
     </span>
     <span class='ocr_line' id='line_1_57' title="bbox 188 5218 2194 5310; baseline 0.004 -29"><span class='ocrx_word' id='word_1_793' title='bbox 188 5238 261 5282; x_wconf 92' lang='lat' dir='ltr'>sum</span> <span class='ocrx_word' id='word_1_794' title='bbox 284 5221 468 5302; x_wconf 89' lang='lat' dir='ltr'>reprobum.</span> <span class='ocrx_word' id='word_1_795' title='bbox 500 5220 615 5301; x_wconf 90' lang='lat' dir='ltr'>Neque</span> <span class='ocrx_word' id='word_1_796' title='bbox 638 5218 723 5282; x_wconf 90' lang='lat' dir='ltr'>enim</span> <span class='ocrx_word' id='word_1_797' title='bbox 744 5218 876 5284; x_wconf 90' lang='lat' dir='ltr'>dubium</span> <span class='ocrx_word' id='word_1_798' title='bbox 895 5230 954 5302; x_wconf 91' lang='lat' dir='ltr'>est,</span> <span class='ocrx_word' id='word_1_799' title='bbox 978 5220 1055 5302; x_wconf 91' lang='lat' dir='ltr'>quin</span> <span class='ocrx_word' id='word_1_800' title='bbox 1075 5228 1162 5285; x_wconf 90' lang='lat' dir='ltr'>tetus</span> <span class='ocrx_word' id='word_1_801' title='bbox 1215 5222 1329 5286; x_wconf 89' lang='lat' dir='ltr'>titulos</span> <span class='ocrx_word' id='word_1_802' title='bbox 1363 5222 1480 5303; x_wconf 90' lang='lat' dir='ltr'>quibus</span> <span class='ocrx_word' id='word_1_803' title='bbox 1514 5224 1725 5307; x_wconf 89' lang='lat' dir='ltr'>superbiunt,</span> <span class='ocrx_word' id='word_1_804' title='bbox 1766 5226 1919 5306; x_wconf 88' lang='lat' dir='ltr'>queniam</span> <span class='ocrx_word' id='word_1_805' title='bbox 1953 5225 2077 5310; x_wconf 81' lang='lat' dir='ltr'>duplex</span> <span class='ocrx_word' id='word_1_806' title='bbox 2110 5245 2194 5292; x_wconf 87' lang='lat' dir='ltr'>con·</span> 
     </span>
    </p>
   </div>
   <div class='ocr_carea' id='block_1_4' title="bbox 0 0 2396 5970">
    <p class='ocr_par' dir='ltr' id='par_1_7' title="bbox 0 0 2396 5970">
     <span class='ocr_line' id='line_1_58' title="bbox 0 0 2396 5970; baseline 0 0"><span class='ocrx_word' id='word_1_807' title='bbox 0 0 2396 5970; x_wconf 95' lang='lat' dir='ltr'> </span> 
     </span>
    </p>
   </div>
  </div>
 </body>
</html>
