4784 5970
192 364 254 430 307
1074 367 1124 433 IN
1148 366 1313 433 lsulnts
2125 361 2187 429 308

278 556 308 620 2.
337 552 464 638 (Veniet
484 553 577 639 poa.)
621 553 786 620 Describit
815 556 975 638 propheta
995 556 1099 638 qualis
1120 556 1163 621 sit
1216 574 1287 620 sese
1315 554 1470 619 efferrent
1492 509 1605 618 Iudaei
1633 551 1675 617 ob
1701 571 1805 635 genus
1835 571 1932 616 sunm
1962 549 2043 616 satis
2074 558 2187 617 notum

193 640 370 723 impiorum
402 639 546 704 conditio
576 641 609 703 in
640 649 759 705 morte:
793 643 945 723 quoniam
976 640 1078 723 impii,
1107 642 1162 724 qui
1216 651 1281 706 est:
1305 640 1376 705 ideo
1396 638 1563 723 prophetis
1585 656 1697 702 eorum
1715 637 1934 721 arrogantiam
1951 648 1986 701 et
2002 635 2187 720 snperbiam

192 724 317 790 nullam
345 725 441 789 aliam
465 725 566 789 vitam
596 746 692 807 quam
725 735 927 808 praesentem
955 736 1081 809 putant,
1107 749 1162 791 eos
1217 726 1391 790 retundere
1421 725 1554 790 solenne
1583 723 1661 798 luit,
1690 742 1728 787 ao
1751 743 1871 808 negare
1899 723 1988 804 ipsos
2010 742 2084 788 csse
2104 722 2188 789 lilios

191 813 326 894 periisse
344 810 558 875 arbitrantur:
582 809 664 874 nibil
683 814 768 876 enim
787 812 874 877 aliud
894 813 928 876 in
946 823 1050 876 morto
1068 832 1161 894 quam
1219 810 1387 893 Abrabae,
1416 831 1516 893 quum
1547 809 1724 892 degeneres
1753 828 1791 873 ac
1813 809 1929 892 perfidi
1951 818 2071 874 essent.
2115 808 2188 874 Hac

191 897 359 961 interitum
376 897 635 979 apprehendunt.
665 895 743 962 Ideo
759 897 837 963 dicit
852 907 1024 963 venturam
1041 917 1162 979 pacem,
1216 898 1341 961 rationo
1357 907 1450 962 vocat
1465 895 1552 977 ipsos
1563 894 1667 960 Isaiae
1681 914 1783 960 semen
1797 892 1938 959 adulteri
1953 903 1988 958 et
2002 895 2188 961 meretricis

191 1002 274 1065 quae
297 982 385 1047 mille
408 981 603 1047 turbulentis
626 982 704 1047 vitis
725 985 768 1048 sit
789 982 977 1066 optabilior:
1000 1002 1037 1047 ae
1059 985 1084 1047 si
1108 1005 1162 1047 eos
1215 981 1340 1046 Eodem
1360 983 1454 1047 modo
1472 980 1647 1062 exprobrat
1667 980 1746 1062 ipsis
1763 980 1913 1045 Ezechiel
1936 977 2001 1065 (16,
2013 979 2063 1065 3):
2086 980 2188 1046 Pater

192 1067 353 1133 conferret
375 1067 533 1132 militibus
555 1068 708 1146 emeritis,
732 1070 850 1151 quibus
873 1067 1036 1152 placidum
1057 1070 1161 1133 otium
1216 1079 1293 1133 tuus
1312 1068 1537 1132 Amorrhaeus
1558 1077 1623 1131 est:
1646 1075 1751 1132 meter
1773 1076 1829 1131 tua
1846 1064 2006 1131 Hethaea.
2051 1065 2096 1130 Iit
2117 1086 2187 1148 pas·

191 1153 297 1218 colere
319 1154 404 1220 licet.
447 1153 549 1218 Addit
570 1153 817 1219 similitudinem
839 1155 967 1231 somnii,
996 1163 1032 1219 ut
1053 1168 1161 1218 osten·
1216 1155 1276 1216 sim
1292 1153 1415 1218 similes
1429 1151 1582 1235 loquendi
1597 1153 1719 1216 formae
1734 1160 1917 1218 occurrunt.
1944 1150 2187 1217 Intolerabilem

192 1237 248 1304 dat
269 1239 309 1305 ab
331 1240 419 1304 omni
446 1260 599 1304 curarum
629 1240 855 1323 inquictudine
883 1240 1006 1305 solutos
1035 1241 1102 1305 lore
1125 1260 1162 1305 ac
1215 1239 1315 1321 igitur
1336 1239 1481 1320 ipsorum
1504 1235 1673 1302 audaciam
1697 1236 1859 1320 retundit,
1891 1244 1991 1319 atque
2013 1237 2136 1302 invitos
2156 1248 2188 1303 et

191 1324 319 1402 liberos,
343 1323 476 1408 perinde
499 1345 536 1389 ac
558 1326 586 1389 si
610 1336 680 1390 tuto
702 1334 736 1390 et
757 1327 903 1391 suaviter
925 1325 1105 1389 dormirent
1126 1326 1160 1390 in
1214 1325 1414 1389 reluctantes
1436 1325 1470 1387 in
1492 1322 1634 1387 medium
1658 1322 1828 1405 protrahit,
1851 1343 1893 1388 ne
1909 1321 2054 1388 tribunal
2073 1323 2138 1389 Dei
2155 1346 2188 1390 se

190 1411 302 1476 stratis
324 1411 400 1476 suis.
446 1410 541 1491 Quod
568 1413 723 1493 seqnitur,
753 1412 899 1493 quisquis
925 1411 1070 1489 ambalat,
1101 1411 1161 1476 boc
1215 1410 1358 1492 effugere
1381 1429 1476 1492 posse
1497 1410 1731 1473 existimarent.

190 1496 398 1580 participium
423 1518 486 1560 non
510 1497 615 1560 relero
644 1497 684 1561 ad
715 1518 835 1561 nomen
858 1480 952 1576 utin,
982 1498 1066 1562 sicut
1095 1497 1161 1578 alii,
1300 1495 1330 1559 4.
1354 1492 1473 1578 (Super
1489 1494 1574 1576 quo.)
1611 1492 1765 1560 Ostendit
1786 1494 1947 1578 prophete
1968 1494 2095 1559 nullam
2119 1516 2187 1562 csse

190 1583 245 1664 qui
268 1583 355 1647 htrnc
378 1583 492 1646 volunt
515 1603 585 1646 esse
606 1602 755 1647 sensum:
784 1582 869 1666 quod
899 1604 963 1664 pax
993 1580 1161 1647 antecedet
1214 1602 1345 1646 causam
1369 1602 1427 1646 cur
1450 1579 1564 1645 Iudaei
1587 1589 1754 1662 tantopere
1775 1577 1983 1662 superbirent
2010 1588 2186 1663 praetexta

191 1668 272 1751 pios,
296 1678 332 1732 ut
355 1668 398 1731 sit
424 1667 489 1732 illis
519 1670 610 1749 quasi
643 1668 709 1733 dux
740 1670 820 1732 viae.
866 1665 932 1734 Sed
962 1688 1022 1751 ego
1050 1668 1161 1732 fideles
1216 1669 1345 1749 generis
1367 1667 1432 1743 sni,
1461 1687 1560 1749 quum
1584 1665 1725 1731 ludibrio
1747 1664 1904 1731 haberent
1926 1664 2036 1731 Deum
2058 1677 2094 1732 et
2115 1689 2186 1751 pro·

192 1755 299 1834 potius
329 1752 492 1836 designari
523 1755 679 1818 arbitror:
708 1773 746 1819 ac
774 1754 801 1818 si
833 1753 969 1818 diceret:
1004 1752 1161 1835 Quisquis
1216 1752 1339 1835 phetas.
1385 1752 1550 1816 Putabant
1580 1762 1689 1815 autom
1719 1751 1780 1815 sibi
1808 1752 1975 1836 negotium
2008 1772 2082 1817 esse
2113 1774 2187 1819 cnm

193 1839 338 1903 ambulat
371 1859 478 1903 eoram
509 1839 590 1916 Deo,
624 1840 651 1904 is
679 1839 808 1904 fruetur
837 1860 922 1920 pace.
972 1838 1056 1904 Iusti
1083 1860 1161 1922 ergo
1216 1836 1418 1920 hominihus,
1449 1858 1549 1920 quum
1574 1846 1766 1919 respuerent
1789 1837 1940 1902 verbum:
1971 1837 2069 1903 sicuti
2091 1838 2186 1904 hodic

193 1944 293 2005 quum
317 1926 508 2001 moriuntur,
538 1925 638 1990 variis
666 1926 830 1990 laboribus
857 1925 1042 2004 exantlatis,
1070 1925 1161 2007 quasi
1216 1924 1363 1988 videmus
1385 1924 1511 2005 impios,
1535 1921 1611 1986 dum
1635 1944 1749 1988 secure
1769 1934 1982 1988 contemnunt
2004 1922 2186 1989 doctrinam

193 2011 337 2075 confecto
370 2011 489 2091 spatio,
528 2009 568 2074 ad
600 2011 741 2093 quietem
779 2020 812 2075 ct
848 2032 959 2092 pacem
994 2022 1161 2075 vocantur.
1215 2008 1279 2074 Dei
1298 2019 1331 2074 et
1351 2009 1557 2073 subsannant
1578 2009 1755 2085 ministros,
1779 2008 1990 2073 nihilominus
2011 2009 2187 2076 obtendere

194 2093 374 2174 Quiescunt
393 2101 502 2160 autem
526 2097 560 2159 in
580 2098 690 2161 stratis
709 2097 787 2176 suis,
810 2097 884 2178 quia
902 2095 1046 2160 nondum
1066 2096 1162 2179 plena
1217 2095 1278 2160 Dei
1301 2114 1431 2169 nomen,
1454 2115 1554 2176 eoque
1574 2095 1716 2159 inaniter
1734 2094 1877 2177 gloriari.
1910 2093 2003 2161 Haec
2020 2114 2121 2161 cansa
2138 2110 2187 2162 cst

193 2180 393 2245 beatitudine
411 2196 443 2244 et
461 2181 564 2264 gloria
585 2183 753 2246 fruuntur:
776 2181 833 2246 sed
851 2192 1034 2246 extremum
1056 2204 1161 2246 resur·
1215 2202 1273 2245 cnr
1302 2181 1460 2262 propheta
1485 2180 1712 2244 vehementius
1741 2190 1858 2264 urgeat
1885 2180 1973 2262 ipsos
2002 2192 2104 2264 atque
2130 2203 2186 2247 ex·

193 2267 344 2331 rectionis
379 2267 464 2331 diem
499 2278 704 2348 exspectant,
738 2289 800 2349 quo
834 2266 1021 2349 plenissime
1054 2269 1163 2331 omnia
1216 2267 1327 2349 agitat.
1357 2264 1469 2330 Verba
1487 2264 1550 2330 huc
1570 2266 1723 2330 tendunt:
1747 2287 1844 2347 quum
1867 2265 2016 2350 linguam
2036 2269 2187 2333 emeritis

192 2351 477 2416 instaurabuntur:
522 2353 618 2433 idque
662 2353 742 2416 mihi
785 2352 914 2417 videtur
962 2353 1162 2435 significasse
1215 2352 1250 2415 in
1274 2353 1392 2427 Deum,
1421 2365 1518 2433 atque
1540 2351 1677 2415 illuditis
1699 2352 1769 2416 eius
1792 2350 1900 2430 verbo,
1923 2371 1963 2415 an
1988 2353 2112 2434 putatis
2134 2374 2187 2418 ne·

193 2436 306 2502 Isaias.
351 2436 448 2503 Dicet
477 2439 646 2520 quispiam,
681 2457 789 2502 annon
820 2439 896 2502 iusti
923 2436 1079 2502 fruuntur
1101 2437 1162 2503 hac
1215 2438 1340 2521 gotium
1363 2437 1457 2501 vobis
1479 2458 1551 2502 cum
1576 2436 1707 2501 homine
1729 2436 1861 2501 mortali
1878 2436 1973 2502 esso?
1995 2437 2084 2503 Illud
2103 2440 2186 2503 onim

193 2523 366 2603 pecodum
393 2523 531 2587 vivunt?
563 2545 636 2588 nam
667 2523 794 2588 fructus
816 2523 891 2588 fidei
920 2535 968 2587 ost
991 2524 1081 2587 utin
1107 2544 1161 2605 pa·
1215 2543 1310 2604 super
1330 2543 1389 2604 quo
1418 2523 1581 2605 significat
1604 2542 1657 2587 cos
1680 2524 1882 2606 subterfugia
1910 2533 2059 2603 captasse
2081 2534 2116 2589 et
2136 2525 2185 2590 in·

191 2609 306 2671 tientia
344 2609 564 2689 possideamus
604 2609 729 2674 animas
766 2619 903 2674 nostras.
957 2607 1162 2691 Respondeo,
1216 2619 1406 2689 tegumenta
1434 2609 1551 2691 quibus
1578 2608 1778 2692 impietatem
1801 2630 1893 2674 suam
1917 2608 2074 2673 velarent
2119 2610 2186 2677 Nec

192 2691 352 2772 Quamvis
385 2695 464 2759 fides
499 2705 631 2777 generet
665 2715 777 2776 pacem
811 2696 845 2758 in
882 2695 999 2759 animis
1033 2697 1162 2773 nostris,
1215 2695 1303 2758 enim
1326 2695 1471 2758 latentur
1492 2694 1583 2775 impii
1606 2714 1641 2759 se
1664 2694 1800 2760 rebelles
1823 2715 1893 2759 osse
1915 2693 2003 2759 Deo:
2028 2695 2095 2760 imo
2115 2718 2187 2780 gra·

191 2884 335 2947 unquam
369 2867 402 2929 in
434 2868 501 2930 vita
531 2867 577 2930 sic
610 2867 736 2947 quietos
766 2877 798 2929 et
831 2865 974 2948 placidos
1007 2888 1092 2942 esse,
1126 2878 1162 2931 ut
1215 2876 1291 2931 sunt
1309 2865 1344 2929 in
1362 2865 1477 2944 lucem,
1501 2886 1537 2930 ac
1556 2866 1770 2931 convincendi
1788 2885 1867 2931 suae
1885 2865 2072 2949 impietatis.
2104 2867 2186 2933 Nam

191 2971 292 3031 quum
316 2971 375 3013 nos
404 2952 445 3015 ad
475 2973 509 3014 se
542 2951 702 3016 Dominus
730 2952 851 3033 recipit.
896 2952 1031 3016 Placide
1059 2954 1162 3036 igitur
1214 2952 1242 3015 si
1265 2951 1335 3032 quis
1357 2951 1393 3013 in
1416 2951 1504 3016 coelo
1525 2950 1617 3017 Deus
1640 2962 1698 3028 est,
1724 2951 1846 3018 bellum
1869 2973 1942 3017 cum
1964 2952 2034 3034 ipso
2055 2964 2186 3037 gerunt,

192 3046 224 3099 et
254 3037 364 3116 quieta
393 3047 442 3100 cst
472 3057 559 3100 mors
590 3038 764 3112 iustorum,
796 3059 894 3118 quum
925 3039 959 3100 in
989 3049 1161 3119 conspectu
1215 3036 1291 3100 dum
1316 3037 1385 3100 eius
1408 3037 1544 3102 verbum
1567 3048 1773 3121 oppugnant,
1803 3050 1859 3101 aut
1882 3037 2043 3119 reiieiunt,
2072 3050 2107 3103 et
2130 3040 2186 3104 ha·

193 3121 253 3184 Dei
278 3122 417 3202 pretiosa
439 3121 497 3184 sit:
526 3122 702 3202 impiorum
725 3142 802 3185 vero
832 3123 1028 3187 turbulenta.
1073 3124 1162 3187 Hinc
1215 3122 1292 3186 bent
1315 3142 1373 3202 pro
1392 3122 1509 3186 fabula.
1544 3123 1681 3204 Apera’re
1697 3143 1731 3188 os
1748 3128 1775 3188 et
1792 3142 1933 3187 exserere
1954 3123 2106 3209 liapeqm,
2128 3146 2185 3208 pro

191 3208 285 3268 etiam
306 3206 456 3288 colligere
476 3226 646 3287 possumus
667 3206 944 3271 immortalitatem
965 3208 1161 3272 animorum:
1215 3206 1327 3271 eodem
1358 3209 1491 3289 accipit,
1524 3208 1587 3273 nisi
1619 3207 1703 3291 quod
1733 3208 1785 3273 his
1807 3208 2050 3290 loquutionibus
2079 3210 2186 3293 impu·

192 3311 267 3354 nam
290 3293 317 3355 si
340 3292 448 3357 nullus
471 3295 591 3356 inesset
613 3292 730 3354 animis
758 3313 872 3356 sensus
902 3290 1011 3377 (sicuti
1032 3294 1161 3358 fanatici
1216 3292 1359 3355 dentiam
1382 3294 1488 3375 magis
1517 3294 1663 3358 notavit:
1692 3293 1775 3376 quod
1799 3316 1864 3358 non
1887 3295 1992 3358 solum
2015 3295 2187 3362 reiicerent

191 3378 322 3461 qnidam
350 3377 568 3462 somniarunt)
600 3399 677 3459 pace
703 3378 765 3441 frui
797 3397 860 3441 non
892 3387 1030 3458 possent.
1074 3379 1159 3443 Fru-
1216 3379 1333 3460 Deum,
1359 3376 1415 3442 sed
1439 3380 1534 3442 etiam
1557 3380 1697 3444 ludibrio
1721 3379 1887 3446 baberent.
1931 3379 2075 3445 Interior
2099 3383 2185 3447 enim

191 3474 292 3529 untur
310 3486 387 3547 crgo
405 3486 480 3546 pace
497 3475 528 3527 et
544 3465 651 3546 quiete
670 3463 822 3546 quoniam
837 3463 872 3526 in
886 3463 1018 3528 Christo
1035 3466 1161 3529 vivunt.
1215 3473 1421 3545 contemptus
1452 3465 1553 3528 animi
1582 3466 1667 3547 ipsos
1696 3467 1730 3530 in
1756 3474 1886 3548 apertas
1914 3465 2187 3535 subsannationes

275 3551 304 3615 3.
337 3549 393 3636 (Et
414 3550 490 3635 cos.)
533 3550 711 3632 Postquam
736 3547 775 3614 ds
804 3549 899 3614 beata
928 3561 959 3613 et
986 3550 1162 3632 tranquilla
1215 3558 1246 3612 ct
1270 3562 1438 3631 protervas
1465 3550 1656 3633 impulerat,
1691 3561 1729 3615 ut
1751 3551 1860 3618 nullus
1883 3550 2047 3618 dedecoris
2081 3564 2187 3619 metus

190 3637 316 3718 piorum
340 3650 442 3701 morte
466 3639 618 3718 loquutus
641 3646 698 3713 est,
725 3636 893 3700 invehitur
914 3656 1041 3701 summa
1063 3637 1160 3701 vehe·
1215 3656 1268 3699 eos
1298 3646 1456 3718 tangeret.
1502 3635 1646 3700 Tandem
1681 3638 1845 3702 concludit
1877 3637 1964 3718 ipsos
1996 3657 2068 3703 esse
2102 3639 2187 3705 filios

190 3723 314 3787 mentia
337 3721 491 3786 adversus
519 3723 644 3803 impios,
680 3723 733 3804 qni
764 3721 922 3805 flagitiose
951 3734 983 3786 et
1012 3723 1162 3804 nequiter
1215 3722 1503 3802 praevaricatores:
1531 3743 1642 3787 semen
1664 3723 1817 3787 mendax:
1845 3732 1943 3804 atque
1964 3724 2084 3787 memte
2107 3726 2187 3810 ipsis

191 3811 302 3873 vivere
333 3827 396 3870 non
428 3806 635 3883 desinebant,
671 3828 728 3872 nec
757 3808 884 3889 piorum
915 3817 1020 3872 morte
1050 3829 1160 3873 move·
1215 3806 1437 3888 exprobrasse,
1460 3807 1546 3888 quod
1568 3807 1627 3872 lilii
1650 3818 1761 3873 essent
1783 3809 1973 3874 meretricis.
2007 3807 2078 3875 Nec
2100 3812 2186 3876 enim

190 3892 320 3957 bantur.
365 3892 410 3958 Ut
436 3893 521 3955 enim
553 3913 630 3972 pace
660 3894 723 3955 frui
753 3894 821 3974 pios
850 3892 987 3971 dixerat,
1016 3893 1062 3958 sic
1091 3895 1161 3958 istis
1215 3900 1324 3974 nosset
1348 3893 1505 3957 eiusmodi
1531 3902 1735 3976 contemptus
1757 3894 1792 3958 in
1816 3894 1899 3960 filios
1922 3894 2078 3961 Abrahae
2100 3917 2187 3963 com·

190 3978 393 4061 implacabile
417 3977 535 4041 bellum
556 3977 734 4041 denuntiat.
774 3978 846 4043 Imo
868 3980 990 4044 sanctis
1009 3977 1072 4041 Dei
1094 3980 1159 4044 cul·
1213 3986 1333 4059 petere.
1377 3976 1466 4043 Hinc
1489 3977 1641 4044 discimus
1668 3978 1828 4061 quomodo
1852 3978 2013 4045 tractandi
2036 3981 2105 4046 sint
2126 3982 2186 4047 im·

190 4065 313 4128 toribus
335 4078 471 4127 mortem
493 4063 600 4127 docuit
624 4064 690 4126 fore
712 4063 816 4127 instar
839 4063 973 4142 latibuli,
997 4063 1080 4146 quod
1104 4085 1159 4130 eos
1213 4064 1268 4146 pii,
1292 4074 1440 4145 atquem
1465 4084 1580 4129 severe
1601 4063 1758 4146 arguendi
1776 4065 1852 4147 sint,
1875 4065 1997 4130 nasibi
2019 4065 2185 4146 placeant:

190 4148 360 4215 aturbine
382 4157 415 4212 et
442 4149 584 4230 procella
613 4149 748 4229 aliisque
778 4148 1025 4231 tempestatibus
1052 4158 1157 4233 prote·
1213 4160 1247 4214 et
1269 4168 1330 4230 quo
1358 4149 1463 4231 magis
1492 4149 1677 4231 despiciunt
1706 4152 1816 4215 omnia
1845 4170 1929 4233 qnae
1957 4162 2186 4234 proponuntur

190 4246 255 4320 gat,
278 4244 315 4298 ut
338 4236 497 4315 protervis
518 4235 580 4299 Dei
601 4235 874 4315 contemptoribus
892 4245 1039 4300 extrema
1062 4256 1158 4317 quae·
1212 4233 1276 4297 Dei
1299 4235 1437 4312 nomine,
1466 4236 1624 4319 sacrilega
1653 4235 1797 4318 ipsorum
1824 4236 1974 4319 impietas
2003 4235 2188 4322 detegenda

189 4342 253 4404 que
276 4320 490 4384 minitaretur.
536 4321 596 4384 Est
618 4321 704 4383 enim
733 4320 785 4384 hic
815 4321 960 4384 notanda
989 4322 1160 4387 antithesis
1213 4329 1310 4401 atque
1332 4320 1366 4382 in
1389 4319 1532 4385 medium
1556 4321 1749 4403 proferenda
1770 4331 1829 4388 est.

189 4408 275 4471 inter
297 4406 367 4488 pios
389 4407 444 4486 qui
468 4426 573 4468 coram
600 4405 669 4469 Deo
697 4405 876 4479 ambulant,
906 4417 939 4469 et
966 4407 1082 4488 impios
1105 4410 1158 4490 qui
1298 4404 1328 4468 5.
1362 4404 1620 4493 (Iesalenses.)
1662 4407 1729 4472 Alii
1757 4414 1902 4486 vertunt,
1932 4405 2185 4477 delectationem

189 4493 421 4557 contumaciter
437 4489 508 4554 Deo
528 4493 677 4555 resistere
697 4510 762 4555 non
781 4489 942 4555 desinunt.
975 4492 1027 4555 Illi
1048 4492 1158 4556 frucn·
1212 4491 1386 4572 capientes,
1410 4491 1462 4554 vel
1485 4492 1755 4558 consolationem:
1784 4492 1840 4558 scd
1863 4491 2025 4575 propheta
2045 4509 2187 4581 usurpat

190 4591 244 4643 tur
267 4598 344 4660 pace
367 4577 505 4640 mortui:
534 4575 568 4639 hi
591 4589 621 4639 et
645 4577 680 4640 in
705 4577 772 4640 vita
801 4577 937 4658 inquieti
961 4577 1059 4640 futuri
1082 4587 1159 4641 sunt
1212 4576 1459 4642 similitudinem
1493 4597 1574 4658 quae
1608 4580 1727 4660 passim
1761 4579 1940 4662 scripturae
1973 4579 2097 4646 usitata
2124 4592 2185 4661 est,

188 4676 221 4730 et
243 4666 275 4728 in
299 4670 403 4727 morte
426 4662 513 4725 diros
536 4662 679 4725 sentient
701 4662 874 4726 cruciatus.
911 4661 1047 4725 Prodire
1070 4661 1160 4727 iubet
1213 4662 1374 4743 praesenti
1398 4682 1474 4725 vcro
1496 4683 1612 4728 causae
1635 4664 1777 4729 maxime
1799 4674 1883 4748 apta.
1917 4662 2003 4729 Nam
2018 4665 2186 4735 Dominus

110 4754 114 4761 '
188 4750 227 4815 ad
252 4750 315 4815 Dei
339 4747 492 4827 tribunal,
515 4746 601 4828 quod
624 4748 691 4812 suis
710 4748 942 4830 integumentis
958 4748 1102 4829 effugere
1123 4768 1158 4812 se
1212 4747 1361 4811 ardorem
1381 4766 1446 4828 quo
1465 4747 1615 4812 feruntur
1634 4748 1822 4814 idololatrae
1841 4749 1988 4815 conferre
2005 4750 2092 4816 solet
2111 4774 2184 4820 oum

187 4852 281 4919 posse
310 4835 488 4901 confidunt.
532 4833 639 4915 Negat
665 4834 767 4916 igitur
797 4831 1040 4917 tergiversando
1066 4832 1158 4914 quid·
1212 4833 1394 4897 meretricio
1417 4854 1536 4910 amore,
1567 4854 1629 4914 quo
1652 4832 1739 4897 leves
1762 4857 1799 4900 ac
1821 4835 1933 4901 miseri
1961 4835 2112 4902 homines
2133 4840 2185 4904 in·

189 4942 286 5003 quam
320 4922 485 5004 proficere,
519 4921 594 5001 quia
624 4919 720 4982 inviti
751 4919 933 4983 trahentur.
985 4917 1156 4982 Caeterum
1211 4920 1366 4982 flammati
1396 4939 1490 4983 caeco
1516 4920 1641 5000 impetu
1669 4929 1777 4984 ruunt.
1822 4921 1913 4985 Nihil
1943 4922 2030 4985 enim
2060 4921 2186 4989 habent

188 5027 252 5088 quc
276 5007 379 5091 magis
401 5006 640 5081 obduruerant,
670 5004 850 5069 acrioribus
872 5003 1014 5068 stimulis
1036 5003 1156 5086 configi
1212 5002 1443 5068 moderationis
1465 5004 1664 5083 idololatrae,
1688 5026 1748 5071 nec
1771 5006 1845 5071 ullis
1868 5006 2047 5073 rationibus
2069 5008 2112 5075 ab
2132 5011 2185 5075 in·

188 5114 318 5157 necesse
352 5094 420 5157 luit.
473 5091 582 5172 Quare
616 5111 681 5154 non
711 5091 816 5171 potuit
848 5091 947 5153 nimia
981 5089 1157 5170 prophetae
1211 5090 1302 5154 senia
1324 5111 1382 5153 sue
1403 5111 1438 5154 se
1462 5089 1605 5154 revocari
1629 5090 1752 5158 sinunt.
1787 5092 1849 5156 Est
1867 5102 1974 5158 autem
1997 5093 2185 5162 idololatria

188 5199 258 5242 csse
292 5179 450 5261 asperitas
485 5190 550 5243 tam
584 5176 617 5240 in
652 5176 835 5240 vellicando
872 5196 981 5239 eorum
1016 5185 1157 5255 stupore,
1210 5196 1318 5240 coram
1350 5176 1420 5239 Deo
1453 5175 1673 5240 foedissimum
1705 5199 1809 5260 genus
1842 5179 2056 5244 scortationis.
2102 5166 2184 5249 urbs

187 5283 285 5347 quam
308 5265 342 5327 in
360 5264 535 5328 sternendo
559 5262 656 5327 fastu.
688 5263 731 5327 Et
750 5270 837 5326 certe
859 5281 955 5342 quum
979 5261 1157 5324 insolenter
1211 5261 1266 5325 alii
1297 5261 1387 5341 deos,
1421 5260 1477 5329 alii
1511 5280 1648 5343 quercus
1682 5271 1823 5328 vertunt.
1875 5263 2031 5329 Liberam
2065 5267 2185 5351 cuique
