4784 5970
126 349 190 414 625
860 350 910 415 ΙΝ
931 348 1181 415 quentati.
1226 349 1324 415 OAP.
1347 348 1389 414 V.
2063 352 2127 418 626

128 536 265 601 fulmina
288 558 348 603 sua
369 538 577 604 iacularetur.
623 537 714 604 Idem
745 557 831 602 6666
861 538 922 600 666
950 535 1020 600 1666
1050 536 1099 598 in·
1155 547 1210 600 tur
1231 535 1272 601 ad
1297 535 1392 600 urbes
1421 532 1626 600 excidendae.
1672 534 1759 615 Quid
1790 556 1869 620 ergo
1902 547 1980 602 sunt
2013 559 2127 605 omnes

128 624 245 707 telligit
266 623 434 689 Ieremias:
459 623 548 704 Ecce,
574 625 689 706 inquit,
716 643 833 705 ponam
854 622 947 687 66666
974 621 1101 687 666616
1155 620 1289 687 66111666
1312 620 1504 686 machinae?
1528 619 1796 703 6666136161116,
1818 642 1916 705 6666
1932 624 2024 689 Ι)666
2042 625 2129 690 1666·

127 731 179 775 666
196 715 249 774 666
267 710 362 792 quusi
378 711 490 794 166666,
510 710 645 788 666666,
664 719 790 774 tantum
808 709 868 773 erit
886 708 1048 774 efficaciae
1066 707 1099 770 16
1154 706 1319 789 16666666
1342 729 1400 773 666
1425 727 1595 772 servorum
1625 708 1776 771 suorum:
1809 720 1842 772 66
1864 708 2011 774 66666166
2044 729 2127 792 quae

128 795 194 861 tuis
209 794 327 874 verbis,
347 806 383 859 ut
398 805 577 879 agnoscant
594 795 696 875 16611,
719 794 776 860 sed
791 815 849 859 suo
865 794 960 876 malo,
982 805 1014 857 66
1029 813 1101 857 6666
1153 793 1193 858 66
1225 793 1306 875 16616
1337 794 1512 876 protertur,
1552 791 1651 857 simul
1684 812 1793 858 secum
1827 793 1926 859 66666
1959 794 2127 862 machinas

126 891 374 962 exsequutorem
398 901 488 945 meae
510 880 683 946 vindictae.
727 881 793 946 Η16
815 880 903 945 16666
926 880 1100 962 diligenter
1152 899 1370 963 omnesquae
1393 900 1458 943 666
1483 887 1612 943 666666
1636 878 1750 943 urbem
1774 900 1882 955 unam,
1913 885 1947 944 et
1968 881 2126 963 populum

127 967 220 1031 nobis
240 966 403 1030 notandus
425 976 483 1043 est,
507 989 548 1031 66
569 965 805 1050 ingratitudine
824 979 935 1031 nostra
956 967 1004 1031 sic
1026 985 1098 1047 pro·
1152 985 1255 1029 unum
1278 964 1478 1038 exscindam,
1500 964 1558 1029 666
1577 971 1679 1029 66666
1700 962 1871 1042 666666,
1894 968 2022 1048 6666166
2044 987 2126 1048 6666

125 1072 280 1116 vocemus
301 1051 383 1114 iram
409 1052 470 1116 Dei
493 1052 526 1117 in
555 1073 624 1130 666,
652 1060 688 1116 66
717 1072 824 1118 66666
853 1052 922 1116 6166
950 1061 1099 1116 66666666
1151 1049 1261 1116 166616.
1307 1050 1376 1134 Epo
1405 1052 1506 1136 igitur
1536 1050 1656 1115 adduco
1684 1069 1781 1131 66666
1805 1071 1859 1118 666
1886 1053 2127 1134 6661666166·

126 1136 218 1202 nobie
251 1137 285 1199 in
319 1137 439 1217 ignem,
472 1138 528 1219 qui
560 1136 743 1203 destinatur
775 1139 810 1202 in
843 1138 961 1204 cibum.
1012 1136 1098 1201 Nam
1148 1136 1272 1218 pinque.
1317 1137 1472 1202 Diximus
1500 1136 1659 1203 61161666
1682 1135 1831 1219 designet
1863 1138 2023 1218 propheta
2056 1139 2126 1203 lon·

126 1242 279 1306 quorsum
302 1220 395 1286 Deus
418 1222 579 1306 evangelii
601 1223 652 1289 661
680 1224 847 1289 ministros
878 1222 971 1287 nobie
997 1222 1097 1287 desti·
1150 1242 1226 1305 gam
1253 1222 1452 1305 distantiam,
1487 1243 1603 1305 nempe
1636 1222 1790 1304 quoniam
1819 1221 1932 1288 Iudaei
1966 1223 2126 1306 66666666

125 1320 190 1384 666,
215 1307 278 1371 6161
300 1319 337 1370 66
360 1306 399 1370 66
423 1308 560 1375 salutem
579 1329 639 1373 666
661 1309 814 1390 invitent,
836 1321 933 1391 66666
955 1310 1000 1372 166
1022 1329 1096 1373 sua·
1150 1307 1212 1372 sibi
1234 1329 1300 1373 non
1322 1309 1448 1374 instare
1470 1308 1651 1390 perieulum
1673 1328 1692 1371 6
1711 1306 1863 1391 gentibus
1885 1320 1954 1373 tam
1977 1311 2124 1374 remotis:

125 1395 208 1458 viter
230 1394 378 1458 reficiant
400 1394 526 1460 661666
555 1394 706 1461 nostras?
740 1404 775 1461 66
802 1395 873 1460 1666
903 1414 1011 1458 66666
1034 1392 1097 1458 1)61
1150 1394 1423 1477 quemadmodum
1446 1395 1475 1459 si
1497 1393 1594 1458 hodie
1621 1414 1729 1459 66666
1756 1405 1842 1459 66666
1864 1394 1905 1460 66
1928 1396 2053 1471 166616,
2084 1393 2125 1474 0,

125 1479 217 1545 nobis
239 1489 288 1544 est
304 1480 410 1545 instar
427 1501 539 1563 aquae,
571 1501 635 1563 qua
653 1482 779 1546 animae
804 1488 934 1546 nostrae
956 1480 1096 1562 1661366-
1150 1479 1343 1563 663666666
1374 1501 1448 1546 666
1482 1480 1555 1545 61116
1587 1479 1701 1546 661616
1733 1480 1903 1563 gentibue:
1941 1482 2125 1546 sustineant

125 1579 195 1631 tur:
218 1577 267 1631 666
289 1566 419 1646 661666
441 1566 537 1650 13616,
559 1565 616 1632 666
638 1568 671 1631 16
691 1567 811 1632 66666
831 1575 987 1642 6666666,
1010 1564 1097 1647 13616
1149 1567 1330 1631 ’.16666666
1352 1566 1495 1650 1666666
1518 1566 1574 1650 661
1596 1577 1674 1631 6666
1697 1566 1814 1631 vicinI:
1844 1588 1920 1630 nam
1944 1568 2125 1650 poterimus

73 1704 75 1709 .
124 1652 341 1737 purgatorius,
372 1662 406 1716 66
435 1673 500 1716 666
523 1673 727 1718 666666666.
771 1650 922 1732 Quodsi
951 1653 1096 1733 pervica·
1147 1651 1275 1716 interea
1297 1654 1481 1736 transigere
1503 1661 1570 1717 tres
1592 1658 1650 1715 aut
1672 1662 1813 1733 quatuor
1834 1652 1930 1718 vitas.
1964 1652 2124 1717 Videmus

123 1741 205 1805 61666
227 1741 409 1820 respuimus
431 1739 542 1822 13666
565 1734 669 1818 11166,
693 1739 763 1803 fieri
783 1737 877 1803 611666
901 1757 965 1801 666
989 1744 1097 1818 potest
1148 1736 1247 1801 talem
1270 1735 1366 1802 hodie
1387 1738 1530 1822 grassari
1552 1736 1734 1802 socordiam
1752 1738 1787 1801 16
1806 1738 1926 1802 multis.
1958 1737 2125 1821 Propheta

122 1826 201 1906 quin
225 1824 317 1889 cedat
335 1822 427 1890 nobis
444 1825 479 1890 16
497 1825 697 1890 6666666166
718 1845 823 1901 6666,
845 1842 962 1906 nempe
981 1834 1019 1886 66
1037 1843 1096 1886 666
1148 1822 1257 1906 131666,
1282 1844 1322 1887 66
1344 1823 1405 1888 666
1427 1822 1519 1887 16661
1540 1822 1659 1888 fiducia
1685 1843 1720 1888 se
1740 1824 1863 1888 1666666
1884 1823 2013 1903 166661,
2044 1823 2126 1889 61616

123 1910 266 1985 6666666,
299 1917 395 1989 atque
424 1912 554 1993 penitus
584 1910 744 1976 absumat.
789 1908 879 1974 Dicit
905 1917 1016 1972 66666
1038 1929 1098 1989 po-
1148 1920 1281 1990 praesto
1314 1910 1382 1973 1666
1414 1909 1499 1974 6666
1532 1918 1679 1992 gentem.
1714 1907 1791 1973 licet
1823 1930 1865 1974 ex
1899 1910 2126 1974 remotissimis

116 1996 231 2076 661666
250 1995 317 2075 fore
338 1995 433 2077 11666,
456 1996 610 2078 6666166
629 1995 731 2078 16611,
751 1994 827 2060 666
847 1997 984 2060 1666666
1005 2015 1096 2060 6666
1149 1994 1228 2059 16616
1250 1995 1371 2059 veniat.
1416 1995 1506 2059 Dicit
1525 1998 1643 2078 6661666
1665 1995 1746 2059 batte
1767 2014 1832 2060 6666
1854 1995 1977 2073 darem,
2000 1996 2053 2060 vel
2075 2016 2126 2060 ro-

121 2085 264 2145 1666666
286 2093 453 2161 66666666
469 2081 550 2164 Deo,
573 2082 764 2147 existimant
784 2103 819 2147 66
834 2082 905 2147 6166
922 2080 1097 2146 vindictam
1149 2080 1289 2156 666666,
1321 2085 1488 2165 algentem
1515 2099 1581 2145 esec
1601 2100 1623 2144 6
1643 2079 1778 2146 soemo.
1825 2079 1899 2145 Non
1931 2080 2125 2163 simpliciter

122 2165 299 2249 66666666
322 2167 692 2250 6666666661666666.
726 2167 824 2232 Η666
837 2166 1020 2231 'amentiam
1040 2166 1094 2231 de·
1148 2164 1304 2250 1666111316
1335 2167 1451 2230 fortem
1483 2186 1540 2248 per
1568 2186 1703 2245 66666,
1735 2164 1792 2231 666
1823 2164 1978 2249 1666111316
2007 2166 2124 2231 66666

120 2252 207 2317 61666
236 2249 402 2334 propheta,
431 2275 468 2320 ae
497 2253 576 2319 61616
603 2255 675 2320 11166
700 2254 768 2335 fore
795 2252 1012 2336 6666111666,
1044 2252 1094 2317 vel
1148 2262 1205 2315 aut
1227 2252 1385 2319 ferocem:
1415 2273 1490 2316 nam
1521 2262 1632 2334 postea
1662 2250 1747 2317 dicet
1779 2269 1893 2316 omnes
1923 2272 1993 2316 6666
2020 2264 2124 2332 uram,

120 2337 285 2420 stipulam.
331 2338 499 2422 Sequitur,
1147 2337 1209 2403 hoc
1228 2347 1279 2404 est
1295 2338 1404 2404 166666.
1435 2338 1501 2403 Η16
1520 2358 1596 2422 6636
1615 2345 1712 2402 66666
1733 2345 1865 2419 gentem
1890 2336 2016 2414 duram,
2039 2338 2124 2419 quod

1148 2434 1234 2489 esset
1257 2424 1460 2491 truculenta:
1496 2433 1528 2488 66
1550 2421 1733 2487 barbariem
1768 2423 1867 2486 66166
1897 2421 1985 2488 111166
2013 2424 2123 2507 366616

208 2508 257 2574 15.
289 2510 368 2575 Ecce
388 2531 441 2594 epo
463 2511 582 2577 adduco
610 2531 705 2591 super
726 2516 917 2593 cooperatam
939 2531 955 2574 6
977 2511 1094 2592 166616-
1148 2511 1303 2593 exprimit
1330 2519 1451 2593 postea.
1497 2508 1563 2575 Sed
1586 2510 1730 2591 primum
1753 2508 1833 2574 dicit
1859 2529 1926 2573 6666
1948 2530 1970 2575 6
1990 2509 2122 2574 6666616.

120 2595 1095 2682 666,666666166661,6161116166666;6661666666666(666
1148 2597 1233 2660 Ν66
1256 2596 1473 2678 6663666666
1505 2595 1611 2678 66316
1644 2594 1767 2659 1666666
1796 2595 1941 2677 spiritus,
1973 2595 2029 2659 ubi
2057 2596 2123 2674 diu,

120 2690 181 2760 est,
202 2700 284 2761 quae
307 2681 389 2745 dura
411 2682 482 2758 erit,
506 2682 583 2764 quia
604 2683 753 2763 66661666
775 2680 856 2766 tatu),
876 2686 994 2764 pentem
1015 2703 1096 2763 6666
1148 2692 1181 2744 66
1204 2682 1243 2745 66
1272 2679 1387 2745 616166
1419 2682 1575 2744 6666616
1607 2698 1688 2763 3666
1720 2679 1830 2761 611666
1864 2680 2030 2744 dominata
2063 2693 2122 2758 666,

119 2769 165 2830 est
185 2786 207 2829 6
221 2766 351 2849 saeculo,
371 2771 489 2849 6666666
505 2767 597 2832 66166
613 2789 675 2832 666
691 2766 1095 2852 1666616(661663666666)
1148 2765 1205 2830 1116
1240 2765 1440 2831 diuturnitas
1476 2765 1559 2831 solet
1595 2765 1710 2830 inflare
1746 2766 1872 2831 animos
1904 2766 2057 2848 66666616
2090 2780 2123 2832 66

120 2852 262 2934 11666666
287 2856 374 2935 (666
406 2852 580 2917 661661666
610 2861 659 2917 666
685 2852 708 2937 t)
735 2858 763 2918 et
789 2874 851 2920 666
879 2854 991 2919 audies
1019 2853 1095 2935 6616
1147 2850 1282 2915 reddere
1311 2852 1417 2935 magis
1439 2852 1572 2917 feroces.
1618 2852 1708 2916 Dicit
1737 2851 1840 2936 igitur
1861 2871 1927 2916 ecce
1948 2873 1970 2917 6
1991 2853 2121 2918 saeculo.

119 2937 275 3018 16666666.
1147 2937 1265 3001 Postea
1295 2936 1334 3001 de
1362 2935 1510 3002 barbarie
1540 2936 1693 3019 loquitur,
1729 2938 1788 3012 Tu,
1821 2937 1945 3018 166616,
1980 2938 2123 3021 linguam

1147 3026 1215 3089 6166
1235 3043 1297 3087 666
1313 3021 1435 3107 6666616,
1459 3043 1555 3105 neque
1576 3023 1688 3088 666166
1708 3024 1786 3104 6616
1802 3023 1955 3103 16666666.
1989 3021 2122 3089 Scimus

204 3109 271 3174 Hie
293 3109 435 3174 ostendit
456 3109 616 3192 propheta
638 3106 797 3191 quomodo
819 3109 949 3174 1666666
971 3111 1014 3174 616
1036 3129 1094 3191 po·
1146 3111 1181 3173 in
1204 3111 1318 3192 lingua
1341 3129 1412 3175 esse
1434 3109 1764 3175 communicationem
1798 3130 1864 3173 non
1888 3117 2017 3173 tantum
2052 3130 2121 3174 ser·

120 3195 216 3275 66166
238 3196 355 3261 6161116
379 3195 527 3277 66166166,
552 3195 602 3259 661
625 3194 713 3278 11366
735 3192 837 3274 66166,
867 3196 942 3278 6616
970 3195 1094 3262 66111666
1146 3194 1262 3271 66616,
1297 3195 1353 3260 666
1384 3195 1481 3259 66166
1511 3195 1705 3260 affectuum:
1739 3194 1852 3278 lingua
1879 3206 1929 3259 666
1950 3194 2121 3261 character

119 3279 213 3345 Deus
235 3281 375 3346 adducet
396 3292 517 3347 certam
541 3280 675 3360 cladem,
702 3300 807 3363 6666
828 3280 890 3346 6161
913 3302 977 3345 666
1002 3281 1093 3345 time·
1146 3281 1275 3361 mentis,
1297 3291 1334 3345 ut
1356 3280 1457 3365 66136
1480 3280 1676 3362 loquuntur:
1703 3279 1830 3345 661666
1853 3281 2023 3345 66666166
2048 3282 2120 3347 vin·

119 3365 207 3431 bant.
245 3368 288 3432 116
311 3368 471 3432 66666666
494 3376 543 3431 666
564 3367 617 3432 616
636 3373 818 3432 contextus.
857 3367 995 3432 Dixerat
1018 3386 1089 3447 pro·
1144 3366 1252 3431 calum
1278 3368 1441 3431 humanae
1464 3367 1639 3432 societatis.
1681 3365 1767 3429 Nam
1790 3367 1817 3430 si
1842 3385 1908 3429 non
1932 3378 2016 3430 esset
2040 3387 2120 3431 6666

120 3451 218 3534 66666
247 3473 432 3518 66666666
461 3453 495 3516 16
525 3451 640 3536 116366
667 3473 727 3517 666
754 3453 823 3519 1666
850 3453 955 3516 instar
988 3451 1090 3535 ignis:
1144 3451 1284 3536 1163666,
1319 3454 1397 3535 6616
1432 3452 1594 3517 616666666
1626 3450 1776 3516 6661666
1809 3449 1864 3514 661
1898 3449 2069 3515 differrent
2101 3471 2121 3514 6

119 3539 184 3601 166
200 3537 260 3604 666
276 3541 430 3605 transfert
445 3537 485 3602 ad
498 3538 653 3622 Assyrios
668 3548 702 3602 et
714 3536 906 3603 Chaldaeos.
929 3536 1092 3602 Videntur
1144 3538 1248 3603 brutis
1285 3536 1488 3620 pecudibus?
1527 3538 1583 3601 alii
1620 3538 1653 3600 16
1687 3536 1768 3601 61166
1806 3536 1990 3600 saevirent:
2029 3536 2121 3601 nulla

119 3623 200 3688 haec
222 3624 457 3706 quodammodo
487 3645 642 3707 pugnare.
689 3622 754 3689 Sed
781 3623 847 3687 166
877 3632 953 3687 6666
983 3632 1091 3688 66666-
1144 3624 1283 3705 6661666
1305 3633 1391 3688 66666
1413 3624 1500 3687 16666
1522 3623 1610 3705 16666
1628 3621 1824 3686 666661666.
1856 3619 2021 3700 Quoniam
2043 3642 2119 3705 ergo

120 3709 244 3786 dimus,
284 3712 393 3775 omnia
424 3709 487 3773 Dei
525 3709 654 3792 flagella
691 3710 833 3791 pendere
870 3709 910 3773 ab
947 3709 1092 3774 efficacia
1144 3710 1255 3791 116366
1277 3710 1427 3774 666611166
1451 3710 1600 3773 6661666
1622 3709 1708 3772 16666
1730 3726 1775 3789 66,
1806 3705 1878 3770 1666
1901 3707 2060 3789 prophete
2083 3717 2120 3772 ut

120 3794 220 3858 verbi.
266 3794 354 3877 Ergo
376 3815 477 3876 quum
501 3797 609 3859 excisa
636 3794 701 3858 1616
725 3794 803 3859 6666
826 3794 866 3859 66
889 3796 1036 3877 Assyriis
1059 3805 1092 3858 66
1144 3804 1299 3858 terrorem
1330 3794 1455 3858 iniiciat
1484 3795 1616 3859 Iudaeis
1649 3793 1727 3859 dicit
1759 3799 1892 3875 gentem
1925 3791 2017 3856 illam
2052 3794 2119 3858 1666

118 3878 304 3952 Chaldaeis,
336 3889 414 3944 6666
447 3880 533 3963 13616
565 3901 605 3944 ex
636 3879 794 3944 Ieremias
825 3900 881 3943 ore
909 3881 1019 3962 erupit
1050 3880 1091 3943 ad
1143 3881 1325 3963 barbaram,
1348 3882 1426 3962 quia
1449 3881 1557 3944 nullus
1578 3881 1642 3945 erit
1660 3899 1738 3944 usus
1757 3878 1900 3962 liuguae,
1924 3878 2015 3943 66116
2033 3899 2119 3945 com·

120 3965 230 4030 urbem
266 3966 369 4046 ipsam
398 3964 596 4047 perdendam
620 3974 653 4029 et
675 3966 840 4048 populum.
884 3965 926 4029 In
952 3985 1090 4041 summa,
1143 3966 1327 4031 municatio.
1374 3966 1470 4031 Unde
1492 3966 1647 4048 sequitur,
1681 3963 1806 4029 nullam
1837 3966 1935 4028 etiam
1965 3965 2034 4028 fore
2057 3965 2118 4029 mi·

119 4051 282 4135 significat
314 4049 485 4129 Ieremias,
522 4072 623 4133 quum
656 4051 832 4117 advenient
865 4051 989 4130 hostes,
1027 4073 1091 4116 non
1143 4051 1350 4117 sericordiam
1374 4052 1695 4135 666666666616616,
1730 4050 1828 4115 etiam
1852 4051 1880 4116 si
1903 4050 2027 4116 centies
2057 4053 2118 4116 im·

120 4136 357 4219 respiciendum
381 4157 451 4201 esse
474 4136 604 4201 illorum
627 4137 736 4212 robur,
765 4157 871 4219 neque
893 4137 1092 4218 reputandas
1143 4138 1271 4220 plorent
1292 4158 1406 4202 eorum
1423 4138 1532 4217 fidem,
1555 4138 1776 4219 6666666166
1800 4136 1975 4201 666166666
1997 4137 2117 4214 616661,

119 4223 237 4303 666166,
259 4243 320 4287 666
337 4242 549 4305 6666666666
568 4242 676 4288 66666
695 4223 844 4287 66166666
862 4221 937 4286 66111
955 4224 1091 4288 auxilia:
1144 4233 1177 4287 et
1198 4225 1253 4304 qui
1276 4235 1408 4305 possent
1434 4222 1555 4305 aliquid
1584 4224 1760 4306 impetrare
1789 4224 1917 4301 favoris,
1947 4223 1974 4287 ei
1996 4222 2118 4287 intelli-

120 4308 176 4370 666
196 4309 263 4372 1666
281 4307 548 4390 exsequutionem
567 4308 743 4384 doctrinae,
764 4330 847 4390 quae
861 4309 901 4374 ab
916 4329 972 4373 ore
988 4309 1091 4391 ipsius
1143 4319 1275 4394 3666666
1297 4329 1411 4374 66666
1436 4330 1553 4374 66666.

119 4392 297 4474 prodierat,
337 4393 610 4476 quemadmodum
649 4395 725 4459 alibi
763 4394 947 4458 videbimus
983 4395 1091 4476 ipsum

120 4479 206 4542 mitti
230 4500 248 4542 6
272 4479 350 4554 Deo,
382 4489 419 4543 ut
441 4480 555 4544 urbem
583 4480 737 4545 obsideat.
783 4481 849 4545 Sed
877 4480 1090 4562 quibuscum
1229 4480 1278 4545 16.
1309 4481 1468 4548 Plteretra
1493 4482 1734 4560 6666666666
1760 4481 1937 4561 sepulcrum
1965 4485 2117 4564 apertum,

120 4563 245 4646 copiis?
269 4563 356 4629 66166
375 4574 453 4642 6666,
472 4575 505 4630 66
522 4566 671 4631 inermis:
696 4587 831 4631 verum:
853 4566 991 4632 6661616
1011 4566 1092 4633 6666
1143 4585 1247 4631 omnes
1266 4567 1371 4648 fortes.

120 4648 243 4714 obsidio
265 4650 433 4733 incognita
452 4651 605 4732 reprobis,
629 4672 693 4716 non
713 4664 822 4717 tamen
842 4654 946 4719 caruit
964 4653 1090 4730 6116666,
1525 4687 1529 4693 ·

120 4736 275 4816 6666166
293 4736 388 4800 616661
408 4735 560 4819 loquutus
578 4746 627 4803 666
643 4740 812 4821 propheta,
830 4738 878 4803 ita
892 4750 1092 4821 exsequutus
1229 4739 1390 4823 (16666666
1420 4739 1577 4822 66666666
1609 4736 1727 4800 616661
1749 4736 1879 4801 Ι666616
1903 4735 1967 4800 Dei
1991 4737 2116 4802 vindic·

120 4832 171 4885 est
194 4823 293 4901 Deus,
327 4820 413 4904 quod
443 4843 501 4904 per
522 4844 558 4889 os
586 4824 655 4887 eius
685 4824 874 4906 6666616666.
918 4825 1009 4907 Ergo
1039 4824 1091 4890 hic
1143 4835 1221 4899 666,
1245 4833 1278 4888 66
1297 4826 1367 4889 6166
1390 4827 1564 4898 ministros,
1595 4833 1692 4905 66666
1722 4831 1959 4903 exsequutores
1989 4822 2118 4886 dixerat

121 4907 270 4973 videmus
293 4906 477 4972 1166166666
499 4909 589 4990 quasi
618 4909 731 4991 6661161
753 4931 796 4973 ex
819 4930 875 4973 ore
897 4909 1091 4992 prophetae:
1144 4912 1211 4975 lore
1235 4909 1426 4974 Chaldaeos.
1467 4910 1534 4974 166
1557 4910 1754 4973 6666666166
1777 4905 1912 4971 666666
1937 4909 2116 4988 666616666,

98 4992 396 5075 166666666666
418 4993 446 5057 61
464 4993 566 5058 hostis
585 4995 697 5059 volens
720 5015 830 5060 muros
853 4994 942 5059 urbis
964 4996 1092 5060 diruere
1143 5017 1181 5061 ac
1217 4993 1297 5061 dicit
1330 4995 1502 5075 pharetras
1538 4995 1667 5059 illorum
1704 4992 1823 5057 similes
1861 4993 1930 5074 fore
1966 4994 2117 5074 sepulcra'e

120 5078 327 5160 iacularetur,
360 5079 534 5161 proiiceret
567 5080 713 5158 balistas,
748 5091 779 5145 66
810 5082 982 5162 catapultis
1015 5082 1091 5147 sub·
1144 5082 1270 5163 6666616.
1321 5079 1452 5146 Scimus
1484 5079 1621 5163 populos
1656 5078 1831 5144 orientales
1864 5084 1903 5141 ut
1937 5079 2116 5162 plurimum

122 5174 265 5230 verterat
298 5186 417 5242 66666,
452 5165 723 5248 66666666666
758 5165 853 5230 66616
885 5168 983 5231 66166
1016 5176 1093 5230 6666
1144 5188 1220 5232 6666
1244 5168 1343 5230 161666
1365 5166 1504 5248 sagittis,
1533 5177 1566 5230 et
1588 5165 1661 5229 aliis
1684 5163 1809 5228 iaculis.
1854 5164 1940 5228 Nam
1963 5164 2028 5229 illis
2051 5186 2116 5229 666

122 5268 226 5314 66666
248 5252 428 5327 66661666,
451 5264 483 5315 66
502 5260 664 5316 tormenta
681 5252 807 5330 bellica,
831 5251 949 5334 quibus
967 5272 1093 5336 pugna·
1145 5262 1196 5317 est
1227 5251 1361 5317 stataria
1394 5270 1517 5334 66366,
1552 5250 1609 5315 666
1641 5250 1755 5334 16366
1789 5250 1964 5314 simulant:
2001 5250 2117 5315 deinde

226 5353 335 5409 0616161
350 5371 445 5424 opere
473 5354 532 5409 Vol.
549 5351 711 5408 XXXVII
1878 5350 1914 5404 40
