4784 5970
129 473 133 479 Α
195 382 259 449 aaa
1084 376 1235 444 curun
1256 377 1318 444 121.
2147 383 2212 451 234

198 586 231 638 et
253 593 333 655 prae
355 571 428 636 aliis
449 569 661 636 memorabile
685 567 835 651 producit
858 567 893 632 in
914 565 1069 644 medium,
1092 565 1177 647 quod
1231 565 1379 647 ipsorum
1407 586 1533 649 quoque
1563 577 1650 631 esset
1678 565 1875 649 redemptor,
1904 590 1970 635 una
1997 571 2031 634 in
2054 593 2090 636 re
2114 595 2208 657 supe·

200 658 324 724 scilicet
357 657 456 722 semel
496 678 535 721 ex
570 659 725 740 Aegypto
763 652 958 719 mirabiliter
990 649 1177 732 redemptus
1232 651 1334 716 riores
1356 661 1451 717 erant
1473 653 1632 734 patribus,
1663 651 1749 734 quod
1773 662 1851 719 tunc
1874 667 2017 721 montem
2041 656 2121 725 Sion
2144 661 2206 725 ele-

197 754 284 810 esaet
305 742 455 825 populus.
494 741 564 807 Neo
585 743 675 805 enim
693 741 776 804 mihi
794 739 931 804 dubium
948 751 1000 803 est
1017 736 1096 820 quin
1120 756 1177 817 per
1232 747 1324 821 gerat
1346 738 1447 816 Deus,
1472 737 1526 803 ubi
1549 737 1716 821 pollicitus
1738 738 1847 803 fuerat
1869 750 2035 807 aeternam
2056 744 2117 810 sibi
2140 746 2209 812 lore

199 831 317 896 Rahab
349 828 513 913 intelligat
541 826 715 909 superbam
745 840 777 890 et
806 827 945 890 ferocem
968 825 1176 907 Aegyptum:
1231 822 1389 905 requiem.
1421 822 1586 905 Quoniam
1608 844 1688 888 vero
1708 824 1858 890 mirabile
1875 827 2021 891 futurum
2039 844 2110 895 erat
2126 852 2208 914 opus

199 914 473 1000 quemadmodum
495 915 594 978 etiam
616 913 750 977 Psalmo
773 913 813 978 87
837 911 880 997 (v.
903 909 948 994 4),
971 910 1099 975 Memor
1122 928 1177 971 cro
1231 907 1295 972 Dei
1321 909 1405 991 quod
1434 910 1598 992 promittit
1619 908 1738 986 Iasius,
1769 910 1840 975 ideo
1868 913 2026 994 populum
2056 915 2208 983 hortatur

199 1002 328 1076 Rahab,
348 1012 381 1065 et
390 1000 575 1085 Babylonis
591 1000 678 1063 inter
693 998 869 1062 familiares
887 1016 986 1061 meos.
1015 991 1177 1060 Similiter
1232 994 1272 1058 ad
1306 994 1436 1059 laudem
1470 1005 1505 1058 et
1536 996 1720 1079 gratiarum
1754 996 1924 1063 actionem.
1981 1013 2040 1067 u'ttt
2075 1004 2206 1084 quidem

203 1088 355 1154 Ezechiel
386 1086 450 1170 (29,
476 1086 510 1172 3)
541 1104 653 1168 regem
682 1084 828 1168 Aegypti
859 1083 1032 1149 draconem
1062 1090 1174 1144 vocat:
1230 1079 1423 1163 simpliciter
1444 1101 1503 1162 pro
1524 1080 1742 1145 exsultatione
1765 1083 1867 1164 accipi
1886 1092 2009 1167 potest:
2033 1088 2089 1151 sed
2108 1111 2205 1172 quum

201 1176 286 1240 Ecce
309 1193 369 1256 ego
391 1175 432 1237 ad
457 1183 488 1236 te
511 1171 643 1236 Pharao
666 1191 724 1235 rex
747 1170 901 1253 Aegypti,
929 1168 1025 1232 draco
1046 1187 1175 1250 magne,
1231 1186 1327 1247 saepe
1354 1166 1482 1230 laudem
1511 1166 1674 1250 significet
1702 1187 1785 1249 quae
1808 1167 1879 1233 Deo
1911 1171 2076 1252 tribuitur,
2106 1196 2205 1257 quum

201 1261 256 1342 qui
278 1258 406 1324 habitas
428 1259 463 1322 in
487 1258 592 1322 medio
614 1258 789 1321 fluviorum
812 1269 954 1319 tuorum.
990 1252 1079 1318 Satis
1102 1273 1177 1317 con·
1231 1251 1302 1316 eius
1320 1250 1478 1317 beneficia
1496 1253 1711 1334 agnoscimus,
1731 1254 1816 1317 malo
1834 1255 1868 1318 in
1887 1253 1948 1321 hac
1966 1259 2208 1340 significatione

201 1357 276 1419 stat,
300 1357 397 1426 atque
419 1345 505 1409 iuter
527 1363 640 1407 omnes
662 1342 824 1417 convenit,
853 1341 908 1405 hic
929 1342 963 1403 in
988 1338 1176 1402 memoriam
1232 1336 1384 1402 hocloco
1406 1338 1562 1420 accipere.
1595 1338 1753 1420 Magnam
1773 1358 1850 1402 vcro
1869 1350 1903 1404 ct
1921 1343 2119 1424 insperatam
2137 1368 2206 1413 mu·

201 1430 311 1494 reduci
344 1430 516 1496 mirificam
546 1427 770 1492 liberationem
800 1427 910 1509 populi
942 1447 981 1489 ex
1012 1427 1175 1506 Aegypto.
1231 1423 1388 1488 tationem
1412 1426 1480 1487 lore
1502 1423 1675 1506 significat,
1705 1425 1751 1488 ita
1772 1429 1810 1490 ut
1832 1426 2064 1507 amplissimam
2094 1432 2204 1516 gaudii

202 1517 238 1583 Si
262 1531 342 1581 tuno
364 1515 516 1597 superbia
538 1512 594 1578 illa
616 1514 760 1597 Aegypti
787 1513 911 1576 domita
933 1531 970 1576 ao
992 1530 1176 1591 compressa
1232 1520 1265 1571 et
1287 1511 1468 1592 gratiarum
1492 1510 1629 1575 actionis
1651 1511 1821 1574 materiam
1845 1511 1996 1579 habeant.
2036 1516 2203 1583 Gaudium

201 1618 267 1682 est,
294 1601 321 1666 si
345 1602 537 1684 profligatus
560 1597 669 1676 draco,
700 1619 760 1663 our
782 1618 848 1661 non
871 1598 958 1662 idem
981 1595 1074 1661 nobis
1096 1614 1176 1676 quo·
1231 1614 1329 1676 super
1351 1600 1451 1678 caput
1479 1595 1546 1659 fore
1568 1595 1688 1672 dicens,
1719 1595 1835 1660 alludit
1864 1597 1905 1661 ad
1928 1620 2065 1666 coronas
2089 1604 2205 1685 quibus

201 1711 263 1770 que
292 1686 492 1770 sperandum
522 1685 608 1749 erit?
649 1684 846 1763 Quaerando
880 1703 992 1746 annon
1025 1680 1105 1745 illud
1134 1681 1178 1745 sit
1231 1700 1302 1745 sese
1331 1680 1491 1745 ornabant
1518 1681 1551 1744 in
1580 1680 1674 1745 laetis
1703 1682 1871 1747 conviviis.
1897 1684 2021 1770 ,Addit
2049 1689 2203 1772 gaudium

200 1774 285 1839 idem
310 1770 479 1837 brachium
503 1771 718 1836 ratiocinatur
736 1791 755 1834 a
773 1780 892 1833 natura
906 1768 987 1832 Dei:
1010 1788 1070 1832 nec
1088 1767 1176 1831 enim
1231 1765 1506 1847 apprehensurus,
1540 1786 1604 1847 quo
1633 1766 1762 1831 firmam
1792 1778 1824 1832 ct
1850 1766 1986 1834 solidam
2016 1773 2204 1840 fruitionem

200 1872 311 1942 posset
343 1857 404 1922 hoo
438 1856 477 1921 dc
508 1857 652 1920 hominis
686 1855 817 1920 brachio
851 1853 1048 1937 praedicari,
1086 1853 1177 1919 cuius
1232 1850 1375 1916 denotat.
1420 1852 1591 1916 Postremo
1624 1852 1845 1935 amplificandi
1877 1875 1975 1922 causa
2007 1857 2097 1923 addit
2130 1882 2203 1944 pro·

200 1946 299 2021 vires,
331 1944 461 2007 tametsi
485 1962 622 2025 magnae
644 1941 775 2016 fuerint,
806 1956 951 2023 tempore
981 1940 1177 2003 minuuntur
1230 1937 1380 2021 fligatum
1410 1938 1450 2001 iri
1479 1958 1608 2002 omnem
1639 1958 1836 2016 moerorem,
1870 1963 1911 2005 ne
1936 1955 2086 2009 metuant
2119 1947 2204 2030 quod

200 2051 238 2096 ac
260 2038 410 2112 pereunt.
455 2028 547 2103 Milo,
578 2029 633 2109 qui
656 2027 903 2091 robustissimus
933 2027 1055 2103 iuerat,
1088 2026 1177 2089 senio
1231 2023 1375 2088 accidere
1397 2024 1494 2099 solet,
1524 2035 1562 2087 ut
1583 2024 1680 2088 celeri
1707 2027 1919 2091 conversione
1941 2028 2035 2109 facta,
2057 2042 2204 2097 extrema

200 2119 373 2188 conlectus,
403 2113 537 2178 brachia
559 2133 619 2176 sua
641 2113 783 2187 intuens,
810 2112 974 2194 gemebat,
1002 2109 1087 2192 quod
1109 2111 1176 2192 pri·
1231 2109 1340 2191 gaudii
1362 2109 1471 2175 luctus
1493 2119 1637 2190 occupet.
1681 2108 1819 2175 Interim
1849 2112 2002 2179 admonet
2032 2118 2201 2200 propheta.

200 2204 263 2267 sois
285 2201 351 2265 illis
375 2199 499 2263 viribus
525 2199 594 2263 suis
617 2198 858 2262 destitueretur.
904 2202 951 2261 At
972 2219 1036 2261 non
1060 2206 1109 2261 est
1131 2198 1177 2260 ita
1231 2194 1362 2260 tametsi
1377 2206 1510 2279 gemant
1524 2214 1562 2260 ac
1577 2205 1752 2261 versentur
1767 2197 1802 2260 in
1817 2201 2026 2279 moeroribus,
2041 2205 2203 2285 patienter

201 2290 236 2351 in
255 2288 336 2364 Deo,
360 2288 452 2350 cuius
470 2285 556 2349 vires
577 2283 669 2347 nullo
693 2303 774 2347 aevo
797 2284 903 2347 minui
926 2294 1071 2364 possunt.
1102 2282 1176 2347 Hoc
1231 2289 1423 2363 exspectent
1445 2281 1532 2347 hunc
1554 2283 1679 2346 exitum
1703 2304 1797 2365 quem
1821 2285 1991 2366 promittit.

200 2375 286 2437 enim
321 2370 499 2455 legendum
533 2380 583 2434 est
615 2369 813 2453 ἐμφατικῶς,
848 2373 968 2432 Annon
1002 2366 1084 2432 illud
1115 2370 1175 2432 es?
1319 2367 1366 2432 12.
1396 2366 1496 2453 (Ego,
1522 2386 1576 2449 eqo
1598 2367 1694 2453 sum.)
1737 2368 1802 2435 Hic
1826 2391 1889 2434 non
1913 2381 2040 2437 tantum
2063 2377 2201 2458 gratiam

200 2459 354 2540 quoniam
385 2454 529 2520 ostendit
558 2457 697 2519 eundem
724 2476 794 2520 esse
817 2454 997 2519 Dominum
1020 2455 1075 2535 qui
1098 2454 1175 2518 olim
1229 2457 1263 2516 ct
1289 2454 1428 2518 salutem
1461 2453 1634 2535 pollicetur
1659 2452 1805 2533 Iudaeis,
1838 2457 1895 2521 sed
1925 2477 2001 2523 cum
2033 2461 2112 2542 ipsis
2145 2483 2201 2527 ex·

200 2545 280 2620 fuit,
314 2563 414 2624 quum
448 2540 661 2605 immutabilis
694 2551 835 2604 mancat.
887 2541 1032 2604 'l'ametsi
1065 2552 1175 2604 autern
1201 2554 1204 2618 l
1229 2538 1373 2620 postulat
1394 2538 1567 2614 Dominus,
1590 2540 1675 2621 quod
1698 2540 1797 2604 fidem
1819 2541 1878 2606 sibi
1903 2543 2067 2627 derogent,
2091 2567 2200 2612 suam·

199 2651 264 2695 non
288 2629 397 2692 omnia
420 2625 578 2691 miracula
601 2626 721 2690 referat
743 2625 855 2702 Isaiae,
884 2645 968 2707 quae
989 2625 1077 2690 edita
1099 2638 1176 2689 sunt
1229 2645 1291 2706 qua
1313 2625 1492 2705 potentiam
1522 2626 1660 2691 minoris
1688 2626 1809 2690 faciant
1830 2649 1927 2709 quam
1950 2630 2093 2696 decebat.
2139 2633 2201 2697 Est

199 2716 313 2780 aDeo
342 2735 442 2795 quum
473 2733 491 2775 e
521 2712 679 2775 servitute
706 2711 851 2793 Aegypti
886 2709 1042 2792 populum
1077 2731 1174 2775 suum
1228 2710 1314 2773 enim
1339 2729 1472 2792 prorsus
1501 2711 1689 2794 indignum,
1719 2712 2004 2796 sioexpavescere
2032 2716 2072 2780 ad
2095 2717 2199 2782 homi·

199 2799 327 2875 eduxit,
362 2812 472 2862 tamen
502 2796 615 2878 paucis
644 2794 918 2876 comprehendere
942 2795 1044 2859 voluit
1066 2799 1176 2859 omnia
1199 2863 1201 2879 ξ
1228 2816 1307 2859 uum
1336 2795 1461 2874 minas,
1492 2806 1529 2858 ut
1550 2797 1710 2862 auxilium
1733 2795 1796 2862 Dei
1826 2820 1884 2880 pro
1913 2800 2016 2866 nihilo
2046 2801 2200 2870 ducatur:

199 2906 281 2968 quae
304 2884 438 2949 aMose
460 2885 656 2958 rct'cruntur,
680 2892 719 2945 ut
741 2901 838 2962 quam
863 2881 963 2945 variis
984 2881 1090 2945 modis
1110 2881 1175 2945 Do·
1228 2881 1305 2963 quia
1328 2881 1360 2944 in
1381 2882 1468 2945 hunc
1491 2882 1588 2945 finem
1613 2882 1734 2946 attollit
1757 2905 1850 2947 suam
1874 2887 2063 2966 potentiam,
2087 2901 2124 2953 ut
2140 2911 2200 2955 nos

197 2972 306 3035 minus
328 2969 511 3052 potentiam
531 2987 622 3031 suam
643 2965 909 3042 demonstrasset,
932 2966 1043 3031 Iudaei
1063 2967 1175 3050 paucis
1228 2966 1342 3031 saltem
1373 2976 1488 3031 contra
1518 2987 1631 3031 omnes
1663 2969 1806 3051 impetus
1835 2970 1957 3035 fulciat.
2001 2971 2112 3055 Quare
2141 2974 2199 3039 ho·

199 3056 358 3120 admoniti
388 3056 610 3118 observarant.
656 3053 794 3117 Ponitur
817 3064 925 3116 autem
956 3053 1057 3117 maris
1083 3052 1174 3117 rubri
1227 3052 1332 3116 mines
1354 3054 1490 3117 nimium
1512 3053 1684 3119 metuendo
1703 3055 1871 3138 prodimus
1887 3057 1950 3121 Dei
1967 3070 2199 3143 contemptum.

200 3143 390 3222 exsiccatio,
431 3160 497 3203 non
531 3138 627 3202 modo
661 3150 792 3220 propter
824 3139 986 3221 insignem
1026 3139 1174 3203 miraculi
1227 3137 1323 3203 Unde
1345 3149 1481 3220 apparet
1509 3159 1605 3221 quam
1635 3141 1789 3222 iniquum
1811 3143 1869 3218 sit,
1899 3142 1971 3208 Deo
1993 3144 2034 3209 ad
2056 3147 2199 3227 quietem

199 3227 449 3309 praestantiam,
479 3224 536 3288 sed
560 3225 637 3306 quia
659 3225 692 3287 in
717 3224 805 3288 hunc
829 3224 930 3288 finem
953 3229 1002 3288 tot
1024 3224 1089 3287 iam
1112 3225 1173 3288 mi·
1229 3234 1374 3301 vocante,
1398 3222 1436 3287 ad
1458 3223 1627 3290 hominum
1651 3236 1792 3292 terrores
1815 3228 2019 3296 tumultuari.
2051 3231 2096 3296 llt
2113 3243 2200 3298 certe

199 3313 310 3378 racula
343 3320 603 3394 praecesserant,
637 3324 674 3374 ut
704 3310 841 3391 populus
876 3310 916 3374 ab
939 3312 1064 3375 iniusta
1087 3311 1119 3373 vi
1142 3322 1174 3373 et
1227 3311 1311 3374 mira
1333 3320 1382 3375 est
1403 3310 1572 3376 hominum
1598 3312 1811 3396 ingratitudo,
1841 3314 1897 3395 qui
1920 3314 1997 3379 dum
2020 3317 2199 3384 audiunta

199 3398 377 3482 tyrannide
407 3408 537 3479 ereptus
561 3399 594 3459 in
618 3406 739 3459 terram
763 3395 822 3459 sibi
845 3397 1038 3478 promissam
1068 3404 1173 3460 trans·
1227 3405 1320 3479 parte
1350 3417 1408 3460 sua
1430 3395 1539 3460 Deum
1569 3408 1665 3477 stare,
1695 3398 1817 3463 nullam
1848 3421 1891 3463 ex
1920 3409 1985 3465 tam
2016 3405 2199 3486 magnificis

199 3486 272 3549 iret.
316 3482 396 3548 Ideo
426 3482 612 3566 specialiter
641 3490 874 3547 commemorat
903 3481 1063 3564 propheta
1084 3483 1172 3545 viam
1227 3483 1296 3546 aius
1326 3483 1494 3564 promissis
1527 3504 1618 3565 spem
1648 3483 1849 3566 concipiunt,
1884 3495 1921 3549 ut
1950 3488 2112 3568 intrepide
2141 3510 2198 3552 ex·

198 3570 375 3652 redemptis
397 3569 593 3650 patefactam
616 3587 697 3632 esse.
732 3567 842 3649 Atque
865 3567 926 3632 hoc
948 3567 1096 3648 exemplo
1118 3589 1174 3632 no·
1227 3569 1368 3632 clamare
1394 3568 1551 3632 audeant:
1586 3567 1622 3633 Si
1646 3570 1738 3634 Deus
1768 3591 1826 3652 pro
1848 3569 1958 3650 nobis,
1989 3575 2060 3655 quis
2086 3588 2198 3638 contra

196 3657 247 3720 bis
270 3654 491 3737 reputandum
515 3663 566 3718 est
588 3653 694 3736 qualis
716 3674 794 3736 erga
817 3673 876 3716 nos
899 3653 996 3716 fuerit
1012 3652 1111 3729 Deus,
1136 3665 1173 3716 ut
1227 3652 1306 3716 nos?
1336 3654 1450 3734 Itaque
1473 3655 1506 3717 in
1530 3654 1683 3736 periculis
1705 3653 1843 3720 haerent
1865 3659 2012 3722 attoniti:
2035 3679 2072 3724 ac
2094 3659 2198 3724 multo

197 3763 272 3806 eum
301 3760 368 3804 non
397 3740 588 3804 dissimilem
618 3740 670 3804 sui
697 3739 765 3803 fore
795 3739 827 3801 in
852 3751 1016 3819 posterum
1046 3759 1173 3820 quoque
1226 3738 1299 3820 plus
1321 3739 1446 3803 homini
1470 3740 1600 3804 mortali
1630 3739 1780 3805 tribuunt
1809 3744 1974 3824 potentiae
1994 3745 2030 3808 in
2052 3744 2198 3810 nocendo

198 3838 391 3900 statuamus,
414 3827 499 3891 sicut
521 3847 563 3890 ex
585 3834 742 3890 contextu
766 3832 872 3905 patet·
1226 3845 1323 3907 quam
1347 3824 1418 3888 Deo
1441 3825 1474 3888 in
1497 3825 1648 3890 iuvando.
1694 3827 1814 3891 Merito
1841 3849 1919 3911 orgo
1946 3829 2120 3912 exprobrat
2142 3831 2196 3896 lu·

285 3911 335 3975 11.
373 3909 473 3994 (Erpa
506 3910 677 3996 redempti.)
732 3910 829 3975 Nunc
861 3908 981 3975 clarius
1017 3910 1171 3991 exprimit
1225 3911 1331 3989 dacis,
1365 3911 1451 3992 quod
1474 3931 1508 3974 sa
1530 3911 1582 3976 his
1605 3912 1775 3994 promissis
1805 3934 1868 3979 non
1899 3916 2065 3994 muniant,
2100 3922 2197 3999 atque

197 3999 284 4080 quod
316 3997 457 4061 breviter
487 3997 658 4079 attigerat:
691 4006 862 4078 postquam
888 3997 976 4061 enim
998 3996 1172 4080 magnifica
1224 3998 1363 4063 invictos
1381 4019 1415 4061 se
1435 3996 1609 4079 praebeant
1626 3997 1783 4064 adversus
1801 4003 1911 4064 omnia
1929 4002 2081 4083 pericula.
2113 4003 2196 4066 Nam

196 4084 260 4149 Dei
293 4102 393 4165 opera
425 4082 556 4158 retulit,
597 4083 716 4163 quibus
749 4082 827 4146 olim
861 4083 1041 4166 potentiam
1078 4101 1171 4146 suam
1224 4104 1352 4148 summa
1382 4083 1578 4148 contumelia
1607 4084 1749 4149 afficitur
1772 4084 1873 4168 Deus,
1908 4107 2007 4168 quum
2031 4088 2071 4151 de
2093 4088 2197 4172 ipsius

196 4168 338 4236 ostendit
368 4171 403 4232 in
424 4169 591 4252 Aegypto,
621 4176 658 4230 ut
683 4168 842 4251 populum
873 4189 969 4234 suum
1000 4168 1171 4232 liberaret:
1224 4171 1361 4233 veritate
1385 4167 1566 4233 dubitatur:
1601 4171 1677 4252 quia
1703 4169 1826 4235 scilicet
1855 4172 1900 4234 ita
1923 4192 1982 4236 nos
2004 4175 2196 4238 exanimant

196 4256 320 4338 colligit
343 4275 402 4319 nec
424 4274 525 4330 mare,
556 4273 616 4318 neo
639 4253 721 4318 altas
744 4274 852 4336 rupes,
881 4275 941 4319 neo
963 4253 1106 4334 abyssos,
1129 4275 1172 4318 ne
1225 4256 1360 4319 humani
1391 4264 1533 4319 terrores
1556 4265 1592 4319 ut
1614 4256 1648 4318 in
1671 4255 1742 4319 eius
1770 4256 1938 4337 promissis
1968 4259 2196 4341 conquiescere

197 4344 316 4406 inferos
339 4341 469 4421 quidem
493 4340 581 4421 ipsos
602 4338 732 4404 obstare
757 4359 851 4421 posse
872 4341 1045 4422 quominus
1067 4361 1170 4421 popu·
1223 4361 1429 4422 nequeamus.
1486 4341 1579 4406 Haec
1611 4350 1721 4406 autem
1753 4339 1917 4424 repetitio*
1936 4345 2040 4427 magis
2078 4346 2193 4410 afficit:

195 4429 264 4493 lum
288 4426 492 4508 eBabylone
514 4426 641 4491 educat.
680 4427 788 4506 Atque
811 4436 846 4489 ut
865 4428 969 4509 magis
990 4427 1171 4504 confirmet,
1223 4426 1313 4509 Ego,
1347 4446 1417 4509 ego.
1468 4426 1501 4491 Is
1534 4427 1621 4491 enim
1656 4427 1909 4492 consolationem
1945 4431 2105 4510 promittit
2138 4432 2194 4511 qui

197 4527 229 4577 et
258 4511 442 4593 exemplum
472 4512 554 4576 illud
585 4509 823 4585 accommodet,
853 4511 1039 4594 redemptos
1067 4523 1169 4588 vocat,
1223 4533 1325 4577 verax
1355 4521 1420 4591 est,
1449 4514 1485 4576 in
1507 4533 1603 4594 quem
1631 4512 1715 4575 nihil
1739 4513 1910 4577 hominum
1933 4516 2018 4580 vires
2041 4526 2096 4578 aut
2118 4537 2193 4581 con·

198 4597 290 4664 utid
313 4596 353 4661 ad
376 4600 597 4678 sepertinere
624 4596 822 4679 intelligant,
853 4597 936 4678 quod
959 4617 995 4660 sc
1016 4597 1168 4662 liberato·
1221 4598 1296 4664 silio
1324 4598 1474 4664 efficient.
1520 4598 1631 4678 Quum
1661 4597 1690 4661 ei
1721 4597 1855 4677 diffidis,
1889 4601 2037 4682 sequitur
2067 4609 2098 4665 te
2126 4623 2193 4664 non

196 4707 266 4750 rem
289 4682 399 4765 populi
420 4684 471 4746 sui
493 4686 658 4748 nominat:
689 4704 749 4749 nec
772 4681 919 4747 dubitent
945 4683 1024 4764 quin
1049 4682 1113 4747 tale
1135 4683 1169 4746 in
1222 4686 1366 4767 cogitare
1388 4687 1537 4767 quisnam
1561 4685 1613 4748 sit.
1661 4682 1700 4747 Ut
1719 4684 1831 4750 teneus
1852 4685 1892 4751 ab
1913 4685 2043 4752 bomine.
2084 4686 2194 4766 Quam

196 4772 276 4853 ipsis
308 4767 483 4834 liberandis
515 4767 700 4852 exemplum
736 4768 883 4833 editurus
911 4768 955 4832 sit
983 4768 1076 4851 quala
1104 4770 1167 4831 iam
1222 4769 1357 4852 fragilis,
1381 4772 1513 4849 caduca,
1535 4771 1624 4833 fluxa
1644 4776 1676 4832 et
1695 4789 1781 4834 vana
1801 4773 1844 4835 sit
1861 4771 2031 4837 hominum
2054 4772 2194 4837 conditio

196 4857 273 4921 olim
295 4877 311 4919 s
335 4864 477 4919 actatum
499 4854 617 4932 fuerat,
638 4876 740 4938 quum
762 4854 875 4918 eadem
898 4855 942 4918 sit
964 4856 1056 4919 ratio.
1221 4864 1462 4933 commemorat,
1484 4875 1547 4937 quo
1566 4855 1670 4937 magis
1687 4855 1862 4937 amplificet
1879 4859 2042 4923 socordiae
2060 4858 2193 4933 crimen,

281 4941 338 5025 (c
360 4937 463 5025 sion.)
506 4939 632 5022 Nempe
661 4941 698 5005 in
725 4960 799 5005 eum
827 4939 935 5004 locum
965 4939 1021 5005 ubi
1050 4959 1167 5004 nomen
1222 4940 1277 5005 ubi
1299 4939 1415 5005 umbra
1437 4952 1469 5007 et
1492 4942 1599 5004 iumus
1623 4941 1693 5004 Deo
1716 4943 1909 5023 praefertur.
1954 4942 2107 5008 Ostendit
2137 4964 2193 5008 au·

196 5048 293 5092 suum
324 5024 426 5091 voluit
456 5026 616 5102 invocari,
649 5034 686 5091 ut
716 5027 919 5091 instauretur
949 5025 1106 5108 templum
1137 5038 1169 5090 et
1223 5040 1289 5091 tem
1324 5027 1473 5091 homines
1505 5025 1660 5108 quamdiu
1692 5047 1853 5092 memores
1885 5040 1963 5093 sunt
1993 5029 2069 5104 Dei,
2103 5039 2193 5094 metu

195 5133 300 5195 purus
321 5111 385 5176 Dei
415 5111 523 5176 cultus
552 5113 754 5177 restituatur.
798 5110 883 5176 Nam
913 5131 1011 5193 quum
1039 5110 1169 5176 Iudaeis
1222 5114 1403 5177 exanimari
1436 5132 1502 5177 non
1537 5132 1639 5194 posse.
1697 5112 1807 5192 Quum
1840 5133 1918 5196 ergo
1951 5114 2105 5198 periculis
2141 5114 2192 5179 in-

194 5199 230 5261 in
245 5199 362 5264 exsilio
381 5197 571 5281 babylonico
591 5197 675 5262 idem
694 5197 852 5263 auxilium
872 5197 1067 5278 sperandum
1084 5210 1170 5262 esset
1223 5198 1415 5282 gruentibus
1442 5198 1710 5280 obstupescimus,
1741 5198 1887 5280 sequitur
1910 5221 1969 5265 nos
1992 5200 2054 5266 Dei
2077 5199 2193 5264 oblitos

194 5284 280 5366 quod
316 5283 444 5366 experti
476 5284 612 5349 luerunt
641 5289 769 5367 patres:
803 5284 880 5367 quia
901 5283 992 5348 Deus
1020 5284 1170 5349 similiter
1224 5304 1303 5350 esse.
1349 5284 1492 5366 Ideoque
1514 5283 1654 5363 subiicit,
