4784 5970
193 355 257 422 429
1061 353 1211 425 CAPUT
1233 356 1341 423 LXV.
2133 357 2199 422 430

194 546 373 611 etiamnum
395 545 429 609 in
452 564 627 628 progressu
657 554 690 609 et
719 565 816 612 eursu
848 565 983 611 sumus:
1017 565 1079 610 neo
1109 545 1173 609 ista
1225 544 1322 610 modo
1343 543 1496 610 daturum
1518 542 1706 609 hominibus
1734 541 1905 608 materiam
1927 564 1993 627 qua
2015 548 2196 630 gaudeant:

195 629 444 713 eomplehuutur
482 650 585 713 usque
619 629 661 695 ad
700 631 972 697 resurrectionem
1012 630 1172 709 ultimam,
1224 628 1403 695 sedetiam
1426 629 1573 695 eiusdem
1601 628 1713 711 gaudii
1742 629 1933 711 participem
1964 651 1999 696 se
2029 632 2198 701 nobiseum

194 735 278 799 quae
299 715 394 780 nobis
417 716 510 779 velut
531 720 620 781 meta
649 717 824 781 eonstituta
854 723 914 782 est.
959 714 1056 795 Quod
1083 716 1172 798 prio·
1224 715 1304 779 iore.
1348 714 1476 780 'Pontus
1498 715 1586 780 enim
1617 723 1668 778 est
1696 713 1801 796 ipsius
1830 735 1910 799 erga
1942 736 2000 782 nos
2028 738 2132 797 amor,
2161 733 2199 786 ut

195 823 269 866 rum
291 801 480 866 memoriam
502 801 570 864 fore
592 810 708 883 negat,
738 801 889 867 nonnulli
920 800 961 867 ad
990 800 1117 867 eoelum
1140 808 1172 864 et
1224 820 1291 865 non
1313 801 1422 866 minus
1445 799 1624 865 delectetur
1647 809 1759 866 nostro
1783 800 1878 877 bono,
1909 822 2006 883 quam
2029 805 2057 869 si
2079 825 2117 869 eo
2139 827 2197 872 no·

195 896 316 952 terram
338 885 494 962 referunt,
518 886 612 967 quasi
635 885 757 951 dioeret
779 887 904 951 nullam
926 887 1100 969 utriusque
1122 885 1172 951 ia·
1223 884 1348 951 bissum
1388 905 1454 950 uua
1493 887 1667 951 frueretur.
1728 887 1837 968 Atque
1869 885 1948 951 hine
1981 910 2046 953 non
2080 911 2197 972 parum

194 993 294 1055 mam,
315 971 507 1053 nullumque
529 990 648 1034 nomen
672 972 807 1052 posthae
835 972 920 1036 iore:
953 969 1011 1035 sed
1042 992 1102 1054 ego
1129 971 1171 1034 ad
1223 971 1482 1036 oonfirmationis
1513 970 1592 1035 fidei
1626 976 1758 1036 nostrae
1786 970 1920 1049 aooedit,
1953 994 2054 1057 quum
2088 978 2197 1042 Deum

195 1067 343 1140 tempora
381 1056 550 1138 superiora
589 1055 711 1120 referre
751 1055 847 1122 malo.
903 1058 1046 1121 Tantam
1082 1056 1170 1120 enim
1223 1055 1296 1133 tali,
1326 1063 1481 1139 tantoque
1508 1057 1626 1121 affeetu
1650 1076 1730 1139 erga
1758 1076 1820 1120 nos
1850 1055 1922 1123 duoi
1952 1059 2113 1126 audimus.
2159 1062 2198 1128 Si

194 1142 353 1207 laetitiam
376 1142 593 1206 restitutionis
610 1142 678 1205 iore
700 1141 873 1226 signifieat,
896 1151 1014 1207 utnon
1030 1141 1171 1224 amplius
1223 1141 1309 1206 male
1338 1140 1497 1207 habemus
1530 1152 1564 1206 et
1598 1140 1805 1225 dissipamur,
1837 1144 1883 1207 ait
1915 1164 1951 1208 se
1984 1166 2132 1211 moerore
2165 1162 2199 1213 et

194 1228 402 1292 miseriarum
425 1248 560 1292 suarum
582 1227 804 1291 reeordentur.
849 1228 921 1293 Nisi
950 1226 1036 1291 forte
1066 1227 1171 1310 magis
1223 1226 1357 1291 tristitia
1381 1226 1482 1293 aifioi:
1506 1236 1628 1303 eontra,
1650 1227 1678 1293 si
1697 1227 1779 1292 bene
1798 1226 1953 1294 nobisest
1968 1251 2005 1296 ao
2020 1232 2197 1310 eommode,

195 1314 323 1396 plaeeat
346 1311 385 1377 de
408 1312 573 1377 benefieiis
596 1312 758 1394 aoeipere‚
787 1332 869 1394 quae
893 1313 1026 1378 tametsi
1047 1332 1170 1376 memo·
1223 1332 1376 1395 magnam
1393 1332 1437 1377 ex
1456 1312 1544 1378 felioi
1560 1321 1671 1377 nostro
1689 1322 1779 1377 statu
1795 1313 1998 1397 voluptatem
2018 1337 2053 1382 se
2071 1336 2197 1401 sapere.

195 1407 270 1464 ratu
292 1397 392 1481 digua
415 1404 509 1462 erant
530 1417 649 1462 nomen
671 1395 890 1481 perdiderint,
921 1396 976 1463 ubi
1003 1399 1171 1480 iuoompa·
1223 1396 1320 1463 Unde
1350 1399 1448 1462 etiam
1479 1397 1570 1481 prius
1593 1397 1736 1464 vidimus
1763 1399 1914 1481 spiritum
1943 1400 2081 1467 Domini
2111 1403 2197 1468 alfioi

195 1483 308 1550 rabilia
338 1482 401 1547 Dei
429 1482 537 1566 gratia
568 1480 690 1548 illuxit.
736 1481 811 1565 Quo
843 1503 942 1549 sensu
976 1482 1059 1547 dixit
1092 1482 1170 1547 alibi
1223 1481 1366 1562 tristitia,
1390 1504 1489 1565 quum
1512 1503 1647 1549 eversus
1669 1504 1707 1549 ae
1725 1483 1881 1550 oonfusus
1896 1496 1946 1551 est
1962 1486 1991 1552 is
2005 1486 2085 1552 ordo
2100 1508 2197 1570 quem

196 1569 370 1654 propheta:
399 1568 556 1634 Priorum
578 1589 619 1632 ne
642 1567 875 1634 reeordemini:
906 1589 972 1633 non
994 1567 1081 1652 quod
1104 1568 1170 1651 pri-
1223 1568 1362 1650 requirit
1391 1588 1428 1633 ao
1462 1566 1594 1651 probat:
1628 1568 1706 1634 alibi
1741 1570 1853 1652 sponsi
1886 1590 2061 1653 personam
2094 1574 2133 1636 in
2163 1595 2198 1639 ae

196 1676 282 1720 mam
304 1653 561 1737 redemptionem
585 1652 708 1719 aboleri
730 1663 788 1718 aut
806 1654 906 1719 deleri
923 1653 1062 1719 voluerit
1078 1654 1171 1718 Deus
1224 1653 1383 1718 transfert
1404 1654 1459 1735 qui
1481 1654 1516 1718 in
1539 1655 1653 1718 uxoris
1676 1674 1787 1720 amore
1809 1657 1994 1738 aoquieseit.

195 1762 235 1807 ex
258 1738 409 1806 sordibus
431 1739 578 1822 piorum:
611 1738 668 1804 sed
691 1739 767 1821 quia
789 1761 832 1804 ex
858 1740 1101 1823 eomparatione
1123 1739 1172 1803 in·
1310 1739 1361 1803 20.
1393 1737 1485 1823 (Noa
1512 1738 1571 1803 erit
1597 1739 1758 1826 amplius.)
1809 1741 1968 1806 Nonnulli
1999 1750 2116 1825 putant
2144 1744 2198 1811 bio

196 1827 294 1892 dueta
325 1825 389 1890 fuit
420 1823 581 1906 quaedam
613 1824 751 1903 oblivio,
792 1825 890 1890 siouti
928 1824 978 1890 sol
1018 1824 1172 1891 exoriens
1225 1822 1398 1889 discrimen
1422 1825 1527 1889 notari
1550 1824 1637 1890 inter
1659 1825 1765 1908 legem
1788 1835 1822 1891 et
1852 1828 2078 1911 evangelium:
2112 1830 2197 1911 quod

195 1910 298 1978 stellis
332 1911 430 1993 eripit
460 1931 556 1974 suum
590 1909 760 1993 fulgorem.
805 1909 1057 1975 Meminerimus
1091 1910 1172 1976 haee
1224 1909 1279 1974 lex
1302 1910 1405 1973 veluti
1432 1909 1634 1993 paedagogia
1662 1909 1836 1992 disoipulos
1860 1914 2004 1977 tenuerit
2026 1914 2061 1978 in
2083 1916 2198 1996 primis

195 1999 231 2062 in
253 1996 347 2063 nobis
370 2004 506 2060 eatenus
528 1993 648 2060 habere
678 1994 802 2073 looum,
832 2005 994 2079 quatenus
1023 1996 1172 2062 renovati
1224 1994 1435 2078 rudimentis,
1471 1995 1679 2078 evangelium
1713 2005 1822 2061 autem
1850 2018 1909 2062 nos
1939 1998 1979 2062 ad
2011 2011 2197 2081 prosettam

196 2102 318 2148 sumus.
363 2079 488 2146 Sumus
511 2088 621 2145 autem
645 2079 807 2146 duntaxat
828 2102 869 2146 ex
891 2090 984 2165 parte
1002 2082 1172 2147 renovati:
1224 2100 1327 2162 usque
1366 2089 1508 2145 aetatem
1550 2079 1717 2162 perdueat.
1778 2082 1846 2146 Alii
1887 2082 2015 2148 nullum
2056 2085 2198 2167 amplius

196 2167 333 2250 ideoque
360 2165 509 2230 nondum
539 2165 636 2247 plane
665 2165 793 2232 eoelum
823 2187 947 2232 novum
986 2177 1019 2232 et
1048 2176 1172 2232 terram
1224 2165 1341 2230 aetatis
1362 2164 1537 2232 diserimen
1561 2167 1630 2231 lore
1651 2164 1852 2250 intelligunt,
1881 2168 1965 2250 quod
1988 2169 2043 2234 ubi
2066 2181 2199 2236 aeterna

197 2273 318 2317 novam
340 2251 513 2318 oernimus.
558 2251 705 2329 Nonest
725 2251 828 2336 igitur
857 2252 979 2317 mirum
1007 2271 1172 2317 moerores
1225 2262 1274 2316 est
1295 2251 1376 2329 vita,
1398 2251 1444 2317 ibi
1460 2271 1564 2333 neque
1582 2252 1676 2334 pueri
1695 2272 1800 2334 nsque
1819 2254 1905 2319 senis
1925 2255 2010 2319 ratio
2028 2254 2199 2323 habeatur.

196 2338 292 2404 nobis
314 2348 348 2402 et
367 2338 476 2403 luotus
499 2357 690 2420 superesse:
713 2336 843 2420 quando
858 2337 1004 2403 noudum
1021 2338 1172 2404 exuimus
1224 2336 1298 2420 Ego
1331 2357 1409 2402 vero
1440 2337 1620 2420 prophetae
1657 2336 1756 2403 verba
1788 2339 1835 2403 sio
1867 2338 2087 2424 interpretor:
2121 2339 2201 2408 Sive

196 2424 330 2489 omnino
352 2432 498 2488 veterem
520 2421 696 2502 bominem,
718 2421 775 2488 sed
798 2424 921 2489 multae
936 2422 1044 2490 adhue
1059 2443 1172 2506 super·
1224 2423 1319 2504 pueri
1342 2423 1417 2500 sint,
1441 2423 1511 2488 sive
1534 2442 1638 2503 senes,
1664 2423 1712 2488 sio
1734 2421 1776 2487 ad
1798 2433 1962 2489 maturam
1985 2445 2089 2508 usque
2112 2435 2200 2492 aeta·

196 2518 275 2575 sunt
297 2509 464 2593 reliquiae,
486 2508 618 2575 novitas
640 2516 792 2573 autema
807 2509 902 2574 nohis
916 2509 1048 2573 initium
1068 2509 1173 2575 faeere
1226 2515 1293 2571 tem
1323 2518 1549 2590 perventuros,
1574 2521 1612 2574 ut
1639 2527 1770 2590 semper
1792 2509 1937 2593 vigeant,
1958 2510 2050 2576 velut
2071 2513 2106 2576 in
2127 2513 2200 2596 ipso

131 2638 135 2649 ·
198 2595 309 2660 debet:
343 2594 421 2677 quia
447 2594 591 2677 primum
620 2593 768 2658 ordinem
799 2603 965 2673 tenemus,
999 2601 1033 2658 et
1061 2598 1173 2659 nostro
1226 2593 1306 2657 flore
1328 2593 1456 2672 aetatis,
1479 2591 1619 2675 denique
1637 2613 1766 2676 semper
1785 2606 1918 2677 vegetos
1936 2603 2034 2678 atque
2053 2597 2200 2680 integros

196 2688 329 2763 peooato
351 2687 519 2744 ereaturae
540 2679 770 2761 ingemisount,
793 2689 826 2743 et
848 2679 988 2745 vanitati
1006 2679 1173 2744 subieotae
1226 2678 1305 2742 fore.
1356 2677 1442 2742 Nam
1476 2680 1675 2744 senssoimus
1704 2685 1738 2742 et
1766 2678 1975 2747 destituimur
2004 2679 2130 2746 viribus
2158 2682 2199 2748 ob

198 2776 291 2842 sunt,
311 2769 359 2829 ut
388 2763 531 2829 ostendit
559 2763 684 2829 Paulus
710 2762 819 2848 (Rom.
843 2764 873 2842 8,
896 2762 961 2848 20).
1005 2764 1071 2830 Ubi
1093 2784 1173 2829 vero
1226 2771 1359 2846 peooata
1392 2768 1516 2828 nostra.
1572 2763 1693 2829 Ounoti
1729 2763 1799 2829 dies
1832 2767 1938 2830 nostri
1971 2774 2006 2831 te
2037 2766 2200 2833 irasoeuta

196 2850 389 2933 plenissime
421 2850 579 2914 fuerimus
611 2850 778 2928 renovati,
815 2849 943 2916 eoelum
976 2869 1106 2932 quoque
1139 2857 1173 2914 et
1226 2846 1425 2927 dilabuntur,
1452 2848 1563 2930 inquit
1583 2848 1694 2914 Moses
1715 2847 1817 2996 (gaal.
1841 2851 1892 2928 90,
1916 2851 1966 2938 9):
1996 2872 2100 2918 annos
2123 2872 2199 2919 nos·

197 2949 287 3000 terra
319 2935 450 3019 penitus
483 2935 748 3014 renovabuntur,
788 2934 1016 3019 integrumque
1049 2942 1172 3000 statum
1225 2940 1295 2999 tros
1316 2935 1451 2999 finimus
1473 2933 1559 3000 dioto
1581 2933 1687 3000 eitius.
1761 2935 1809 3001 ies
1827 2956 1991 3002 annorum
2012 2945 2199 3004 nostrorum

197 3022 364 3103 resipiant
415 3021 524 3102 Atque
551 3018 630 3085 hine
657 3019 892 3103 oolligeudum,
926 3019 1012 3103 quod
1041 3019 1173 3104 saepius
1225 3018 1343 3101 quibus
1364 3020 1517 3100 vivimus,
1539 3019 1618 3086 anni
1636 3027 1715 3085 sunt
1736 3022 1953 3105 septuaginta,
1976 3030 2036 3087 aut
2055 3023 2095 3087 ud
2113 3044 2199 3088 sum·

197 3108 400 3185 notavimus,
436 3104 629 3189 prophetam
657 3106 848 3170 universum
877 3104 1003 3172 Christi
1031 3126 1173 3189 regnum
1225 3124 1317 3169 mum
1340 3105 1522 3189 oetogintaz
1553 3103 1640 3189 quod
1662 3104 1752 3170 ultra
1773 3115 1823 3171 est
1844 3108 1880 3171 in
1909 3109 2200 3190 praestantissimis

197 3201 361 3276 speetare,
395 3210 498 3273 usque
528 3189 569 3255 ad
599 3198 721 3255 metam
753 3191 922 3271 ultimam,
955 3211 1040 3274 quae
1073 3192 1172 3257 etiam
1226 3189 1316 3254 labor
1339 3197 1390 3256 est
1411 3209 1449 3255 ao
1470 3190 1636 3256 molestia:
1657 3189 1811 3258 velooiter
1832 3193 1952 3258 transit
1973 3194 2067 3277 vigor
2090 3203 2200 3259 noster

197 3278 267 3345 dies
289 3277 511 3342 renovationis
534 3283 567 3340 et
588 3276 836 3341 instaurationis
858 3276 1052 3359 appellatur.
1225 3295 1347 3358 nosque
1369 3275 1545 3343 avolamus.
1590 3276 1743 3342 Ohristus
1765 3282 1874 3342 autem
1897 3280 1989 3343 venit
2010 3287 2047 3343 ut
2069 3291 2200 3362 reparet

285 3364 333 3429 18.
357 3360 434 3447 (Sed
453 3360 606 3446 gaudete.)
643 3362 806 3427 Hortatur
827 3362 939 3428 fideles
959 3369 997 3427 ut
1017 3362 1172 3446 gaudium
1226 3360 1312 3427 vires
1335 3368 1474 3440 nostras,
1497 3383 1535 3429 ae
1557 3363 1720 3441 restituat,
1751 3369 1941 3444 statumque
1970 3373 2119 3428 nostrum
2146 3364 2199 3427 in·

197 3449 293 3533 quale
314 3449 406 3514 deoet
428 3468 469 3513 ex
493 3448 553 3512 hoe
573 3446 636 3512 Dei
659 3445 817 3513 benelioio
834 3449 1027 3530 percipiant.
1062 3449 1173 3530 Atque
1226 3451 1357 3529 tegrum
1398 3456 1517 3512 servet.
1577 3445 1776 3528 Quanquam
1810 3446 2011 3530 distinguere
2045 3451 2200 3514 eonvenit

198 3536 260 3601 hoo
282 3533 544 3618 amplifioationis
563 3552 661 3598 eausa
679 3532 828 3597 additum
846 3542 908 3598 est:
933 3533 1088 3615 quoniam
1112 3534 1172 3597 ho·
1224 3530 1398 3595 interduo
1421 3531 1576 3596 membra.
1621 3532 1708 3596 Nam
1730 3530 1785 3595 ubi
1816 3531 1993 3614 longaevos
2023 3533 2094 3598 fore
2116 3534 2201 3599 dixit

198 3623 304 3686 mines
332 3640 398 3684 non
427 3621 507 3685 satis
541 3639 600 3701 pro
634 3615 793 3702 dignitate
824 3636 925 3698 quum
954 3618 1080 3699 reliqua
1108 3617 1172 3683 Dei
1225 3615 1379 3682 eoolssiae
1400 3616 1499 3697 aives,
1521 3625 1558 3680 ut
1580 3636 1675 3680 nemo
1693 3617 1756 3680 nisi
1774 3625 1906 3681 matura
1928 3624 2035 3683 aetate
2057 3625 2090 3684 et
2111 3639 2199 3684 eom·

198 3706 372 3783 benefioia,
413 3714 485 3769 tum
518 3723 596 3768 vero
628 3703 690 3769 hoo
723 3722 887 3768 summum
921 3710 955 3767 et
986 3724 1065 3785 prae
1098 3701 1172 3767 aliis
1224 3699 1314 3785 pleta
1336 3721 1451 3766 oursus
1473 3703 1523 3767 sui
1545 3710 1633 3766 meta
1655 3700 1790 3765 tollatur
1811 3723 1829 3766 e
1852 3703 1992 3768 mundo:
2022 3704 2119 3769 simul
2143 3702 2199 3768 ad·

199 3792 343 3856 maxime
364 3790 494 3874 insigne
516 3797 684 3872 reputant:
716 3798 772 3853 aut
794 3788 881 3852 enim
905 3788 1092 3872 negligitur,
1114 3796 1173 3852 aut
1224 3787 1330 3870 iungit
1362 3786 1397 3849 in
1431 3787 1500 3868 ipso
1533 3806 1658 3868 quoque
1691 3786 1783 3852 senio
1814 3787 1968 3854 robustos
2000 3789 2077 3854 iore.
2129 3790 2201 3855 Etsi

199 3877 337 3941 minoris
359 3877 397 3939 fit
414 3895 512 3957 quam
528 3873 672 3938 dedebat.
706 3874 886 3957 Propterea
903 3873 1040 3938 exeitari
1059 3872 1173 3938 fideles
1224 3881 1334 3936 autem
1364 3872 1468 3936 maior
1495 3891 1571 3954 pars
1601 3871 1746 3936 fidelium
1770 3872 1828 3937 vix
1860 3894 1895 3938 se
1925 3894 2002 3958 prae
2033 3872 2202 3941 debilitate

200 3960 389 4028 huiusmodi
410 3959 701 4038 exhortationibus,
731 3967 829 4040 atque
855 3958 1018 4038 stimulari
1041 3977 1173 4024 neeesse
1223 3964 1395 4034 sustentat,
1412 3956 1486 4022 aliis
1503 3957 1602 4022 etiam
1619 3966 1696 4022 ante
1714 3967 1843 4040 tempus
1853 3959 1941 4025 vires
1953 3966 2033 4024 sunt
2047 3959 2200 4045 oaduoas,

201 4057 259 4126 est,
282 4054 320 4111 ut
342 4055 453 4130 gratos
475 4065 510 4110 se
531 4053 565 4108 et
585 4064 746 4109 memores
768 4052 949 4127 praestent:
973 4064 1033 4109 nso
1054 4044 1173 4108 leviter
1225 4063 1290 4108 non
1314 4050 1425 4107 tamen
1447 4042 1549 4108 fallax
1578 4051 1628 4108 est
1656 4044 1721 4107 iata
1747 4044 1934 4126 promissio:
1965 4045 2041 4127 quia
2071 4045 2100 4110 si
2122 4067 2200 4113 vere

199 4128 476 4216 praetereundum
498 4149 570 4195 esse
592 4127 801 4209 arbitrentur,
824 4130 911 4211 quod
933 4129 1092 4212 redempti
1115 4149 1173 4212 per
1225 4139 1257 4192 et
1281 4128 1420 4210 perlaete
1442 4128 1477 4192 in
1495 4127 1589 4193 nobis
1609 4137 1762 4212 regnaret
1779 4129 1942 4209 Christus,
1964 4130 2094 4195 floreret
2111 4131 2200 4196 haud

200 4217 326 4284 Ohristi
347 4236 482 4282 manum
504 4215 624 4298 pignus
645 4221 798 4280 aeternae
816 4223 850 4280 et
866 4215 1013 4282 eoelestis
1030 4216 1116 4280 vitae
1138 4215 1173 4278 in
1226 4213 1323 4278 dubie
1345 4213 1452 4280 virtus
1479 4214 1550 4279 sius
1576 4215 1612 4278 in
1638 4213 1741 4292 nohis,
1775 4233 1957 4297 eorpusque
1987 4223 2021 4280 et
2051 4216 2199 4281 animum

200 4303 351 4369 sordibus
372 4302 441 4368 suis
462 4307 602 4385 gestant.
648 4298 726 4365 Ideo
748 4320 815 4365 non
838 4300 934 4366 aliter
956 4298 1173 4384 redemptioni
1226 4307 1405 4382 vegetaret.
1460 4299 1522 4364 ilat
1555 4299 1656 4383 igitur
1688 4302 1809 4364 nostris
1839 4300 1929 4366 vitiis
1960 4301 2201 4384 imputandum,

200 4390 321 4454 iustam
350 4389 450 4453 tribui
479 4385 610 4452 laudem
641 4383 735 4451 dooet
767 4385 880 4465 Isaiae,
915 4406 1011 4469 quam
1042 4385 1070 4450 si
1104 4393 1173 4449 toto
1225 4382 1311 4467 quod
1334 4383 1464 4460 morbis,
1489 4383 1661 4461 doloribus,
1684 4384 1785 4463 senio,
1817 4384 1954 4468 aliisque
1984 4385 2200 4452 inoommodis

201 4474 289 4540 ritae
310 4495 408 4540 eursu
428 4472 583 4556 gaudium
603 4471 795 4535 eontinuent
814 4471 935 4548 fideles,
959 4491 1058 4554 seque
1076 4491 1171 4536 exer·
1226 4490 1341 4534 sumus
1363 4468 1513 4534 obnoxii:
1545 4471 1621 4552 quia
1642 4489 1702 4535 nos
1724 4468 1820 4551 plene
1843 4490 1862 4534 a
1885 4471 2019 4538 Ohristo
2041 4470 2200 4554 possideri

200 4564 296 4628 oeant
318 4561 353 4624 in
374 4557 576 4623 oelebrandis
594 4555 659 4620 Dei
681 4554 840 4622 laudibus.
878 4555 975 4637 Quod
997 4555 1172 4621 Ierusalem
1226 4575 1293 4620 non
1314 4555 1467 4638 patimur,
1496 4576 1556 4621 neo
1577 4556 1622 4619 ita
1644 4554 1839 4637 proieoimus
1867 4556 1903 4621 in
1931 4557 2078 4621 novitate
2099 4557 2199 4632 vitae,

202 4655 336 4711 voeatur
353 4644 520 4728 gaudium,
543 4652 578 4706 et
598 4641 737 4724 populus
756 4642 826 4706 eius
844 4642 1029 4719 exsultatio,
1053 4640 1172 4706 durum
1225 4648 1263 4705 ut
1297 4660 1427 4706 omnem
1455 4647 1652 4706 vetustatem
1681 4640 1880 4707 exuerimus.
1926 4642 1990 4707 Est
2018 4641 2116 4706 etiam
2146 4641 2200 4709 hie

201 4731 308 4814 primo
330 4730 453 4795 iutuitu
477 4728 580 4792 videri
604 4737 729 4808 posset:
759 4729 902 4808 optimus
924 4737 1033 4791 tamen
1056 4747 1173 4792 sensus
1225 4725 1414 4799 notandum,
1446 4725 1690 4791 benedietiones
1721 4733 1778 4789 aut
1810 4727 1939 4792 animae
1970 4736 2028 4791 aut
2056 4728 2200 4810 eorporis

202 4816 340 4895 elioitnr,
353 4824 477 4879 tantam
494 4815 561 4878 fore
577 4813 609 4875 in
626 4812 778 4877 eoelesiae
793 4812 987 4877 liberatione
1003 4815 1173 4877 materiam
1224 4812 1259 4876 in
1282 4811 1351 4875 solo
1374 4811 1498 4877 Christi
1520 4830 1629 4895 regno,
1652 4810 1685 4875 id
1704 4818 1763 4889 est,
1785 4811 1821 4875 in
1840 4813 1976 4878 eeclesia
1993 4832 2081 4878 esse:
2105 4822 2200 4878 extra
2258 4886 2262 4892 ,

201 4901 327 4986 gaudii,
355 4911 393 4964 ut
420 4920 533 4965 omnes
564 4898 717 4962 tristitiae
746 4897 882 4962 nebulas
909 4896 1084 4982 abstergat.
1129 4897 1174 4961 itt
1224 4896 1332 4979 ipsam
1354 4896 1456 4980 igitur
1478 4896 1559 4976 nihil
1576 4895 1664 4960 aliud
1680 4916 1777 4979 quam
1796 4896 1985 4962 maledietio
2007 4906 2067 4962 est.
2101 4897 2200 4964 Unde

201 4999 288 5053 uerte
311 5006 411 5069 quum
436 4986 587 5050 miseriae
609 5002 737 5066 quoque
766 4984 859 5049 nobis
887 4982 1077 5048 adiumento
1106 4983 1174 5048 sint
1225 4982 1374 5064 sequitur
1395 4983 1531 5048 miseros
1553 4989 1585 5046 et
1605 4980 1752 5047 inlslioes
1774 5001 1845 5047 esse
1873 5002 1986 5048 omnes
2016 4983 2073 5065 qui
2100 4982 2199 5048 alieni

201 5073 237 5137 in
259 5073 407 5146 salutem,
431 5071 464 5135 in
486 5070 566 5152 ipsis
588 5070 705 5133 merito
726 5067 933 5154 gaudendum
957 5077 1014 5133 est.
1225 5077 1303 5134 sunt
1336 5067 1376 5132 ab
1410 5066 1471 5133 hoo
1500 5088 1619 5150 reguo:
1650 5077 1684 5132 et
1713 5068 1862 5149 quamvis
1891 5066 1998 5132 floridi
2029 5077 2062 5133 et
2089 5069 2200 5152 ⁴vegeti

289 5157 339 5224 19.
369 5154 429 5241 (Et
449 5153 633 5239 esetsltobo.)
678 5155 759 5219 Plus
781 5154 937 5237 exprimit
958 5174 1054 5235 quam
1078 5174 1173 5235 supe·
1225 5152 1410 5235 videantur,
1433 5152 1565 5235 putrida
1584 5151 1798 5217 nibilominus
1818 5173 1926 5218 eoram
1940 5152 2016 5224 'Deo
2030 5152 2200 5220 etxfoetida

202 5245 288 5308 riore
322 5263 431 5309 versu.
482 5239 658 5326 Signifioat
688 5241 775 5306 enim
809 5240 863 5306 his
894 5238 1004 5304 verbis
1038 5258 1073 5302 ss
1107 5259 1173 5303 non
1226 5259 1297 5307 esse
1319 5236 1487 5303 sedavere.
2015 5280 2042 5288 ·.
2086 5255 2091 5263 ·
2165 5260 2167 5266 ¹
