4784 5970
112 374 175 443 385
965 374 1115 441 CAPUT
1137 375 1250 444 LXII.
2042 379 2107 444 386

112 566 185 630 Ηοε
207 573 314 629 autam
338 585 357 626 a
378 562 590 643 beneplacito,
619 562 679 626 hoo
705 569 764 641 cst,
795 560 939 642 gratuito
968 562 1080 626 lavore
1133 565 1264 647 quentia
1287 586 1352 629 non
1375 567 1550 630 constituet
1567 567 1744 642 ecclesiam,
1769 567 1824 631 sod
1848 567 1953 649 potius
1977 567 2106 632 foedum

112 651 176 717 Dei
199 649 357 733 proficisci
381 648 481 729 docet,
506 648 740 729 nequidquam
765 647 934 710 hominnm
956 649 1082 711 meritis
1133 650 1287 732 lupanar:
1318 651 1589 733 quemadmodum
1613 653 1761 716 videmus
1785 653 1817 715 in
1842 666 1960 735 papatu
1990 654 2106 717 iactari

111 747 168 801 ant
190 736 341 818 dignitati
361 735 531 810 tribuatur,
555 734 651 798 sicuti
669 732 816 814 loquitur
833 731 918 814 apud
938 730 1081 796 Hoseam
1133 736 1287 800 ecclesias
1304 757 1433 819 nomen,
1457 757 1556 819 quum
1575 738 1700 802 interea
1719 738 1781 801 Dei
1799 740 1952 803 maiestas
1971 738 2106 803 horrcn-

112 822 155 906 (2,
186 821 254 906 19);
290 818 502 901 Desponsabo
535 829 567 881 ta
600 817 680 882 mihi
720 823 751 880 in
794 817 1015 890 misericordia
1049 828 1082 884 st
1134 821 1183 884 dis
1206 822 1384 905 sacrilegiis
1407 824 1440 885 in
1463 844 1500 887 so
1524 823 1669 886 violetur.

111 907 381 972 miserationibus.
438 904 528 987 Ergo
562 924 625 968 non
667 903 730 968 alia
763 902 802 966 de
836 922 934 967 causa
967 902 1082 969 melius
1220 907 1249 971 6.
1278 906 1397 991 (Super
1417 907 1545 992 maros.)
1589 907 1753 988 Quoniam
1785 908 1944 990 propheta
1975 908 2105 991 plenam

112 993 277 1059 habituros
306 990 405 1066 docet,
436 991 497 1053 nisi
527 991 603 1071 quia
627 991 715 1054 Deus
746 1008 804 1070 pro
833 991 993 1052 immensa
1023 1010 1082 1054 sua
1134 993 1226 1074 regni
1262 992 1385 1057 Obristi
1419 993 1604 1058 felicitatem
1639 994 1821 1059 describere
1854 994 2001 1068 volabat,
2034 995 2105 1058 ideo

111 1077 255 1142 bonitate
278 1077 380 1160 gratia
403 1076 612 1140 reconciliare
643 1074 829 1159 dignabitur
852 1095 931 1155 quos
952 1074 1082 1139 abdica·
1134 1077 1258 1159 colligit
1280 1079 1390 1142 omnia
1412 1100 1493 1161 quae
1516 1079 1555 1142 ad
1578 1078 1708 1143 beatum
1730 1081 1873 1162 regionis
1892 1079 2027 1145 alicuius
2051 1079 2104 1143 vel

111 1174 214 1229 verat.
249 1163 322 1227 Etsi
341 1171 450 1226 autem
475 1161 589 1224 hooad
605 1161 772 1225 eeclesiam
788 1160 917 1242 proprie
939 1170 1081 1241 spectat:
1135 1162 1225 1227 urbis
1248 1173 1369 1227 statum
1394 1166 1567 1245 pertinent.
1601 1165 1684 1229 Aliis
1707 1165 1809 1247 igitur
1829 1166 1992 1229 beneficiis
2015 1186 2106 1248 prae·

111 1252 145 1315 in
169 1270 287 1333 genere
316 1259 427 1311 tamen
458 1246 629 1324 discamus,
662 1246 773 1310 lavore
802 1267 837 1310 ac
868 1245 1082 1309 beneficentia
1134 1248 1216 1312 sidia
1239 1260 1271 1311 ot
1292 1250 1469 1314 custodiam
1492 1250 1649 1333 adiungit,
1681 1253 1755 1332 quia
1777 1251 1936 1314 bonorum
1959 1253 2105 1315 omnium

112 1338 175 1401 Dei
213 1335 339 1399 restitui
381 1331 476 1396 nrbes
509 1353 547 1396 ao
577 1353 677 1416 regna
707 1333 740 1394 in
769 1333 909 1411 priorem
941 1339 1080 1393 statum:
1134 1332 1333 1398 abundantia
1355 1348 1388 1399 et
1409 1339 1500 1418 copia
1522 1356 1637 1416 parum
1660 1336 1835 1417 prodesset,
1860 1337 1921 1401 nisi
1945 1337 1985 1399 ab
2004 1337 2105 1399 bosti-

111 1443 194 1504 quae
216 1422 286 1504 ipso
308 1421 391 1483 irato
414 1427 445 1481 et
468 1438 582 1482 averso
605 1417 801 1481 ridebantur
822 1415 965 1497 periisse.
1000 1417 1080 1482 Pro·
1135 1421 1196 1484 bus
1217 1421 1279 1483 tuti
1303 1443 1457 1486 essemus.
1503 1422 1619 1503 Itaque
1651 1422 1815 1504 significat
1837 1422 2016 1486 Dominum
2040 1441 2104 1485 non

111 1508 212 1590 pheta
234 1525 312 1590 ergo
335 1503 465 1568 Iudaeis
487 1503 757 1568 considerandum
779 1502 932 1584 proponit
949 1502 1081 1566 calami·
1133 1505 1231 1568 modo
1253 1506 1535 1587 suppeditaturum
1565 1527 1617 1572 res
1639 1507 1792 1572 ecelesiae
1815 1508 2024 1584 necessarias,
2046 1506 2104 1571 ssd

112 1602 217 1657 tatum
240 1591 394 1671 omnium,
417 1609 496 1671 quas
519 1589 662 1672 perpessi
685 1599 787 1664 erant,
811 1587 949 1651 fontem:
979 1609 1079 1669 quum
1134 1591 1232 1654 etiam
1256 1592 1477 1656 adhibiturum
1500 1592 1582 1656 fidos
1611 1591 1772 1669 custodes,
1800 1613 1820 1657 a
1848 1593 1965 1674 quibus
1993 1592 2105 1657 hostes

111 1685 253 1743 testatur
282 1676 352 1739 Dec
383 1675 522 1756 propitio
550 1695 604 1739 eos
638 1675 705 1737 lore
738 1672 864 1737 beatos:
897 1677 972 1755 quia
1004 1673 1081 1739 iude
1133 1686 1166 1741 et
1188 1677 1331 1742 latrones
1355 1688 1544 1742 arceantur:
1574 1688 1610 1741 ut
1631 1679 1677 1741 ita
1705 1679 1794 1743 intus
1823 1684 1856 1741 et
1886 1678 1962 1742 loris
1991 1676 2106 1742 beatae

111 1761 329 1845 colligendum
357 1773 416 1839 est,
445 1761 552 1823 Deum
583 1760 682 1823 inissa
711 1760 802 1841 prius
830 1758 895 1821 illis
926 1760 1079 1823 infestum
1134 1764 1220 1825 ritae
1243 1774 1339 1826 autor
1360 1776 1524 1845 appareat.

111 1871 210 1932 quum
234 1847 318 1911 male
341 1856 374 1910 ει
402 1847 519 1909 misere
543 1845 708 1909 haberent.
759 1844 829 1908 Iam
853 1845 993 1927 coniugii
1016 1846 1080 1909 ele·
1218 1846 1304 1931 (Noa
1321 1848 1480 1933 tumbaret.)
1514 1848 1578 1913 Hic
1596 1854 1695 1914 tacere
1713 1850 1828 1931 accipit
1846 1869 1906 1930 pro
1924 1849 2104 1930 qniesoere:

110 1956 193 2019 gens
211 1946 260 1997 εει
277 1932 473 2013 metaphora,
492 1950 592 2012 saque
611 1929 742 2013 duplex,
760 1951 823 2012 qua
842 1932 1079 1994 restitutionem
1133 1953 1169 1996 ao
1193 1934 1220 1996 si
1244 1932 1373 2008 diceret,
1403 1933 1550 1998 assiduos
1579 1935 1648 1997 lore
1681 1936 1716 1998 in
1749 1934 1895 1999 excubiis
1928 1943 1966 1997 ut
1998 1934 2106 1996 immi·

111 2020 221 2102 populi
255 2018 423 2100 significat.
480 2017 596 2079 Finem
631 2015 755 2080 dissidii
788 2016 875 2079 inter
907 2016 1014 2080 Deum
1048 2027 1081 2080 et
1133 2021 1246 2082 nautia
1280 2019 1423 2102 pericula
1454 2019 1549 2101 longe
1579 2019 1799 2101 praevideant.
1852 2019 1996 2098 Quinam
2028 2040 2105 2082 vero

111 2105 278 2170 ecclesiam
300 2103 369 2166 fore
393 2103 498 2165 docet:
520 2102 597 2182 quia
619 2101 698 2165 baec
721 2101 811 2181 quasi
833 2120 853 2162 a
872 2100 997 2182 placato
1016 2121 1081 2165 ma·
1133 2105 1200 2167 siut
1232 2103 1281 2166 illi
1312 2104 1461 2169 custodes
1493 2104 1677 2186 subiungit,
1722 2125 1839 2185 nempe
1872 2106 1929 2185 qui
1959 2124 2106 2168 mammes

111 2193 173 2254 rito
195 2193 228 2254 in
253 2209 387 2251 uxorem
412 2186 594 2268 recipietur.
635 2186 762 2251 Deinde
785 2188 860 2267 qnia
883 2187 995 2268 populi
1017 2186 1080 2250 fre·
1132 2194 1222 2252 eruut
1242 2190 1391 2255 Domini:
1420 2189 1453 2252 id
1476 2202 1533 2264 est,
1556 2189 1766 2255 celebrabunt
1788 2191 1976 2254 memoriam
2000 2189 2105 2254 nomi·

111 2276 244 2358 quentia
267 2275 359 2338 tollet
382 2272 551 2337 viduitatis
573 2273 735 2353 probrum.
781 2272 883 2336 'Perre
906 2274 1003 2350 enim,
1028 2295 1080 2335 ve·
1134 2276 1184 2339 nis
1207 2275 1304 2339 illius.
1349 2275 1546 2356 Quanquam
1575 2276 1663 2338 inter
1691 2275 1841 2340 custodes
1872 2295 1934 2338 non
1966 2273 2105 2339 absurde

110 2362 170 2425 loti
202 2361 333 2425 arbores
365 2379 437 2423 cnm
474 2360 603 2433 vitibus,
637 2356 872 2439 quodammodo
905 2377 978 2421 cum
1012 2358 1094 2421 suis·
1133 2362 1296 2424 numerari
1330 2372 1483 2443 poterunt
1516 2361 1623 2443 angeli
1658 2360 1776 2442 quibus
1814 2362 1872 2424 bas
1913 2371 2021 2441 partes
2053 2360 2104 2422 in·

109 2446 224 2511 incolis
246 2446 435 2509 maritatur:
465 2464 593 2507 rursum
618 2444 741 2506 nudata
771 2443 887 2507 ineolis
910 2443 1009 2506 vidua
1032 2442 1079 2506 di·
1132 2446 1260 2510 iunctas
1294 2465 1364 2510 εεεε
1393 2447 1530 2511 scimus:
1563 2447 1619 2510 sed
1648 2447 1723 2526 quia
1751 2456 1865 2527 sponte
1894 2456 1927 2509 et.
1954 2444 2105 2510 alacriter

110 2533 203 2596 citur.
252 2530 335 2611 Quia
364 2529 591 2612 berteplositum.
636 2528 758 2592 Iterum
790 2530 908 2610 repetit
937 2549 973 2592 ac
1003 2548 1078 2592 con·
1117 2530 1312 2613 advigilent
1334 2553 1392 2614 pro
1415 2532 1567 2596 ecclesiae
1590 2531 1706 2608 saluts,
1729 2552 1787 2596 nec
1810 2530 1886 2594 ullis
1909 2529 2105 2594 exhortatio-

111 2619 219 2681 firmat
241 2615 324 2698 quod
347 2616 411 2678 iam
443 2615 563 2678 dictum
595 2624 652 2690 est,
684 2614 864 2696 gratuitum
890 2613 952 2677 Dei
982 2613 1078 2677 bene·
1132 2637 1211 2679 num
1234 2617 1376 2681 stimulis
1404 2616 1560 2699 indigent,
1590 2617 1752 2699 propheta
1780 2636 1961 2681 sermonem
1992 2615 2105 2698 dirigit

110 2703 220 2766 ficium
250 2722 328 2778 csse,
358 2700 441 2782 quod
470 2699 652 2763 restituitur
681 2699 824 2775 ccclesia,
855 2699 937 2780 quod
969 2709 1079 2763 manet
1131 2702 1172 2764 ad
1195 2700 1276 2766 alios
1298 2703 1423 2785 vigiles.
1468 2701 1615 2766 Verbum
1638 2723 1700 2782 quo
1729 2702 1832 2765 utitur
1861 2701 2032 2782 ambiguae
2054 2710 2105 2765 est

110 2790 144 2852 in
167 2809 226 2852 suo
249 2796 345 2861 statu,
375 2784 460 2866 quod
483 2795 571 2847 terra
593 2785 708 2865 recipit
730 2805 806 2848 suos
836 2785 972 2848 incolas:
1003 2805 1078 2847 nam
1131 2788 1386 2869 significationis.
1431 2786 1602 2850 Interdum
1625 2787 1712 2851 enim
1736 2787 1898 2869 significat
1928 2785 2101 2868 recordari,

110 2893 211 2955 quum
235 2873 324 2936 Dens
347 2872 465 2933 avertit
487 2870 603 2933 faciem
627 2890 730 2952 suam,
754 2889 876 2951 nosque
899 2879 1077 2950 aversatur,
1131 2871 1294 2936 interdum
1317 2874 1351 2936 in
1374 2873 1565 2936 memoriam
1592 2891 1761 2936 revocare:
1790 2892 1850 2936 nee
1879 2871 1962 2934 male
1986 2890 2104 2935 conve·
2203 2912 2206 2916 -

110 2958 194 3022 nihil
217 2968 345 3039 praeter
365 2957 532 3019 interitum
549 2957 670 3034 sperari
687 2965 807 3036 potest:
831 2954 1077 3036 necquidquam
1132 2959 1200 3022 niet
1223 2968 1358 3038 utraque
1386 2959 1589 3040 significatio.
1635 2956 1700 3022 Sed
1725 2958 1853 3022 videtur
1876 2956 1956 3020 mihi
1979 2956 2104 3038 simpli-

110 3046 150 3109 ab
173 3044 342 3107 hominum
364 3063 423 3123 ope
446 3050 503 3104 aut
525 3040 650 3104 viribus
671 3040 933 3123 exspectandum.
1131 3044 1212 3108 citer
1234 3044 1427 3126 significare,
1452 3044 1510 3108 hos
1528 3042 1676 3107 custodes
1699 3041 1867 3108 ministros
1889 3044 1957 3106 lore
1977 3041 2041 3106 Dei
2064 3042 2104 3106 ad

195 3128 225 3193 5.
256 3127 426 3209 (Quouiom
447 3126 549 3211 saut.)
593 3125 657 3190 Hie
679 3147 793 3190 versus
816 3126 984 3191 clariorem
1007 3137 1078 3191 tan·
1132 3129 1342 3193 nomenoius
1374 3129 1638 3210 praedicandum.
1682 3126 1826 3208 Quidam
1848 3135 2000 3191 vertunt:
2032 3130 2103 3192 An·

110 3214 276 3278 tnmmodo
298 3213 545 3295 explicationem
569 3223 665 3292 atque
694 3213 971 3276 confirmationem
1001 3231 1078 3278 con·
1132 3216 1323 3279 nuntiantes
1358 3215 1550 3278 Dominum:
1583 3213 1638 3279 sed
1669 3214 1767 3278 nimis
1795 3224 1943 3279 eoactum
1973 3222 2038 3289 est,
2071 3223 2104 3276 et

109 3302 194 3364 tinet
216 3299 400 3382 superioris.
444 3297 584 3361 Videtur
607 3307 715 3361 autem
745 3300 867 3380 species
890 3318 960 3361 esse
983 3318 1078 3380 repu·
1131 3302 1326 3364 sententiam
1360 3299 1537 3382 prophetae
1576 3299 1758 3380 abrumpit:
1797 3320 1902 3380 nequa
1935 3299 2104 3381 attingunt

110 3386 278 3469 gnantiae,
319 3383 403 3466 quod
445 3384 619 3465 posteriore
657 3383 800 3446 membro
833 3404 934 3446 unum
969 3383 1078 3447 Deum
1131 3385 1288 3450 eiusmodi
1317 3386 1511 3466 interpretes
1538 3384 1784 3448 similitudinem
1814 3386 1984 3450 custodum
2014 3385 2103 3448 urbis

109 3472 206 3536 faeiat
239 3470 392 3534 ecclesiae
425 3469 597 3550 maritum,
633 3487 733 3548 quum
772 3469 877 3550 priore
910 3469 1021 3550 plures
1050 3470 1079 3534 ei
1131 3491 1214 3553 quae
1236 3492 1255 3534 a
1277 3469 1436 3552 propheta
1458 3479 1644 3551 usurpatur.
1678 3470 1823 3533 Tametsi
1844 3489 1923 3533 varo
1945 3467 2105 3550 propheta

108 3558 241 3620 maritos
264 3555 447 3637 assignarit.
492 3553 617 3618 Verum
640 3554 752 3618 faciles
774 3560 824 3617 εει
846 3554 979 3618 solutio:
1003 3575 1078 3618 nam
1132 3556 1322 3636 simpliciter
1345 3554 1459 3619 docere
1482 3555 1553 3618 vult
1573 3554 1741 3619 ecelesiam
1770 3555 1810 3618 ab
1839 3553 1988 3618 omnibus
2019 3554 2103 3635 peri·

110 3663 211 3723 quum
242 3640 281 3704 de
311 3641 372 3706 hoc
402 3640 554 3705 ecclesiae
584 3641 732 3722 coniugio
760 3639 884 3721 agitur,
915 3660 1000 3703 unus
1030 3653 1080 3704 est
1132 3640 1215 3705 culis
1248 3650 1352 3704 tutem
1387 3642 1470 3715 lore,
1507 3639 1592 3720 quod
1626 3638 1733 3703 Deum
1768 3638 1887 3703 habeat
1920 3639 2102 3721 praesidem

110 3730 178 3790 eius
207 3728 352 3802 maritus,
383 3746 499 3808 nempe
528 3726 625 3800 Dens,
656 3726 709 3806 qni
739 3744 867 3806 semper
897 3724 985 3789 hunc
1019 3726 1077 3789 sibi
1132 3747 1209 3790 suae
1232 3727 1355 3804 salutis,
1379 3736 1487 3789 tamen
1511 3726 1765 3806 aemperanimc
1789 3722 2005 3807 reputandum
2029 3743 2104 3805 qua·

110 3812 241 3876 titulum
264 3810 425 3875 vendicat.
469 3810 572 3892 quue
601 3812 636 3873 in
666 3811 796 3874 Christo
827 3808 996 3889 impletum
1020 3821 1078 3887 est,
1132 3812 1173 3873 lis
1202 3812 1293 3891 regni
1323 3810 1447 3875 Obristi
1476 3820 1595 3874 natura
1624 3812 1682 3874 sit:
1714 3832 1774 3875 uec
1804 3810 1891 3874 enim
1922 3810 1955 3873 vi
1990 3808 2104 3874 bellica

111 3897 164 3961 cui
198 3904 345 3980 pastores
375 3896 541 3961 ecclesiam
577 3906 733 3976 tanquam
765 3895 927 3977 virginem
956 3907 1078 3960 castam
1133 3894 1316 3960 defenditur
1338 3907 1394 3959 aut
1423 3897 1535 3960 armis:
1566 3917 1681 3960 rerum
1709 3905 1746 3959 nt
1771 3894 1939 3977 spirituale
1970 3908 2028 3972 est,
2057 3895 2104 3959 ita

111 3981 320 4065 despondent,
344 3991 381 4044 ut
402 3982 447 4043 ait
469 3981 591 4044 Paulus
613 3981 656 4065 (2.
677 3979 753 4045 Gor.
778 3980 828 4058 ll,
851 3980 895 4064 2).
929 3979 994 4045 Sed
1019 3982 1079 4047 boe
1131 3981 1354 4064 spiritualibus
1377 3983 1477 4045 armis
1496 3993 1529 4045 et
1550 3982 1717 4062 praesidiis
1739 3992 1898 4046 servatur.
1932 3981 2103 4045 Ministros

111 4091 177 4134 non
202 4068 308 4131 obstat
330 4067 408 4149 quin
436 4066 625 4147 metaphora
654 4066 796 4148 coniugii
825 4065 866 4130 ad
894 4069 1078 4147 exprimen·
1131 4087 1209 4149 ergo
1239 4088 1313 4130 snos
1345 4067 1477 4130 babebit
1499 4066 1660 4132 Dominus
1692 4088 1829 4149 qnorum
1862 4085 1960 4148 opera
1993 4079 2103 4131 utetur

111 4157 183 4219 dam
209 4153 284 4217 fidei
307 4154 466 4216 unitatem
491 4152 716 4228 transferatur,
742 4171 840 4233 quam
871 4152 991 4216 hubent
1013 4173 1079 4216 om·
1132 4153 1173 4216 ad
1196 4152 1362 4216 ecclesiam
1386 4151 1541 4216 tuendam
1564 4152 1671 4233 gladio
1691 4152 1791 4227 verbi,
1816 4161 1939 4216 utnon
1963 4153 2102 4217 terrenis

110 4261 169 4304 nea
192 4240 249 4304 lilii
274 4238 336 4303 Dei
357 4258 430 4302 cum
453 4237 587 4303 ecclesia
609 4249 796 4301 matresua.
832 4237 903 4301 Imo
922 4239 969 4301 sio
986 4237 1079 4302 Deus
1133 4234 1309 4320 praesidiis,
1333 4237 1390 4301 sed
1412 4257 1531 4302 aroana
1549 4250 1582 4301 ει
1604 4238 1763 4319 spirituali
1785 4239 1846 4303 Dei
1866 4239 1988 4302 virtute
2010 4239 2103 4303 salva

111 4324 263 4389 ecclesiae
294 4325 430 4388 maritus
452 4332 502 4388 εει
524 4332 561 4386 ut
582 4323 736 4387 ecclesiae
758 4343 836 4387 snae
857 4324 988 4385 maritet
1010 4342 1078 4386 om·
1132 4331 1273 4386 maneat.
1317 4324 1361 4386 Et
1383 4322 1542 4406 propbeta
1564 4344 1598 4387 se
1628 4327 1736 4405 ipsum
1765 4323 1908 4405 exponit,
1940 4323 2015 4386 dnm
2046 4324 2100 4396 ait,

111 4431 169 4474 nes
198 4411 333 4492 populos
362 4411 417 4490 qni
447 4407 487 4472 ad
521 4429 591 4472 eam
626 4420 859 4492 aggregantur:
893 4410 969 4489 quia
1002 4408 1079 4471 dum
1132 4408 1197 4487 Qui
1221 4427 1380 4472 memores
1407 4409 1485 4472 estis
1509 4409 1651 4472 Domini.
1696 4408 1854 4486 Quamvis
1884 4418 1992 4470 autem
2022 4406 2102 4471 haec

110 4495 221 4559 liberis
254 4508 357 4578 caret,
390 4493 626 4576 quodammodo
657 4493 754 4556 vidua
784 4504 831 4557 est
859 4514 896 4557 ao
925 4494 1077 4558 solitaria.
1131 4494 1294 4557 sententia
1316 4492 1355 4556 ad
1378 4494 1450 4574 pios
1474 4513 1586 4556 omnes
1616 4495 1785 4573 pertineat,
1808 4493 1864 4574 qui
1886 4512 2004 4555 nomen
2028 4490 2102 4570 Dei,

110 4582 224 4662 Itaque
256 4581 317 4644 hoc
349 4582 446 4643 etiam
481 4590 629 4662 respectu
661 4578 725 4642 Dei
759 4579 893 4655 dicitur,
927 4580 981 4662 qui
1012 4580 1078 4643 suis
1131 4588 1289 4661 quantum
1329 4580 1364 4641 in
1398 4600 1433 4642 se
1465 4589 1531 4660 est,
1570 4578 1734 4643 celebrare
1772 4577 1894 4659 ubique
1934 4576 2099 4642 iubentur:

111 4666 262 4748 auspiciis
285 4685 408 4729 sacram
431 4667 588 4728 unitatem
607 4667 693 4728 inter
708 4663 860 4728 ecclesiae
878 4686 955 4729 auae
977 4685 1077 4728 mem·
1131 4677 1239 4728 tamen
1263 4665 1433 4746 praecipue
1455 4663 1637 4728 sacerdotes
1660 4665 1802 4748 attingit,
1828 4664 2005 4744 quiquam
2031 4684 2101 4726 mu-

110 4752 169 4816 bra
191 4753 339 4815 sanciens
361 4750 502 4833 coniugii
524 4751 673 4814 effectum
693 4749 733 4813 ad
760 4760 861 4813 totum
881 4769 998 4830 eorpus
1022 4769 1078 4812 ex·
1131 4770 1208 4813 nere
1239 4750 1366 4831 publico
1399 4751 1578 4832 iungantur
1611 4751 1747 4813 caeteris
1779 4748 1929 4829 exemplo
1965 4749 2101 4828 praeire,

111 4837 226 4901 tendit.
266 4836 374 4918 Atque
395 4835 470 4900 binc
489 4835 714 4918 colligendum,
733 4834 901 4899 ecclesiam
920 4835 981 4898 Dei
1003 4856 1078 4898 vere
1130 4843 1262 4915 totoque
1292 4835 1400 4899 studio
1429 4834 1547 4897 intenti
1576 4835 1609 4896 in
1640 4834 1752 4898 laudes
1778 4832 1840 4897 Dei
1873 4853 1942 4896 esse
1973 4832 2100 4896 debent.

110 4923 300 5005 populosam
331 4922 418 4985 sors:
452 4921 484 4984 id
514 4935 577 4999 est,
611 4921 729 4984 multos
762 4920 847 4984 filios
882 4920 1076 4995 habituram,
1130 4920 1194 4985 Hic
1217 4940 1312 5001 porro
1335 4929 1511 4983 mouentur
1541 4929 1687 5001 pastores
1710 4919 1806 4984 officii
1829 4920 1895 4982 sui:
1926 4939 1985 4983 neo
2014 4919 2101 4982 enim

111 5028 211 5090 quum
231 5008 348 5071 marito
367 5006 438 5070 Deo
457 5008 629 5071 coniuncta
647 5017 709 5070 est:
728 5025 803 5068 nam
823 5004 928 5068 aDeo
945 5006 1077 5070 initium
1129 5007 1207 5071 satis
1229 5016 1278 5068 est
1300 5025 1430 5086 pascere
1453 5025 1584 5087 gregem
1607 5006 1748 5078 Domini,
1776 5005 1838 5067 nisi
1869 5003 1965 5066 simul
1995 5003 2100 5084 ipsum

110 5094 291 5158 laciendum
322 5101 379 5168 est,
415 5102 451 5155 ut
484 5092 636 5156 ecclesiae
670 5112 746 5156 snae
780 5092 909 5172 praesit,
928 5099 975 5154 vct
1007 5092 1077 5155 eius
1130 5092 1336 5155 alatronum
1367 5103 1401 5154 et
1430 5090 1580 5171 lnporum
1609 5092 1743 5155 incursu
1768 5087 1952 5153 defendant.
1998 5088 2101 5154 Nocte

111 5181 264 5261 auspiciis
287 5181 318 5243 iu
342 5181 410 5243 eius
434 5180 540 5240 sinum
563 5178 766 5259 colligamur:
790 5187 867 5239 tunc
890 5176 976 5238 euim
1001 5199 1077 5241 vers
1130 5179 1230 5259 igitur
1254 5186 1287 5239 et
1309 5177 1360 5240 die
1381 5177 1468 5257 ipsos
1492 5176 1637 5258 vigilare,
1667 5186 1764 5256 atqua
1792 5176 1825 5237 in
1856 5174 2001 5239 excubiis
2031 5196 2101 5240 essa

111 5286 238 5330 sacrum
262 5268 325 5328 erit
347 5265 543 5346 coniugium.
590 5263 719 5344 Alioqui
743 5282 859 5345 magna
881 5262 990 5343 populi
1015 5264 1077 5326 lre·
1131 5268 1267 5345 oportet,
1291 5263 1319 5326 si
1342 5265 1404 5325 rite
1425 5262 1532 5326 officio
1560 5262 1651 5343 fungi
1675 5260 1785 5323 velint.
1829 5259 1994 5324 Dominus
2015 5260 2102 5343 ipsos

207 5365 318 5422 oduini
332 5381 427 5434 opera.
458 5365 519 5420 Vol.
533 5364 697 5420 XXXVII.
1863 5359 1897 5413 25
