4784 5970
145 369 210 436 549
872 368 921 434 IN
943 369 1191 436 teuerstatt.
1236 366 1334 435 OAP.
1358 366 1421 433 111.
1825 314 1830 325 ·
2045 443 2050 455 ,
2078 371 2145 440 550

145 559 243 623 Nune
260 558 401 624 ostendit
411 566 534 640 quanta
549 557 658 634 luerit,
678 569 710 623 et
720 578 817 640 quam
830 559 985 642 pervicax
1003 577 1116 623 eorum
1166 555 1264 622 buires
1275 556 1407 622 callais
1418 557 1453 621 ιἰι
1465 556 1532 637 filio
1545 560 1596 622 ιιιο
1608 557 1774 640 samaiim,
1792 564 1827 624 ιιι
1840 580 2023 626 maneamus
2034 561 2144 642 iulide

145 645 327 710 obstinatio.
369 643 559 722 Prohibitus,
582 643 699 725 inquit,
721 648 797 710 sant
812 645 950 725 ριιιιιιαο,
972 663 1034 708 aas
1053 644 1117 725 fuit
1167 641 1322 726 esaapelii
1341 642 1399 722 tui,
1420 643 1586 709 stainam
1606 641 1766 724 italides
1789 645 1846 711 tibi
1866 646 1974 712 datam
1993 647 2142 730 colamus,

144 731 301 795 saratico:
328 735 429 795 tamea
454 729 544 811 froas
563 730 733 795 merarieis
759 729 817 795 tibi
843 730 921 812 fait:
947 729 1040 812 qnasi
1068 730 1116 794 di·
1167 733 1202 793 ιιι
1222 728 1363 794 vicissim
1383 729 1476 794 aliam
1496 733 1531 808 te,
1554 729 1760 809 amarition,
1789 736 1818 795 a
1832 737 1957 813 patrem
1977 731 2066 799 odis
2088 753 2140 798 aa·

145 826 242 894 aeret,
275 836 316 881 ne
344 815 457 896 poenis
490 814 619 896 quidem
653 816 804 880 subactos
836 816 935 881 luisse
967 811 1115 880 ludaeos.
1166 811 1283 894 libeas,
1305 817 1332 879 el
1353 834 1451 897 usque
1471 813 1626 894 adfinem
1646 815 1847 896 aemam
1867 837 1936 883 cam
1952 818 1988 883 in
2005 823 2034 882 te
2054 818 2139 884 bene·

145 901 217 967 Hoc
246 901 311 965 iam
340 900 577 966 atrocissimum
608 912 677 964 erat
705 902 836 979 crimen,
866 922 933 965 non
961 902 1115 984 praebere
1164 899 1330 982 fioertliam,
1352 919 1431 980 quaa
1452 919 1510 964 nos
1529 900 1660 964 retineat
1679 900 1715 965 ιἰι
1736 907 1840 967 canalo
1866 903 1975 969 tiosore
2003 904 2141 970 caninis

143 1007 256 1051 aurem
274 988 396 1052 sanctis
414 986 653 1062 monitionibus,
672 1006 772 1068 quum
789 986 969 1053 clamarent
985 986 1115 1051 assidue
1166 985 1222 1063 tui,
1253 986 1346 1051 docco
1376 986 1502 1051 landem
1531 984 1680 1066 fricantur
1711 984 1769 1051 illa
1801 989 1944 1054 eodaata
1975 989 2011 1054 ic
2042 1009 2140 1071 repca

144 1071 330 1154 prophetae,
353 1082 385 1135 et
400 1071 571 1136 studerent
585 1071 658 1136 illos
673 1092 824 1138 revocare
839 1073 872 1137 in
888 1074 985 1138 viam
1017 1069 1114 1152 Quod
1166 1074 1217 1134 tuo
1237 1071 1366 1148 coebsti,
1387 1091 1448 1155 per
1469 1071 1598 1136 euodes
1620 1070 1778 1138 Obrislton
1799 1073 1960 1139 ἀοιιιιιιιιιιι
1986 1080 2138 1155 nostram,

143 1178 221 1240 ergo
242 1159 289 1221 ita
310 1156 542 1240 obtorpuerant
559 1157 599 1221 ad
620 1177 715 1223 rocas
733 1159 948 1241 propheticas,
971 1158 1032 1224 hoc
1054 1157 1115 1222 luit
1166 1156 1278 1222 Amen.

142 1244 271 1326 signum
295 1262 442 1309 summae
467 1244 692 1325 improbitatis.
737 1243 803 1311 Sed
826 1242 918 1309 Deus
941 1245 1038 1309 etiam
1061 1263 1113 1309 co·
1620 1270 1623 1277 ·

143 1341 240 1394 natus
261 1339 312 1394 cst
333 1328 405 1393 illos
427 1328 467 1392 ad
498 1350 532 1393 se
561 1350 722 1408 revocare,
749 1329 882 1395 inflictis
903 1330 1016 1412 poenis
1039 1349 1113 1412 gra·
1251 1326 1281 1392 4.
1309 1328 1365 1392 Aa
1386 1347 1448 1392 aaa
1464 1326 1594 1409 posticae
1621 1327 1772 1394 clamabis
1800 1330 1843 1395 ad
1869 1349 1934 1411 me,
1958 1333 2053 1410 paler
2082 1331 2137 1408 mi,

142 1415 292 1480 vissimis.
338 1414 422 1479 Nam
454 1435 574 1496 poenas
603 1416 745 1497 sumpsit
766 1414 806 1479 de
835 1415 916 1496 ipsis
941 1414 978 1479 in
1007 1421 1114 1479 terrae
1165 1411 1231 1477 dua
1251 1411 1469 1480 adolescentiae
1489 1433 1573 1479 meaa
1592 1418 1627 1478 ιιι
1649 1416 1707 1478 aa?

140 1501 324 1566 sterilitate.
370 1500 437 1565 Nec
460 1520 536 1564 vero
558 1499 692 1564 dubium
720 1510 771 1565 est
797 1501 875 1582 quin
905 1499 1003 1565 fuerit
1033 1500 1114 1564 hacc

141 1586 284 1660 ariditas,
318 1586 358 1650 de
387 1607 451 1668 qua
482 1585 625 1668 loquitur
652 1586 822 1668 propheta,
855 1587 902 1651 sic
931 1584 1113 1650 extraordi·
1251 1584 1428 1667 Postquam
1450 1584 1542 1649 Deus
1562 1583 1712 1668 exposuit
1733 1586 1857 1651 scelera
1879 1586 1989 1670 populi
2010 1587 2072 1665 sui,
2102 1600 2136 1651 et

141 1673 243 1751 numa,
263 1685 301 1736 ut
322 1682 455 1754 possent
472 1672 594 1736 sentire
612 1671 736 1750 ludaei,
759 1673 787 1735 si
806 1692 869 1754 qua
887 1671 1002 1737 luisset
1020 1680 1114 1755 gutta
1165 1689 1239 1733 eum
1262 1691 1384 1746 severe,
1408 1675 1446 1734 nt
1467 1668 1586 1753 dignus
1608 1686 1678 1735 erat
1700 1670 1895 1756 obiurgavit,
1919 1691 2008 1738 nunc
2024 1682 2135 1737 tamen

140 1778 238 1824 sanae
268 1758 397 1835 mentis,
427 1756 488 1821 sibi
518 1757 616 1823 luisse
643 1776 715 1821 oum
744 1757 816 1821 Deo
848 1756 977 1822 bellum.
1028 1757 1113 1821 Nam
1165 1755 1284 1820 blande
1305 1756 1345 1820 ad
1369 1756 1603 1837 poenitentiam
1625 1776 1700 1821 eum
1723 1758 1861 1822 invitat:
1892 1756 2053 1837 Annon,
2081 1758 2136 1821 in·

139 1864 235 1926 saepe
262 1846 430 1926 continget
463 1843 589 1908 nullam
622 1842 739 1908 cadere
772 1853 901 1926 guttam
934 1841 1065 1925 pluviae
1094 1864 1112 1907 e
1164 1842 1243 1922 quit,
1264 1842 1348 1908 dices
1368 1841 1448 1906 mibi
1464 1840 1600 1925 postiae,
1617 1848 1713 1922 pater
1733 1843 1804 1907 mi?
1848 1843 1993 1923 Quidam
2019 1865 2133 1926 perpe·

137 1931 241 1995 coelos
272 1929 544 2012 quemadmodum
567 1928 716 1994 videmus
738 1927 858 1993 multas
879 1941 1020 1992 aestates
1041 1949 1112 1993 esse
1164 1946 1234 1990 ram
1257 1941 1401 2006 vertunt,
1424 1928 1478 1992 An
1499 1927 1585 1992 dices
1608 1927 1707 1991 mihi:
1730 1928 1830 1993 Pater
1844 1929 1907 1994 mi:
1931 1933 2020 2013 quasi
2043 1928 2135 1993 Deus

139 2016 282 2080 fervidas
304 2025 337 2079 et
359 2014 475 2079 aridas.
508 2014 583 2079 Non
607 2014 743 2079 dubium
761 2024 811 2079 est
828 2014 904 2096 quin
924 2014 1013 2079 Deus
1035 2024 1112 2079 tunc
1164 2032 1275 2077 vocem
1305 2012 1395 2077 illam
1424 2023 1600 2094 respueret.
1654 2011 1797 2078 Sensum
1826 2015 1926 2098 igitur
1954 2014 2044 2080 huno
2075 2014 2134 2078 eli·

139 2122 199 2166 nos
231 2103 404 2166 admoneat
433 2099 473 2166 de
501 2100 640 2183 peccatis
670 2101 800 2177 nostris,
831 2107 866 2164 et
893 2098 1042 2164 hortatur
1070 2099 1110 2164 ad
1164 2097 1262 2176 ciunt,
1286 2098 1425 2163 ludaeos
1448 2099 1543 2163 nimis
1565 2099 1711 2179 improbe
1731 2099 1837 2166 lacere
1859 2100 1945 2183 quod
1963 2103 2010 2165 ita
2026 2099 2135 2166 adhuc

139 2188 386 2270 poenitentiam.
432 2184 498 2252 Sed
521 2186 674 2269 quonism
706 2206 784 2250 usus
810 2186 887 2250 lacit
914 2197 953 2249 ut
973 2184 1037 2250 Dei
1060 2185 1110 2250 iu·
1163 2182 1345 2334 glorientur
1367 2185 1499 2249 nominc
1522 2184 1602 2264 Dei,
1635 2205 1655 2248 a
1683 2205 1746 2266 qno
1775 2185 1874 2269 longe
1902 2187 2019 2251 remoti
2046 2202 2135 2250 sunt.

140 2273 224 2336 dicia
251 2273 336 2355 apud
359 2294 419 2338 nos
444 2272 655 2349 obsolescunt,
684 2270 858 2347 interdum,
886 2272 1036 2353 quamvis
1059 2292 1110 2335 ra·
1179 2269 1229 2333 *ed
1264 2271 1412 2337 diversus
1445 2283 1494 2335 est
1527 2270 1704 2353 prophetae
1739 2290 1863 2337 sensus.
1918 2271 2010 2336 Dens
2043 2273 2131 2336 enim

138 2360 218 2442 rius,
241 2379 326 2423 novo
348 2368 381 2424 et
402 2358 534 2423 insolito
555 2358 708 2440 exemplo
736 2358 835 2423 etiam
859 2358 899 2421 de
926 2357 1017 2423 nobis
1040 2377 1111 2440 poe-
1164 2354 1292 2439 mitigat
1314 2357 1523 2438 asperitatem
1546 2356 1788 2440 obiurgationia
1811 2376 1906 2440 quam
1926 2356 2076 2432 vidimus,
2099 2364 2134 2421 et

139 2464 198 2509 nas
227 2444 339 2527 exigit.
391 2444 465 2508 Non
493 2441 606 2508 dubito
638 2444 740 2526 igitur
768 2441 977 2526 prophetam,
1008 2463 1110 2525 quum
1162 2440 1305 2506 ostendit
1326 2462 1362 2507 se
1391 2442 1459 2507 lore
1486 2443 1690 2525 placabilem,
1722 2443 1750 2506 si
1781 2443 1918 2526 populus
1947 2443 2133 2525 resipiscat:

139 2531 218 2596 dicit
232 2528 410 2611 prohibitae
429 2529 530 2610 fuisse
547 2528 585 2593 ab
607 2528 674 2594 illis
691 2529 830 2610 pluvias,
849 2537 963 2593 notare
980 2527 1111 2610 aliquod
1163 2527 1226 2591 imo
1248 2548 1313 2591 non
1341 2537 1508 2611 exspectat
1537 2528 1791 2611 resipiscentiam
1821 2529 1926 2608 illam,
1959 2529 2016 2595 ssd
2047 2528 2133 2592 ultro

138 2613 435 2682 extraordinarium
453 2614 640 2697 exemplum
659 2615 822 2680 vindictae
840 2613 914 2693 Dei,
933 2612 1020 2678 unde
1039 2635 1110 2695 per·
1161 2613 1230 2694 ipse
1252 2614 1408 2691 occurrit,
1440 2626 1472 2677 et
1501 2613 1669 2679 blanditur
1699 2614 1832 2695 perfidis
1862 2614 1926 2679 illis
1954 2615 2131 2696 apostatis:

138 2703 300 2784 spicerent
314 2699 437 2779 ludaei,
455 2700 570 2764 saltem
589 2699 653 2764 nisi
670 2700 807 2765 luissent
825 2700 961 2764 nimium
979 2698 1109 2782 stupidi,
1162 2697 1272 2778 Quid?
1294 2719 1336 2762 an
1358 2719 1423 2762 non
1446 2700 1567 2764 iterum
1589 2700 1674 2764 inter
1696 2720 1755 2764 nos
1773 2701 1835 2763 erit
1851 2699 2061 2765 coniunctio?
2085 2700 2134 2762 in·

139 2787 247 2853 Deum
277 2787 357 2868 ipsis
388 2806 458 2851 esse
485 2784 668 2862 adversum,
702 2794 735 2849 et
764 2786 927 2850 infestum.
972 2783 1111 2850 Summa
1162 2784 1243 2866 quit.
1297 2783 1389 2849 Deus
1422 2786 1510 2850 enim
1545 2784 1597 2851 hic
1629 2786 1782 2850 allectum
1814 2785 1954 2850 dolentis
1986 2784 2133 2866 suscipit,

137 2883 198 2951 est,
220 2872 358 2937 ludaeos
381 2887 454 2935 non·
476 2881 603 2936 tantum
625 2891 746 2936 vesano
774 2871 899 2953 impetu
921 2870 1111 2937 discurrisse
1162 2870 1317 2952 quoniam
1341 2869 1466 2936 videret
1488 2872 1640 2953 populum
1663 2870 1754 2934 illum
1778 2872 1899 2953 perire,
1930 2869 2030 2936 vellet
2053 2872 2132 2936 reti·

138 2967 212 3042 post
233 2978 308 3023 snas
330 2957 491 3035 libidines,
521 2957 577 3023 sed
601 2977 665 3022 non
688 2957 787 3022 luisse
816 2956 976 3022 cohibitus
1005 2957 1110 3019 mani·
1162 2977 1240 3021 nere
1262 2957 1289 3020 si
1312 2955 1385 3021 fieri
1407 2967 1525 3038 posset.
1570 2956 1643 3022 Hoc
1664 2957 1799 3022 oonsilio
1820 2958 1967 3040 quaerit,
1999 2977 2043 3022 au
2065 2978 2130 3021 nou

136 3045 230 3109 festis
248 3044 370 3127 poenis,
395 3064 496 3126 quum
515 3044 606 3108 Deus
625 3064 644 3107 e
661 3042 750 3108 coelo
768 3041 875 3123 palam
894 3062 929 3106 se
947 3041 1109 3106 vindicem
1161 3043 1277 3107 iterum
1300 3043 1491 3108 invocabitur
1514 3047 1665 3125 tanquam
1687 3047 1782 3124 pater
1809 3048 1837 3108 cl
1864 3044 1931 3109 aaa
1961 3042 2132 3108 adolescen-

136 3127 322 3195 ostsnderet
351 3129 473 3212 gloriae
495 3151 581 3205 suae,
611 3138 644 3193 et
671 3138 763 3192 tanta
791 3138 876 3192 esset
904 3128 1041 3207 siccitas,
1072 3138 1109 3191 ut
1161 3128 1248 3193 liae?
1294 3129 1366 3192 Hac
1388 3139 1497 3193 autem
1522 3128 1758 3211 periphrastica
1786 3128 1977 3212 loquutione
2005 3128 2131 3213 signifi·

136 3216 217 3280 satis
240 3223 403 3280 constaret
424 3214 553 3296 impleri
576 3214 657 3298 legis
675 3214 937 3278 maledictionem
960 3214 993 3277 in
1017 3214 1107 3296 ipsis,
1159 3220 1265 3279 estse
1284 3215 1439 3278 maritum
1458 3215 1556 3279 luisse
1574 3214 1798 3296 illiuspopuli.
1832 3215 1918 3279 Nam
1933 3215 2133 3282 tenerrimus

137 3301 232 3366 Dabo
265 3300 355 3364 vobis
394 3301 520 3365 coelum
559 3301 700 3365 lerreum
738 3311 771 3365 et
810 3307 931 3365 terram
972 3320 1106 3364 aeneam
1159 3305 1211 3365 cst
1232 3320 1323 3364 amor
1344 3300 1408 3381 illc,
1430 3321 1495 3383 quo
1517 3302 1551 3363 in
1574 3300 1679 3382 primo
1702 3300 1819 3366 astatis
1841 3302 1921 3366 flore
1942 3300 2132 3367 adolescens

25 3420 27 3424 >
135 3385 326 3471 (sevisse,
346 3385 408 3471 19).
441 3384 537 3464 Quod
556 3385 596 3449 ad
614 3386 790 3451 serotinam
809 3386 954 3467 pluviam
973 3396 1106 3466 spectat,
1159 3385 1383 3469 complectitur
1406 3385 1558 3467 puellam.
1592 3385 1665 3449 Hac
1684 3406 1762 3467 ergo
1780 3388 2024 3468 comparatione
2043 3407 2130 3451 nuno

136 3473 279 3537 diximus
302 3472 375 3537 aliis
397 3471 475 3536 locis
499 3470 558 3536 hoc
581 3472 712 3536 nomine
734 3492 832 3554 saepe
850 3471 1012 3554 designari
1036 3471 1107 3553 plu·
1160 3472 1250 3536 Deus
1273 3473 1385 3548 utitur,
1407 3482 1441 3536 et
1463 3471 1542 3537 dicit
1564 3491 1598 3535 se
1621 3470 1727 3535 adhue
1751 3491 1923 3535 memorem
1947 3491 2017 3537 esse
2039 3491 2130 3536 amo·

135 3559 225 3622 viam
254 3579 336 3640 quse
365 3556 452 3623 cadit
481 3567 625 3640 tempore
655 3559 779 3622 messis.
824 3557 970 3622 Vocatur
998 3563 1106 3621 autem
1159 3557 1205 3621 ris
1244 3556 1347 3634 illius,
1388 3576 1451 3638 quo
1493 3570 1707 3638 prosequutus
1744 3561 1796 3621 est
1828 3558 1985 3639 populum
2022 3578 2129 3623 suum.

135 3645 279 3709 serotina
312 3653 458 3725 respectu
492 3645 616 3708 messis.
667 3643 752 3708 Nam
784 3643 934 3724 quoniam
969 3663 1107 3726 magnus
1158 3642 1309 3724 Denique
1330 3641 1384 3706 hic
1406 3654 1553 3725 paratam
1576 3662 1646 3706 esse
1670 3640 1798 3706 veniam
1823 3642 1983 3720 ostendit,
2013 3644 2042 3708 si
2072 3662 2130 3725 po·

137 3741 187 3793 est
208 3741 317 3794 aestus
340 3731 373 3792 in
396 3729 462 3793 illis
488 3729 700 3793 orientalibus
730 3728 845 3810 plagis,
874 3747 954 3809 opus
984 3726 1107 3791 habent
1159 3727 1254 3810 pulus
1276 3728 1571 3792 reconciliationem
1593 3737 1745 3809 quaerat:
1777 3734 1811 3792 et
1840 3728 2012 3792 confirmat
2043 3729 2128 3794 hanc

138 3822 213 3878 ante
236 3834 373 3878 messem
397 3815 524 3896 pluvia:
547 3815 666 3896 alioqui
686 3833 787 3897 graus
805 3813 969 3878 consumit
987 3814 1106 3878 nimius
1159 3813 1356 3878 sententiam
1378 3834 1477 3895 quum
1500 3811 1600 3888 addit,

136 3899 214 3965 solis
239 3898 351 3964 ardor:
379 3900 451 3964 ideo
473 3902 615 3964 maxime
638 3906 829 3982 exspectant
851 3898 997 3981 pluviam
1019 3917 1106 3962 sero·

137 3985 251 4061 tinem,
274 3983 336 4051 hoc
358 3995 407 4051 est
429 4004 511 4067 quae
533 3987 665 4068 propior
686 3997 737 4050 est
754 3985 860 4050 messi.
896 3984 980 4049 Nam
1003 3984 1106 4050 altera
1243 3983 1273 4050 5.
1300 3984 1355 4049 Aa
1376 3983 1546 4051 obseruabit
1565 3985 1601 4050 ιἰι
1628 3985 1812 4050 amacium?
1846 4006 1889 4051 aa
1918 3986 2064 4051 amicilia
2092 3987 2128 4051 ιἰι

137 4071 270 4155 pluvia,
304 4090 420 4154 nempe
453 4070 657 4152 Septembris
689 4079 724 4136 et
756 4070 924 4148 Octobris,
959 4082 1106 4152 respectu
1152 4070 1362 4153 perpetuum?
1407 4071 1486 4137 Ecce
1508 4072 1632 4152 loquuta
1653 4091 1703 4150 as,
1732 4073 1966 4152 abacosque·
1986 4072 2130 4139 malilim

135 4158 272 4221 sationis
306 4167 441 4221 vocatur
474 4156 586 4237 pluvia
617 4159 827 4239 tempestiva,
869 4176 953 4238 quae
983 4157 1106 4222 scilicet
1157 4156 1222 4240 (vel
1246 4156 1390 4242 scelera),
1412 4163 1441 4222 at
1455 4158 1599 4239 patuisti.

137 4241 309 4307 madefacit
342 4263 454 4307 semen
487 4242 610 4322 ipsum,
650 4259 682 4307 et
717 4244 899 4325 humectat,
932 4248 970 4305 ut
1004 4243 1107 4324 possit
1209 4316 1213 4323 „

136 4349 233 4413 agere
255 4328 406 4406 radicem,
430 4337 464 4393 et
482 4329 629 4412 vigorem
652 4331 751 4393 etiam
774 4327 935 4409 colligere.
969 4327 1106 4393 Summa
1243 4327 1398 4394 Ostendit
1421 4330 1510 4393 Deus
1533 4350 1597 4393 non
1620 4328 1683 4392 nisi
1702 4349 1760 4411 per
1777 4326 1915 4394 Iudaeos
1933 4338 2029 4408 stare,
2051 4349 2129 4410 quo-

137 4426 196 4497 est,
218 4414 326 4478 Deum
350 4437 367 4479 s
389 4415 477 4480 coelo
501 4417 608 4497 palam
628 4414 807 4479 ostendisse
826 4416 894 4478 irae
911 4433 989 4478 suae
1011 4413 1106 4496 signa
1158 4413 1265 4480 minus
1287 4415 1360 4479 illos
1382 4415 1517 4496 recipiat
1538 4415 1572 4478 in
1602 4413 1753 4497 gratiam.
1798 4415 1843 4478 Et
1872 4415 1925 4479 hic
1954 4433 2129 4497 argumen-

135 4513 249 4566 oontra
279 4498 426 4578 ludaeos,
462 4511 494 4564 et
523 4511 634 4565 tamen
664 4502 734 4565 sine
766 4500 919 4580 profectu,
953 4501 1105 4581 quoniam
1157 4513 1226 4564 tum
1249 4502 1349 4565 sumit
1370 4521 1389 4565 a
1411 4521 1470 4565 sua
1492 4510 1619 4564 natura.
1654 4500 1817 4582 Loquitur
1839 4513 1946 4564 autem
1969 4500 2004 4562 in
2028 4500 2126 4565 tertia

137 4590 228 4651 t'rons
250 4584 316 4649 illis
338 4597 423 4650 esset
452 4588 639 4666 meretricis,
669 4607 728 4651 nec
750 4585 874 4649 vellent
902 4585 1104 4650 erubescere:
1157 4606 1294 4668 persona
1316 4588 1356 4650 de
1378 4607 1422 4669 se,
1445 4600 1478 4650 et
1500 4585 1636 4668 perinde
1659 4597 1709 4650 est
1730 4606 1767 4651 sc
1788 4587 1816 4650 si
1840 4584 2001 4669 propheta
2023 4588 2125 4649 inter·

136 4671 198 4737 hoc
221 4681 279 4754 est,
308 4671 406 4736 nullis
429 4671 493 4736 Dei
514 4670 642 4738 iudiciis
664 4680 883 4748 moverentur,
907 4670 957 4734 vel
979 4691 1015 4737 se
1036 4693 1106 4737 cor·
1158 4688 1291 4753 poneret
1315 4672 1399 4738 hano
1421 4671 1600 4736 rationem:
1625 4673 1713 4736 Deus
1737 4693 1802 4735 non
1825 4680 1875 4736 est
1896 4671 2125 4736 inexorabilis:

137 4758 200 4841 rigi
223 4777 289 4822 non
311 4758 519 4823 sustinerent.
1158 4778 1233 4821 nam
1255 4778 1434 4840 propensus
1457 4755 1567 4822 estad
1590 4757 1838 4841 ignoscendum,
1873 4756 1970 4822 sicuti
1997 4770 2046 4822 est
2069 4778 2127 4839 pa·

1158 4843 1255 4907 tiens:
1279 4865 1366 4918 nuno
1388 4863 1465 4927 ergo
1488 4843 1565 4924 quid
1587 4843 1702 4922 obstat,
1725 4843 1898 4923 quominus
1916 4843 2036 4907 iterum
2054 4843 2126 4907 feli·

494 4949 616 5010 pppc
622 4948 748 5011 ,qq-10,
1157 4928 1238 4993 citer
1265 4931 1369 5013 agatis
1403 4929 1465 4995 sub
1496 4929 1566 4993 eius
1588 4927 1744 5011 imperio?
1778 4949 1854 4993 nam
1884 4939 1994 5010 parcet
2023 4929 2124 5002 vobis,

1157 5014 1251 5078 modo
1289 5017 1405 5082 seriam
1447 5015 1701 5096 resipiscentiam
1747 5014 1902 5079 inveniat.
1965 5013 2126 5080 Videmus

222 5100 287 5181 Da,
309 5100 500 5182 omnipotens
520 5099 617 5179 Deus,
646 5101 772 5181 quando
791 5100 883 5165 senei
903 5100 1054 5183 clipeatus
1073 5120 1107 5165 es
1156 5121 1234 5183 ergo
1267 5101 1343 5184 quid
1377 5101 1438 5165 sibi
1473 5101 1551 5164 velit
1584 5123 1672 5166 nuno
1705 5100 1874 5184 propheta.
1928 5099 2014 5165 Nam
2047 5101 2124 5182 quia

135 5207 192 5252 nos
213 5206 274 5251 cort
295 5191 415 5252 ιιιιιιιιιιι
435 5187 471 5249 in
490 5185 574 5265 filios
595 5186 751 5269 adoptare,
772 5186 828 5252 sed
848 5187 941 5251 etiam
961 5187 1017 5253 tibi
1037 5206 1106 5252 coa·
1156 5186 1247 5250 Deus
1270 5186 1385 5251 blande
1408 5186 1554 5252 hortatus
1573 5187 1680 5252 luerat
1697 5186 1854 5270 populum
1872 5185 1913 5249 ad
1932 5187 2125 5270 resipiscen-

136 5273 262 5357 iunpere
281 5272 404 5338 vineato
424 5271 590 5356 couiuqali,
612 5273 731 5338 cidare
752 5272 839 5338 uobis
856 5273 977 5357 placas
995 5292 1106 5339 samaa
1156 5273 1252 5352 tiam,
1286 5294 1372 5338 nuno
1406 5273 1565 5356 propheta
1598 5275 1666 5355 ipse
1698 5271 1895 5355 generaliter
1928 5272 2059 5339 disserit
2084 5273 2125 5337 de

1868 5374 1919 5429 351
