<?xml version="1.0" encoding="UTF-8"?>
<!DOCTYPE html PUBLIC "-//W3C//DTD XHTML 1.0 Transitional//EN"
    "http://www.w3.org/TR/xhtml1/DTD/xhtml1-transitional.dtd">
<html xmlns="http://www.w3.org/1999/xhtml" xml:lang="en" lang="en">
 <head>
  <title>
</title>
<meta http-equiv="Content-Type" content="text/html;charset=utf-8" />
  <meta name='ocr-system' content='tesseract 3.04.00' />
  <meta name='ocr-capabilities' content='ocr_page ocr_carea ocr_par ocr_line ocrx_word'/>
</head>
<body>
  <div class='ocr_page' id='page_1' title='image "./corpusreformato04melagoog_0196.png"; bbox 0 0 4784 5970; ppageno 0'>
   <div class='ocr_carea' id='block_1_1' title="bbox 109 357 2094 424">
    <p class='ocr_par' dir='ltr' id='par_1_1' title="bbox 109 357 2094 424">
     <span class='ocr_line' id='line_1_1' title="bbox 109 357 2094 424; baseline -0.001 -1"><span class='ocrx_word' id='word_1_1' title='bbox 109 357 168 423; x_wconf 88' lang='grc'><strong>361</strong></span> <span class='ocrx_word' id='word_1_2' title='bbox 978 357 1127 424; x_wconf 72' lang='lat' dir='ltr'><strong>CAPUT</strong></span> <span class='ocrx_word' id='word_1_3' title='bbox 1151 358 1225 424; x_wconf 75' lang='lat' dir='ltr'><strong>IrX.</strong></span> <span class='ocrx_word' id='word_1_4' title='bbox 2029 357 2094 423; x_wconf 78' lang='lat'><strong>362</strong></span> 
     </span>
    </p>
   </div>
   <div class='ocr_carea' id='block_1_2' title="bbox 36 545 2092 5326">
    <p class='ocr_par' dir='ltr' id='par_1_2' title="bbox 36 545 2092 5326">
     <span class='ocr_line' id='line_1_2' title="bbox 109 545 2092 630; baseline -0.001 -18"><span class='ocrx_word' id='word_1_5' title='bbox 109 568 143 613; x_wconf 91' lang='lat' dir='ltr'><strong>se</strong></span> <span class='ocrx_word' id='word_1_6' title='bbox 166 546 321 629; x_wconf 78' lang='lat' dir='ltr'><strong>praebent</strong></span> <span class='ocrx_word' id='word_1_7' title='bbox 342 545 480 624; x_wconf 89' lang='lat' dir='ltr'><strong>Iudaeis,</strong></span> <span class='ocrx_word' id='word_1_8' title='bbox 502 545 557 627; x_wconf 89' lang='lat' dir='ltr'><strong>qui</strong></span> <span class='ocrx_word' id='word_1_9' title='bbox 580 545 620 609; x_wconf 90' lang='lat' dir='ltr'><strong>ad</strong></span> <span class='ocrx_word' id='word_1_10' title='bbox 642 546 712 609; x_wconf 92' lang='lat' dir='ltr'><strong>auri</strong></span> <span class='ocrx_word' id='word_1_11' title='bbox 736 555 767 610; x_wconf 91' lang='lat' dir='ltr'><strong>et</strong></span> <span class='ocrx_word' id='word_1_12' title='bbox 790 548 917 628; x_wconf 88' lang='lat' dir='ltr'><strong>argenti</strong></span> <span class='ocrx_word' id='word_1_13' title='bbox 940 547 1075 609; x_wconf 92' lang='lat' dir='ltr'><strong>mentio·</strong></span> <span class='ocrx_word' id='word_1_14' title='bbox 1128 568 1220 629; x_wconf 88' lang='lat' dir='ltr'><strong>reges</strong></span> <span class='ocrx_word' id='word_1_15' title='bbox 1243 567 1306 610; x_wconf 92' lang='lat' dir='ltr'><strong>non</strong></span> <span class='ocrx_word' id='word_1_16' title='bbox 1330 548 1424 611; x_wconf 87' lang='lat' dir='ltr'><strong>aliter</strong></span> <span class='ocrx_word' id='word_1_17' title='bbox 1452 549 1644 613; x_wconf 90' lang='lat' dir='ltr'><strong>christianos</strong></span> <span class='ocrx_word' id='word_1_18' title='bbox 1674 569 1743 612; x_wconf 91' lang='lat' dir='ltr'><strong>esse</strong></span> <span class='ocrx_word' id='word_1_19' title='bbox 1773 567 1865 629; x_wconf 87' lang='lat' dir='ltr'><strong>posse</strong></span> <span class='ocrx_word' id='word_1_20' title='bbox 1895 548 2092 630; x_wconf 83' lang='lat' dir='ltr'><strong>existiment,</strong></span> 
     </span>
     <span class='ocr_line' id='line_1_3' title="bbox 109 631 2091 714; baseline -0.001 -15"><span class='ocrx_word' id='word_1_21' title='bbox 109 653 185 699; x_wconf 89' lang='lat' dir='ltr'><strong>nem</strong></span> <span class='ocrx_word' id='word_1_22' title='bbox 207 631 266 694; x_wconf 93' lang='lat' dir='ltr'><strong>toti</strong></span> <span class='ocrx_word' id='word_1_23' title='bbox 289 632 463 710; x_wconf 90' lang='lat' dir='ltr'><strong>exsultant,</strong></span> <span class='ocrx_word' id='word_1_24' title='bbox 486 651 524 695; x_wconf 91' lang='lat' dir='ltr'><strong>ac</strong></span> <span class='ocrx_word' id='word_1_25' title='bbox 547 642 678 713; x_wconf 91' lang='lat' dir='ltr'><strong>sperant</strong></span> <span class='ocrx_word' id='word_1_26' title='bbox 699 653 743 705; x_wconf 88' lang='lat' dir='ltr'><strong>se,</strong></span> <span class='ocrx_word' id='word_1_27' title='bbox 767 631 964 694; x_wconf 88' lang='lat' dir='ltr'><strong>adventante</strong></span> <span class='ocrx_word' id='word_1_28' title='bbox 987 631 1073 696; x_wconf 85' lang='lat' dir='ltr'><strong>Mes·</strong></span> <span class='ocrx_word' id='word_1_29' title='bbox 1127 652 1224 713; x_wconf 90' lang='lat' dir='ltr'><strong>quam</strong></span> <span class='ocrx_word' id='word_1_30' title='bbox 1255 634 1282 697; x_wconf 90' lang='lat' dir='ltr'><strong>si</strong></span> <span class='ocrx_word' id='word_1_31' title='bbox 1314 655 1347 697; x_wconf 89' lang='lat' dir='ltr'><strong>se</strong></span> <span class='ocrx_word' id='word_1_32' title='bbox 1376 635 1552 698; x_wconf 88' lang='lat' dir='ltr'><strong>autoritate</strong></span> <span class='ocrx_word' id='word_1_33' title='bbox 1582 654 1639 697; x_wconf 88' lang='lat' dir='ltr'><strong>sua</strong></span> <span class='ocrx_word' id='word_1_34' title='bbox 1668 632 1865 697; x_wconf 88' lang='lat' dir='ltr'><strong>abdicarint:</strong></span> <span class='ocrx_word' id='word_1_35' title='bbox 1900 633 2028 714; x_wconf 89' lang='lat' dir='ltr'><strong>quando</strong></span> <span class='ocrx_word' id='word_1_36' title='bbox 2057 634 2091 697; x_wconf 93' lang='lat' dir='ltr'><strong>in</strong></span> 
     </span>
     <span class='ocr_line' id='line_1_4' title="bbox 36 714 2090 800; baseline -0.001 -16"><span class='ocrx_word' id='word_1_37' title='bbox 36 742 41 755; x_wconf 96' lang='lat'><strong>·</strong></span> <span class='ocrx_word' id='word_1_38' title='bbox 109 720 174 793; x_wconf 89' lang='lat' dir='ltr'><strong>sia,</strong></span> <span class='ocrx_word' id='word_1_39' title='bbox 208 718 241 781; x_wconf 93' lang='lat' dir='ltr'><strong>in</strong></span> <span class='ocrx_word' id='word_1_40' title='bbox 272 716 325 780; x_wconf 92' lang='lat' dir='ltr'><strong>his</strong></span> <span class='ocrx_word' id='word_1_41' title='bbox 355 716 565 780; x_wconf 89' lang='lat' dir='ltr'><strong>volutaturos.</strong></span> <span class='ocrx_word' id='word_1_42' title='bbox 610 714 661 780; x_wconf 88' lang='lat' dir='ltr'><strong>Ita</strong></span> <span class='ocrx_word' id='word_1_43' title='bbox 693 718 837 800; x_wconf 87' lang='lat' dir='ltr'><strong>papistae</strong></span> <span class='ocrx_word' id='word_1_44' title='bbox 871 716 952 781; x_wconf 87' lang='lat' dir='ltr'><strong>&#39;nihil</strong></span> <span class='ocrx_word' id='word_1_45' title='bbox 986 716 1073 781; x_wconf 92' lang='lat' dir='ltr'><strong>aliud</strong></span> <span class='ocrx_word' id='word_1_46' title='bbox 1127 718 1216 800; x_wconf 90' lang='lat' dir='ltr'><strong>regio</strong></span> <span class='ocrx_word' id='word_1_47' title='bbox 1238 719 1335 782; x_wconf 90' lang='lat' dir='ltr'><strong>ctiam</strong></span> <span class='ocrx_word' id='word_1_48' title='bbox 1360 717 1473 782; x_wconf 87' lang='lat' dir='ltr'><strong>ordine</strong></span> <span class='ocrx_word' id='word_1_49' title='bbox 1492 718 1583 783; x_wconf 90' lang='lat' dir='ltr'><strong>Deus</strong></span> <span class='ocrx_word' id='word_1_50' title='bbox 1602 741 1636 783; x_wconf 90' lang='lat' dir='ltr'><strong>se</strong></span> <span class='ocrx_word' id='word_1_51' title='bbox 1656 719 1737 782; x_wconf 89' lang='lat' dir='ltr'><strong>velle</strong></span> <span class='ocrx_word' id='word_1_52' title='bbox 1760 718 1917 782; x_wconf 90' lang='lat' dir='ltr'><strong>excellere</strong></span> <span class='ocrx_word' id='word_1_53' title='bbox 1940 717 2090 784; x_wconf 81' lang='lat' dir='ltr'><strong>ostendit.</strong></span> 
     </span>
     <span class='ocr_line' id='line_1_5' title="bbox 109 802 2091 887; baseline -0.001 -19"><span class='ocrx_word' id='word_1_54' title='bbox 109 824 206 887; x_wconf 92' lang='lat' dir='ltr'><strong>quam</strong></span> <span class='ocrx_word' id='word_1_55' title='bbox 240 822 355 865; x_wconf 90' lang='lat' dir='ltr'><strong>aurum</strong></span> <span class='ocrx_word' id='word_1_56' title='bbox 390 811 423 865; x_wconf 89' lang='lat' dir='ltr'><strong>et</strong></span> <span class='ocrx_word' id='word_1_57' title='bbox 454 810 625 884; x_wconf 89' lang='lat' dir='ltr'><strong>argentum</strong></span> <span class='ocrx_word' id='word_1_58' title='bbox 659 803 821 885; x_wconf 89' lang='lat' dir='ltr'><strong>cogitant,</strong></span> <span class='ocrx_word' id='word_1_59' title='bbox 856 814 952 883; x_wconf 89' lang='lat' dir='ltr'><strong>atque</strong></span> <span class='ocrx_word' id='word_1_60' title='bbox 985 802 1072 865; x_wconf 89' lang='lat' dir='ltr'><strong>inani</strong></span> <span class='ocrx_word' id='word_1_61' title='bbox 1126 803 1231 867; x_wconf 91' lang='lat' dir='ltr'><strong>Porro</strong></span> <span class='ocrx_word' id='word_1_62' title='bbox 1263 824 1304 867; x_wconf 91' lang='lat' dir='ltr'><strong>ne</strong></span> <span class='ocrx_word' id='word_1_63' title='bbox 1336 805 1407 887; x_wconf 92' lang='lat' dir='ltr'><strong>quis</strong></span> <span class='ocrx_word' id='word_1_64' title='bbox 1440 805 1594 870; x_wconf 89' lang='lat' dir='ltr'><strong>obiiceret</strong></span> <span class='ocrx_word' id='word_1_65' title='bbox 1631 804 1757 868; x_wconf 87' lang='lat' dir='ltr'><strong>facilius</strong></span> <span class='ocrx_word' id='word_1_66' title='bbox 1792 805 1890 868; x_wconf 88' lang='lat' dir='ltr'><strong>fuisse</strong></span> <span class='ocrx_word' id='word_1_67' title='bbox 1923 804 2091 869; x_wconf 87' lang='lat' dir='ltr'><strong>eeclesiam</strong></span> 
     </span>
     <span class='ocr_line' id='line_1_6' title="bbox 109 887 2090 971; baseline -0.001 -17"><span class='ocrx_word' id='word_1_68' title='bbox 109 887 265 955; x_wconf 87' lang='lat' dir='ltr'><strong>eiusmodi</strong></span> <span class='ocrx_word' id='word_1_69' title='bbox 294 889 400 970; x_wconf 90' lang='lat' dir='ltr'><strong>specie</strong></span> <span class='ocrx_word' id='word_1_70' title='bbox 425 888 616 970; x_wconf 76' lang='lat' dir='ltr'><strong>perstrictae</strong></span> <span class='ocrx_word' id='word_1_71' title='bbox 645 908 753 952; x_wconf 88' lang='lat' dir='ltr'><strong>eurum</strong></span> <span class='ocrx_word' id='word_1_72' title='bbox 787 898 912 952; x_wconf 89' lang='lat' dir='ltr'><strong>mentes</strong></span> <span class='ocrx_word' id='word_1_73' title='bbox 933 909 1004 952; x_wconf 88' lang='lat' dir='ltr'><strong>sese</strong></span> <span class='ocrx_word' id='word_1_74' title='bbox 1026 898 1073 950; x_wconf 93' lang='lat' dir='ltr'><strong>at·</strong></span> <span class='ocrx_word' id='word_1_75' title='bbox 1126 889 1210 952; x_wconf 92' lang='lat' dir='ltr'><strong>tueri</strong></span> <span class='ocrx_word' id='word_1_76' title='bbox 1228 889 1431 963; x_wconf 84' lang='lat' dir='ltr'><strong>incolumem,</strong></span> <span class='ocrx_word' id='word_1_77' title='bbox 1450 909 1546 971; x_wconf 91' lang='lat' dir='ltr'><strong>quam</strong></span> <span class='ocrx_word' id='word_1_78' title='bbox 1566 889 1728 954; x_wconf 86' lang='lat' dir='ltr'><strong>abinferis</strong></span> <span class='ocrx_word' id='word_1_79' title='bbox 1746 890 1900 966; x_wconf 84' lang='lat' dir='ltr'><strong>excitare,</strong></span> <span class='ocrx_word' id='word_1_80' title='bbox 1922 891 2090 971; x_wconf 89' lang='lat' dir='ltr'><strong>praevenit</strong></span> 
     </span>
     <span class='ocr_line' id='line_1_7' title="bbox 109 972 2089 1056; baseline -0.002 -15"><span class='ocrx_word' id='word_1_81' title='bbox 109 975 222 1041; x_wconf 89' lang='lat' dir='ltr'><strong>tollere</strong></span> <span class='ocrx_word' id='word_1_82' title='bbox 244 975 276 1036; x_wconf 93' lang='lat' dir='ltr'><strong>in</strong></span> <span class='ocrx_word' id='word_1_83' title='bbox 300 972 425 1038; x_wconf 90' lang='lat' dir='ltr'><strong>coelum</strong></span> <span class='ocrx_word' id='word_1_84' title='bbox 453 984 626 1055; x_wconf 90' lang='lat' dir='ltr'><strong>nequeunt.</strong></span> <span class='ocrx_word' id='word_1_85' title='bbox 671 972 736 1037; x_wconf 83' lang='lat' dir='ltr'><strong>Sed</strong></span> <span class='ocrx_word' id='word_1_86' title='bbox 760 973 812 1037; x_wconf 90' lang='lat' dir='ltr'><strong>hic</strong></span> <span class='ocrx_word' id='word_1_87' title='bbox 836 986 948 1056; x_wconf 89' lang='lat' dir='ltr'><strong>stupor</strong></span> <span class='ocrx_word' id='word_1_88' title='bbox 977 973 1074 1056; x_wconf 89' lang='lat' dir='ltr'><strong>longa</strong></span> <span class='ocrx_word' id='word_1_89' title='bbox 1128 975 1216 1038; x_wconf 89' lang='lat' dir='ltr'><strong>Deus</strong></span> <span class='ocrx_word' id='word_1_90' title='bbox 1238 985 1271 1039; x_wconf 89' lang='lat' dir='ltr'><strong>et</strong></span> <span class='ocrx_word' id='word_1_91' title='bbox 1293 973 1432 1038; x_wconf 88' lang='lat' dir='ltr'><strong>Iudaeos</strong></span> <span class='ocrx_word' id='word_1_92' title='bbox 1460 977 1506 1038; x_wconf 90' lang='lat' dir='ltr'><strong>ita</strong></span> <span class='ocrx_word' id='word_1_93' title='bbox 1533 977 1648 1038; x_wconf 90' lang='lat' dir='ltr'><strong>merito</strong></span> <span class='ocrx_word' id='word_1_94' title='bbox 1681 976 1779 1037; x_wconf 89' lang='lat' dir='ltr'><strong>fuisse</strong></span> <span class='ocrx_word' id='word_1_95' title='bbox 1811 975 1948 1038; x_wconf 88' lang='lat' dir='ltr'><strong>afflictos</strong></span> <span class='ocrx_word' id='word_1_96' title='bbox 1982 975 2089 1039; x_wconf 87' lang='lat' dir='ltr'><strong>docet:</strong></span> 
     </span>
     <span class='ocr_line' id='line_1_8' title="bbox 108 1057 2089 1142; baseline -0.001 -16"><span class='ocrx_word' id='word_1_97' title='bbox 108 1060 304 1126; x_wconf 85' lang='lat' dir='ltr'><strong>refutatione</strong></span> <span class='ocrx_word' id='word_1_98' title='bbox 333 1079 397 1122; x_wconf 94' lang='lat' dir='ltr'><strong>non</strong></span> <span class='ocrx_word' id='word_1_99' title='bbox 420 1068 503 1141; x_wconf 89' lang='lat' dir='ltr'><strong>eget.</strong></span> <span class='ocrx_word' id='word_1_100' title='bbox 548 1058 685 1122; x_wconf 83' lang='lat' dir='ltr'><strong>Summa</strong></span> <span class='ocrx_word' id='word_1_101' title='bbox 710 1064 775 1131; x_wconf 89' lang='lat' dir='ltr'><strong>est,</strong></span> <span class='ocrx_word' id='word_1_102' title='bbox 806 1059 910 1122; x_wconf 91' lang='lat' dir='ltr'><strong>Deum</strong></span> <span class='ocrx_word' id='word_1_103' title='bbox 934 1057 1018 1123; x_wconf 90' lang='lat' dir='ltr'><strong>velle</strong></span> <span class='ocrx_word' id='word_1_104' title='bbox 1039 1061 1073 1121; x_wconf 92' lang='lat' dir='ltr'><strong>in</strong></span> <span class='ocrx_word' id='word_1_105' title='bbox 1126 1061 1203 1142; x_wconf 91' lang='lat' dir='ltr'><strong>quia</strong></span> <span class='ocrx_word' id='word_1_106' title='bbox 1225 1060 1321 1123; x_wconf 89' lang='lat' dir='ltr'><strong>nimis</strong></span> <span class='ocrx_word' id='word_1_107' title='bbox 1343 1074 1536 1142; x_wconf 88' lang='lat' dir='ltr'><strong>provocatus</strong></span> <span class='ocrx_word' id='word_1_108' title='bbox 1559 1061 1791 1123; x_wconf 88' lang='lat' dir='ltr'><strong>fuerateorum</strong></span> <span class='ocrx_word' id='word_1_109' title='bbox 1810 1059 1994 1124; x_wconf 84' lang='lat' dir='ltr'><strong>sceleribus.</strong></span> <span class='ocrx_word' id='word_1_110' title='bbox 2024 1058 2089 1124; x_wconf 85' lang='lat' dir='ltr'><strong>Sed</strong></span> 
     </span>
     <span class='ocr_line' id='line_1_9' title="bbox 108 1143 2090 1228; baseline -0.002 -16"><span class='ocrx_word' id='word_1_111' title='bbox 108 1165 272 1212; x_wconf 92' lang='lat' dir='ltr'><strong>summum</strong></span> <span class='ocrx_word' id='word_1_112' title='bbox 294 1146 450 1209; x_wconf 88' lang='lat' dir='ltr'><strong>honorem</strong></span> <span class='ocrx_word' id='word_1_113' title='bbox 470 1144 608 1209; x_wconf 91' lang='lat' dir='ltr'><strong>evehere</strong></span> <span class='ocrx_word' id='word_1_114' title='bbox 626 1143 793 1208; x_wconf 88' lang='lat' dir='ltr'><strong>ecelesiam</strong></span> <span class='ocrx_word' id='word_1_115' title='bbox 811 1164 911 1217; x_wconf 88' lang='lat' dir='ltr'><strong>suam,</strong></span> <span class='ocrx_word' id='word_1_116' title='bbox 934 1155 964 1207; x_wconf 88' lang='lat' dir='ltr'><strong>ot</strong></span> <span class='ocrx_word' id='word_1_117' title='bbox 981 1164 1073 1207; x_wconf 92' lang='lat' dir='ltr'><strong>orna·</strong></span> <span class='ocrx_word' id='word_1_118' title='bbox 1126 1146 1208 1209; x_wconf 92' lang='lat' dir='ltr'><strong>bene</strong></span> <span class='ocrx_word' id='word_1_119' title='bbox 1228 1145 1381 1226; x_wconf 90' lang='lat' dir='ltr'><strong>sperandi</strong></span> <span class='ocrx_word' id='word_1_120' title='bbox 1399 1147 1568 1209; x_wconf 84' lang='lat' dir='ltr'><strong>materiam</strong></span> <span class='ocrx_word' id='word_1_121' title='bbox 1590 1146 1745 1228; x_wconf 80' lang='lat' dir='ltr'><strong>suggerit,</strong></span> <span class='ocrx_word' id='word_1_122' title='bbox 1768 1145 1842 1225; x_wconf 90' lang='lat' dir='ltr'><strong>quia</strong></span> <span class='ocrx_word' id='word_1_123' title='bbox 1860 1145 1942 1208; x_wconf 89' lang='lat' dir='ltr'><strong>nolit</strong></span> <span class='ocrx_word' id='word_1_124' title='bbox 1959 1146 2090 1228; x_wconf 83' lang='lat' dir='ltr'><strong>exigere</strong></span> 
     </span>
     <span class='ocr_line' id='line_1_10' title="bbox 108 1227 2088 1313; baseline -0.002 -16"><span class='ocrx_word' id='word_1_125' title='bbox 108 1232 227 1297; x_wconf 88' lang='lat' dir='ltr'><strong>mentis</strong></span> <span class='ocrx_word' id='word_1_126' title='bbox 256 1230 447 1295; x_wconf 87' lang='lat' dir='ltr'><strong>necessariis</strong></span> <span class='ocrx_word' id='word_1_127' title='bbox 478 1231 637 1293; x_wconf 86' lang='lat' dir='ltr'><strong>illustrem</strong></span> <span class='ocrx_word' id='word_1_128' title='bbox 668 1227 811 1292; x_wconf 88' lang='lat' dir='ltr'><strong>reddere.</strong></span> <span class='ocrx_word' id='word_1_129' title='bbox 864 1229 908 1291; x_wconf 84' lang='lat' dir='ltr'><strong>Et</strong></span> <span class='ocrx_word' id='word_1_130' title='bbox 937 1251 978 1292; x_wconf 90' lang='lat' dir='ltr'><strong>ne</strong></span> <span class='ocrx_word' id='word_1_131' title='bbox 1010 1250 1074 1311; x_wconf 91' lang='lat' dir='ltr'><strong>qua</strong></span> <span class='ocrx_word' id='word_1_132' title='bbox 1126 1251 1206 1312; x_wconf 87' lang='lat' dir='ltr'><strong>quas</strong></span> <span class='ocrx_word' id='word_1_133' title='bbox 1228 1231 1335 1294; x_wconf 89' lang='lat' dir='ltr'><strong>meriti</strong></span> <span class='ocrx_word' id='word_1_134' title='bbox 1359 1240 1451 1294; x_wconf 88' lang='lat' dir='ltr'><strong>erant</strong></span> <span class='ocrx_word' id='word_1_135' title='bbox 1480 1251 1618 1313; x_wconf 89' lang='lat' dir='ltr'><strong>poenas,</strong></span> <span class='ocrx_word' id='word_1_136' title='bbox 1652 1230 1709 1295; x_wconf 91' lang='lat' dir='ltr'><strong>sed</strong></span> <span class='ocrx_word' id='word_1_137' title='bbox 1732 1240 1920 1292; x_wconf 87' lang='lat' dir='ltr'><strong>contentum</strong></span> <span class='ocrx_word' id='word_1_138' title='bbox 1947 1231 2029 1312; x_wconf 93' lang='lat' dir='ltr'><strong>fore,</strong></span> <span class='ocrx_word' id='word_1_139' title='bbox 2062 1232 2088 1294; x_wconf 88' lang='lat' dir='ltr'><strong>si</strong></span> 
     </span>
     <span class='ocr_line' id='line_1_11' title="bbox 108 1313 2090 1398; baseline -0.002 -16"><span class='ocrx_word' id='word_1_140' title='bbox 108 1327 176 1382; x_wconf 90' lang='lat' dir='ltr'><strong>tam</strong></span> <span class='ocrx_word' id='word_1_141' title='bbox 198 1316 390 1398; x_wconf 87' lang='lat' dir='ltr'><strong>magnificae</strong></span> <span class='ocrx_word' id='word_1_142' title='bbox 421 1316 641 1397; x_wconf 90' lang='lat' dir='ltr'><strong>promissionis</strong></span> <span class='ocrx_word' id='word_1_143' title='bbox 669 1313 826 1378; x_wconf 85' lang='lat' dir='ltr'><strong>dubitatio</strong></span> <span class='ocrx_word' id='word_1_144' title='bbox 855 1314 925 1396; x_wconf 91' lang='lat' dir='ltr'><strong>pias</strong></span> <span class='ocrx_word' id='word_1_145' title='bbox 948 1326 1073 1377; x_wconf 88' lang='lat' dir='ltr'><strong>mentes</strong></span> <span class='ocrx_word' id='word_1_146' title='bbox 1126 1316 1222 1380; x_wconf 92' lang='lat' dir='ltr'><strong>modo</strong></span> <span class='ocrx_word' id='word_1_147' title='bbox 1243 1316 1432 1397; x_wconf 87' lang='lat' dir='ltr'><strong>temporalis</strong></span> <span class='ocrx_word' id='word_1_148' title='bbox 1454 1317 1624 1398; x_wconf 81' lang='lat' dir='ltr'><strong>castigatio</strong></span> <span class='ocrx_word' id='word_1_149' title='bbox 1647 1336 1700 1380; x_wconf 89' lang='lat' dir='ltr'><strong>eos</strong></span> <span class='ocrx_word' id='word_1_150' title='bbox 1724 1315 1882 1378; x_wconf 89' lang='lat' dir='ltr'><strong>humiliet.</strong></span> <span class='ocrx_word' id='word_1_151' title='bbox 1926 1314 2090 1379; x_wconf 85' lang='lat' dir='ltr'><strong>Admonet</strong></span> 
     </span>
     <span class='ocr_line' id='line_1_12' title="bbox 108 1399 2089 1485; baseline 0 -19"><span class='ocrx_word' id='word_1_152' title='bbox 108 1402 280 1485; x_wconf 89' lang='lat' dir='ltr'><strong>impediat,</strong></span> <span class='ocrx_word' id='word_1_153' title='bbox 310 1423 392 1464; x_wconf 91' lang='lat' dir='ltr'><strong>neve</strong></span> <span class='ocrx_word' id='word_1_154' title='bbox 426 1400 599 1482; x_wconf 86' lang='lat' dir='ltr'><strong>quidquam</strong></span> <span class='ocrx_word' id='word_1_155' title='bbox 630 1399 698 1464; x_wconf 90' lang='lat' dir='ltr'><strong>suis</strong></span> <span class='ocrx_word' id='word_1_156' title='bbox 727 1399 851 1463; x_wconf 89' lang='lat' dir='ltr'><strong>meritis</strong></span> <span class='ocrx_word' id='word_1_157' title='bbox 884 1400 1072 1476; x_wconf 87' lang='lat' dir='ltr'><strong>attribuant,</strong></span> <span class='ocrx_word' id='word_1_158' title='bbox 1125 1403 1250 1466; x_wconf 90' lang='lat' dir='ltr'><strong>interea</strong></span> <span class='ocrx_word' id='word_1_159' title='bbox 1272 1401 1410 1465; x_wconf 89' lang='lat' dir='ltr'><strong>Iudaeos</strong></span> <span class='ocrx_word' id='word_1_160' title='bbox 1438 1422 1595 1483; x_wconf 88' lang='lat' dir='ltr'><strong>quaenam</strong></span> <span class='ocrx_word' id='word_1_161' title='bbox 1626 1401 1668 1464; x_wconf 89' lang='lat' dir='ltr'><strong>sit</strong></span> <span class='ocrx_word' id='word_1_162' title='bbox 1690 1421 1787 1465; x_wconf 90' lang='lat' dir='ltr'><strong>causa</strong></span> <span class='ocrx_word' id='word_1_163' title='bbox 1811 1400 1908 1463; x_wconf 91' lang='lat' dir='ltr'><strong>buius</strong></span> <span class='ocrx_word' id='word_1_164' title='bbox 1938 1402 2089 1466; x_wconf 88' lang='lat' dir='ltr'><strong>mutatio·</strong></span> 
     </span>
     <span class='ocr_line' id='line_1_13' title="bbox 108 1484 2088 1568; baseline -0.001 -16"><span class='ocrx_word' id='word_1_165' title='bbox 108 1489 199 1552; x_wconf 86' lang='lat' dir='ltr'><strong>Deus</strong></span> <span class='ocrx_word' id='word_1_166' title='bbox 232 1487 302 1568; x_wconf 90' lang='lat' dir='ltr'><strong>ipse</strong></span> <span class='ocrx_word' id='word_1_167' title='bbox 336 1486 431 1550; x_wconf 90' lang='lat' dir='ltr'><strong>huius</strong></span> <span class='ocrx_word' id='word_1_168' title='bbox 465 1487 510 1549; x_wconf 89' lang='lat' dir='ltr'><strong>rei</strong></span> <span class='ocrx_word' id='word_1_169' title='bbox 545 1506 579 1549; x_wconf 84' lang='lat' dir='ltr'><strong>se</strong></span> <span class='ocrx_word' id='word_1_170' title='bbox 612 1495 755 1548; x_wconf 90' lang='lat' dir='ltr'><strong>autorem</strong></span> <span class='ocrx_word' id='word_1_171' title='bbox 795 1485 861 1548; x_wconf 85' lang='lat' dir='ltr'><strong>fore</strong></span> <span class='ocrx_word' id='word_1_172' title='bbox 893 1484 1071 1567; x_wconf 88' lang='lat' dir='ltr'><strong>pollicetur.</strong></span> <span class='ocrx_word' id='word_1_173' title='bbox 1125 1488 1192 1552; x_wconf 89' lang='lat' dir='ltr'><strong>nis:</strong></span> <span class='ocrx_word' id='word_1_174' title='bbox 1217 1509 1257 1551; x_wconf 91' lang='lat' dir='ltr'><strong>ne</strong></span> <span class='ocrx_word' id='word_1_175' title='bbox 1275 1488 1378 1568; x_wconf 88' lang='lat' dir='ltr'><strong>ipsam</strong></span> <span class='ocrx_word' id='word_1_176' title='bbox 1402 1507 1459 1568; x_wconf 93' lang='lat' dir='ltr'><strong>pro</strong></span> <span class='ocrx_word' id='word_1_177' title='bbox 1482 1508 1578 1551; x_wconf 91' lang='lat' dir='ltr'><strong>sensu</strong></span> <span class='ocrx_word' id='word_1_178' title='bbox 1600 1507 1659 1550; x_wconf 86' lang='lat' dir='ltr'><strong>suo</strong></span> <span class='ocrx_word' id='word_1_179' title='bbox 1680 1487 1861 1550; x_wconf 86' lang='lat' dir='ltr'><strong>aestiment.</strong></span> <span class='ocrx_word' id='word_1_180' title='bbox 1895 1484 1983 1549; x_wconf 89' lang='lat' dir='ltr'><strong>Dum</strong></span> <span class='ocrx_word' id='word_1_181' title='bbox 2003 1488 2088 1550; x_wconf 91' lang='lat' dir='ltr'><strong>enim</strong></span> 
     </span>
     <span class='ocr_line' id='line_1_14' title="bbox 109 1569 2089 1655; baseline -0.001 -18"><span class='ocrx_word' id='word_1_182' title='bbox 109 1574 212 1637; x_wconf 92' lang='lat' dir='ltr'><strong>Porro</strong></span> <span class='ocrx_word' id='word_1_183' title='bbox 233 1570 379 1654; x_wconf 88' lang='lat' dir='ltr'><strong>gentium</strong></span> <span class='ocrx_word' id='word_1_184' title='bbox 403 1572 533 1635; x_wconf 88' lang='lat' dir='ltr'><strong>divitias</strong></span> <span class='ocrx_word' id='word_1_185' title='bbox 555 1589 635 1651; x_wconf 86' lang='lat' dir='ltr'><strong>quas</strong></span> <span class='ocrx_word' id='word_1_186' title='bbox 653 1569 750 1651; x_wconf 92' lang='lat' dir='ltr'><strong>paulo</strong></span> <span class='ocrx_word' id='word_1_187' title='bbox 768 1580 842 1633; x_wconf 88' lang='lat' dir='ltr'><strong>ante</strong></span> <span class='ocrx_word' id='word_1_188' title='bbox 861 1570 949 1634; x_wconf 89' lang='lat' dir='ltr'><strong>visus</strong></span> <span class='ocrx_word' id='word_1_189' title='bbox 966 1570 1074 1635; x_wconf 88' lang='lat' dir='ltr'><strong>fuerat</strong></span> <span class='ocrx_word' id='word_1_190' title='bbox 1125 1582 1294 1636; x_wconf 90' lang='lat' dir='ltr'><strong>mutantur</strong></span> <span class='ocrx_word' id='word_1_191' title='bbox 1312 1593 1424 1655; x_wconf 85' lang='lat' dir='ltr'><strong>regna,</strong></span> <span class='ocrx_word' id='word_1_192' title='bbox 1446 1594 1483 1637; x_wconf 91' lang='lat' dir='ltr'><strong>ao</strong></span> <span class='ocrx_word' id='word_1_193' title='bbox 1501 1571 1637 1636; x_wconf 90' lang='lat' dir='ltr'><strong>subinde</strong></span> <span class='ocrx_word' id='word_1_194' title='bbox 1656 1571 1837 1635; x_wconf 90' lang='lat' dir='ltr'><strong>evehuntur</strong></span> <span class='ocrx_word' id='word_1_195' title='bbox 1856 1580 1889 1634; x_wconf 89' lang='lat' dir='ltr'><strong>et</strong></span> <span class='ocrx_word' id='word_1_196' title='bbox 1906 1572 2089 1651; x_wconf 90' lang='lat' dir='ltr'><strong>concidunt,</strong></span> 
     </span>
     <span class='ocr_line' id='line_1_15' title="bbox 108 1655 2089 1741; baseline 0 -19"><span class='ocrx_word' id='word_1_197' title='bbox 108 1657 262 1723; x_wconf 88' lang='lat' dir='ltr'><strong>ecelesiae</strong></span> <span class='ocrx_word' id='word_1_198' title='bbox 284 1658 317 1718; x_wconf 91' lang='lat' dir='ltr'><strong>in</strong></span> <span class='ocrx_word' id='word_1_199' title='bbox 340 1656 493 1739; x_wconf 89' lang='lat' dir='ltr'><strong>praedam</strong></span> <span class='ocrx_word' id='word_1_200' title='bbox 517 1672 575 1720; x_wconf 89' lang='lat' dir='ltr'><strong>aut</strong></span> <span class='ocrx_word' id='word_1_201' title='bbox 595 1655 746 1718; x_wconf 89' lang='lat' dir='ltr'><strong>victoriae</strong></span> <span class='ocrx_word' id='word_1_202' title='bbox 774 1656 954 1737; x_wconf 88' lang='lat' dir='ltr'><strong>praemium</strong></span> <span class='ocrx_word' id='word_1_203' title='bbox 982 1655 1072 1719; x_wconf 92' lang='lat' dir='ltr'><strong>addi·</strong></span> <span class='ocrx_word' id='word_1_204' title='bbox 1125 1657 1205 1722; x_wconf 90' lang='lat' dir='ltr'><strong>haee</strong></span> <span class='ocrx_word' id='word_1_205' title='bbox 1227 1658 1359 1722; x_wconf 92' lang='lat' dir='ltr'><strong>fortuito</strong></span> <span class='ocrx_word' id='word_1_206' title='bbox 1381 1661 1568 1741; x_wconf 83' lang='lat' dir='ltr'><strong>contingere</strong></span> <span class='ocrx_word' id='word_1_207' title='bbox 1591 1668 1624 1721; x_wconf 91' lang='lat' dir='ltr'><strong>et</strong></span> <span class='ocrx_word' id='word_1_208' title='bbox 1646 1676 1850 1720; x_wconf 89' lang='lat' dir='ltr'><strong>communem</strong></span> <span class='ocrx_word' id='word_1_209' title='bbox 1879 1655 1991 1719; x_wconf 91' lang='lat' dir='ltr'><strong>mundi</strong></span> <span class='ocrx_word' id='word_1_210' title='bbox 2021 1678 2089 1722; x_wconf 90' lang='lat' dir='ltr'><strong>sor·</strong></span> 
     </span>
     <span class='ocr_line' id='line_1_16' title="bbox 107 1740 2089 1826; baseline 0 -20"><span class='ocrx_word' id='word_1_211' title='bbox 107 1764 196 1822; x_wconf 91' lang='lat' dir='ltr'><strong>cere,</strong></span> <span class='ocrx_word' id='word_1_212' title='bbox 233 1741 305 1806; x_wconf 89' lang='lat' dir='ltr'><strong>Deo</strong></span> <span class='ocrx_word' id='word_1_213' title='bbox 341 1762 430 1806; x_wconf 93' lang='lat' dir='ltr'><strong>nunc</strong></span> <span class='ocrx_word' id='word_1_214' title='bbox 463 1743 496 1804; x_wconf 95' lang='lat' dir='ltr'><strong>in</strong></span> <span class='ocrx_word' id='word_1_215' title='bbox 530 1760 652 1805; x_wconf 88' lang='lat' dir='ltr'><strong>sacram</strong></span> <span class='ocrx_word' id='word_1_216' title='bbox 690 1740 884 1804; x_wconf 91' lang='lat' dir='ltr'><strong>oblationem</strong></span> <span class='ocrx_word' id='word_1_217' title='bbox 922 1741 1072 1805; x_wconf 90' lang='lat' dir='ltr'><strong>destinat.</strong></span> <span class='ocrx_word' id='word_1_218' title='bbox 1124 1750 1190 1807; x_wconf 87' lang='lat' dir='ltr'><strong>tem</strong></span> <span class='ocrx_word' id='word_1_219' title='bbox 1213 1765 1284 1809; x_wconf 88' lang='lat' dir='ltr'><strong>esse</strong></span> <span class='ocrx_word' id='word_1_220' title='bbox 1305 1754 1431 1826; x_wconf 88' lang='lat' dir='ltr'><strong>putant.</strong></span> <span class='ocrx_word' id='word_1_221' title='bbox 1471 1744 1562 1808; x_wconf 90' lang='lat' dir='ltr'><strong>Idem</strong></span> <span class='ocrx_word' id='word_1_222' title='bbox 1586 1743 1772 1807; x_wconf 87' lang='lat' dir='ltr'><strong>existimare</strong></span> <span class='ocrx_word' id='word_1_223' title='bbox 1794 1754 1942 1823; x_wconf 91' lang='lat' dir='ltr'><strong>poterant</strong></span> <span class='ocrx_word' id='word_1_224' title='bbox 1963 1741 2089 1820; x_wconf 90' lang='lat' dir='ltr'><strong>Iudaei,</strong></span> 
     </span>
     <span class='ocr_line' id='line_1_17' title="bbox 107 1824 2088 1911; baseline -0.001 -17"><span class='ocrx_word' id='word_1_225' title='bbox 107 1830 217 1911; x_wconf 90' lang='lat' dir='ltr'><strong>Atque</strong></span> <span class='ocrx_word' id='word_1_226' title='bbox 239 1827 285 1890; x_wconf 90' lang='lat' dir='ltr'><strong>ita</strong></span> <span class='ocrx_word' id='word_1_227' title='bbox 307 1826 425 1890; x_wconf 90' lang='lat' dir='ltr'><strong>elarius</strong></span> <span class='ocrx_word' id='word_1_228' title='bbox 454 1827 608 1909; x_wconf 87' lang='lat' dir='ltr'><strong>exprimit</strong></span> <span class='ocrx_word' id='word_1_229' title='bbox 637 1824 722 1906; x_wconf 92' lang='lat' dir='ltr'><strong>quod</strong></span> <span class='ocrx_word' id='word_1_230' title='bbox 750 1826 833 1902; x_wconf 89' lang='lat' dir='ltr'><strong>dixi,</strong></span> <span class='ocrx_word' id='word_1_231' title='bbox 864 1825 945 1889; x_wconf 92' lang='lat' dir='ltr'><strong>nihil</strong></span> <span class='ocrx_word' id='word_1_232' title='bbox 968 1827 1073 1908; x_wconf 89' lang='lat' dir='ltr'><strong>magis</strong></span> <span class='ocrx_word' id='word_1_233' title='bbox 1125 1849 1225 1910; x_wconf 91' lang='lat' dir='ltr'><strong>quum</strong></span> <span class='ocrx_word' id='word_1_234' title='bbox 1266 1848 1379 1893; x_wconf 89' lang='lat' dir='ltr'><strong>everso</strong></span> <span class='ocrx_word' id='word_1_235' title='bbox 1416 1829 1654 1893; x_wconf 78' lang='lat' dir='ltr'><strong>Chaldaeorum</strong></span> <span class='ocrx_word' id='word_1_236' title='bbox 1694 1847 1795 1910; x_wconf 89' lang='lat' dir='ltr'><strong>regno</strong></span> <span class='ocrx_word' id='word_1_237' title='bbox 1833 1829 1867 1890; x_wconf 94' lang='lat' dir='ltr'><strong>in</strong></span> <span class='ocrx_word' id='word_1_238' title='bbox 1906 1827 2088 1892; x_wconf 90' lang='lat' dir='ltr'><strong>libertatem</strong></span> 
     </span>
     <span class='ocr_line' id='line_1_18' title="bbox 107 1911 2089 1996; baseline -0.002 -16"><span class='ocrx_word' id='word_1_239' title='bbox 107 1935 177 1980; x_wconf 88' lang='lat' dir='ltr'><strong>esse</strong></span> <span class='ocrx_word' id='word_1_240' title='bbox 200 1912 292 1977; x_wconf 89' lang='lat' dir='ltr'><strong>nobis</strong></span> <span class='ocrx_word' id='word_1_241' title='bbox 314 1912 532 1995; x_wconf 90' lang='lat' dir='ltr'><strong>expetendum</strong></span> <span class='ocrx_word' id='word_1_242' title='bbox 556 1932 652 1994; x_wconf 86' lang='lat' dir='ltr'><strong>quam</strong></span> <span class='ocrx_word' id='word_1_243' title='bbox 676 1923 711 1974; x_wconf 91' lang='lat' dir='ltr'><strong>ut</strong></span> <span class='ocrx_word' id='word_1_244' title='bbox 735 1911 796 1975; x_wconf 91' lang='lat' dir='ltr'><strong>Dei</strong></span> <span class='ocrx_word' id='word_1_245' title='bbox 826 1912 962 1993; x_wconf 89' lang='lat' dir='ltr'><strong>imperio</strong></span> <span class='ocrx_word' id='word_1_246' title='bbox 986 1923 1072 1975; x_wconf 88' lang='lat' dir='ltr'><strong>totns</strong></span> <span class='ocrx_word' id='word_1_247' title='bbox 1125 1915 1265 1978; x_wconf 87' lang='lat' dir='ltr'><strong>restituti</strong></span> <span class='ocrx_word' id='word_1_248' title='bbox 1289 1924 1373 1977; x_wconf 88' lang='lat' dir='ltr'><strong>sunt.</strong></span> <span class='ocrx_word' id='word_1_249' title='bbox 1402 1914 1579 1996; x_wconf 90' lang='lat' dir='ltr'><strong>Propterea</strong></span> <span class='ocrx_word' id='word_1_250' title='bbox 1599 1912 1762 1975; x_wconf 90' lang='lat' dir='ltr'><strong>Dominus</strong></span> <span class='ocrx_word' id='word_1_251' title='bbox 1784 1912 1865 1976; x_wconf 91' lang='lat' dir='ltr'><strong>haec</strong></span> <span class='ocrx_word' id='word_1_252' title='bbox 1887 1913 1997 1975; x_wconf 92' lang='lat' dir='ltr'><strong>omnia</strong></span> <span class='ocrx_word' id='word_1_253' title='bbox 2019 1935 2089 1996; x_wconf 93' lang='lat' dir='ltr'><strong>pro·</strong></span> 
     </span>
     <span class='ocr_line' id='line_1_19' title="bbox 105 1996 2089 2082; baseline -0.001 -17"><span class='ocrx_word' id='word_1_254' title='bbox 105 1999 248 2065; x_wconf 89' lang='lat' dir='ltr'><strong>mundus</strong></span> <span class='ocrx_word' id='word_1_255' title='bbox 271 1997 443 2062; x_wconf 88' lang='lat' dir='ltr'><strong>subiaceat.</strong></span> <span class='ocrx_word' id='word_1_256' title='bbox 1125 1999 1271 2064; x_wconf 89' lang='lat' dir='ltr'><strong>videntia</strong></span> <span class='ocrx_word' id='word_1_257' title='bbox 1293 2019 1353 2062; x_wconf 88' lang='lat' dir='ltr'><strong>sua</strong></span> <span class='ocrx_word' id='word_1_258' title='bbox 1375 2000 1594 2064; x_wconf 90' lang='lat' dir='ltr'><strong>administrari</strong></span> <span class='ocrx_word' id='word_1_259' title='bbox 1617 2009 1772 2061; x_wconf 90' lang='lat' dir='ltr'><strong>testatur:</strong></span> <span class='ocrx_word' id='word_1_260' title='bbox 1802 2018 1844 2060; x_wconf 90' lang='lat' dir='ltr'><strong>ne</strong></span> <span class='ocrx_word' id='word_1_261' title='bbox 1865 1996 1986 2062; x_wconf 86' lang='lat' dir='ltr'><strong>scilicet</strong></span> <span class='ocrx_word' id='word_1_262' title='bbox 2014 2020 2089 2082; x_wconf 90' lang='lat' dir='ltr'><strong>pro·</strong></span> 
     </span>
     <span class='ocr_line' id='line_1_20' title="bbox 193 2079 2089 2167; baseline 0 -20"><span class='ocrx_word' id='word_1_263' title='bbox 193 2084 244 2149; x_wconf 89' lang='grc'><strong>10.</strong></span> <span class='ocrx_word' id='word_1_264' title='bbox 272 2082 331 2167; x_wconf 84' lang='lat' dir='ltr'><strong>(Et</strong></span> <span class='ocrx_word' id='word_1_265' title='bbox 352 2079 529 2166; x_wconf 58' lang='lat' dir='ltr'><strong>exemerat.)</strong></span> <span class='ocrx_word' id='word_1_266' title='bbox 564 2082 776 2164; x_wconf 87' lang='lat' dir='ltr'><strong>Prosequitur</strong></span> <span class='ocrx_word' id='word_1_267' title='bbox 798 2080 881 2147; x_wconf 89' lang='lat' dir='ltr'><strong>idem</strong></span> <span class='ocrx_word' id='word_1_268' title='bbox 902 2102 1073 2164; x_wconf 89' lang='lat' dir='ltr'><strong>argumeu-</strong></span> <span class='ocrx_word' id='word_1_269' title='bbox 1125 2088 1274 2149; x_wconf 89' lang='lat' dir='ltr'><strong>fanorum</strong></span> <span class='ocrx_word' id='word_1_270' title='bbox 1305 2084 1472 2149; x_wconf 92' lang='lat' dir='ltr'><strong>hominum</strong></span> <span class='ocrx_word' id='word_1_271' title='bbox 1500 2105 1589 2148; x_wconf 91' lang='lat' dir='ltr'><strong>more</strong></span> <span class='ocrx_word' id='word_1_272' title='bbox 1611 2083 1803 2148; x_wconf 90' lang='lat' dir='ltr'><strong>caecutiant.</strong></span> <span class='ocrx_word' id='word_1_273' title='bbox 1849 2081 1990 2145; x_wconf 89' lang='lat' dir='ltr'><strong>Perinde</strong></span> <span class='ocrx_word' id='word_1_274' title='bbox 2012 2103 2089 2167; x_wconf 87' lang='lat' dir='ltr'><strong>ergo</strong></span> 
     </span>
     <span class='ocr_line' id='line_1_21' title="bbox 107 2167 2090 2252; baseline -0.001 -19"><span class='ocrx_word' id='word_1_275' title='bbox 107 2180 189 2234; x_wconf 88' lang='lat' dir='ltr'><strong>tum.</strong></span> <span class='ocrx_word' id='word_1_276' title='bbox 226 2167 509 2248; x_wconf 79' lang='lat' dir='ltr'><strong>Quemadmodum</strong></span> <span class='ocrx_word' id='word_1_277' title='bbox 533 2169 623 2248; x_wconf 93' lang='lat' dir='ltr'><strong>prius</strong></span> <span class='ocrx_word' id='word_1_278' title='bbox 646 2167 728 2230; x_wconf 91' lang='lat' dir='ltr'><strong>dixit</strong></span> <span class='ocrx_word' id='word_1_279' title='bbox 749 2177 881 2231; x_wconf 89' lang='lat' dir='ltr'><strong>exteros</strong></span> <span class='ocrx_word' id='word_1_280' title='bbox 904 2189 974 2232; x_wconf 90' lang='lat' dir='ltr'><strong>sese</strong></span> <span class='ocrx_word' id='word_1_281' title='bbox 996 2167 1071 2231; x_wconf 89' lang='lat' dir='ltr'><strong>sub·</strong></span> <span class='ocrx_word' id='word_1_282' title='bbox 1124 2179 1174 2236; x_wconf 90' lang='lat' dir='ltr'><strong>est</strong></span> <span class='ocrx_word' id='word_1_283' title='bbox 1196 2171 1278 2235; x_wconf 89' lang='lat' dir='ltr'><strong>acsi</strong></span> <span class='ocrx_word' id='word_1_284' title='bbox 1297 2169 1432 2235; x_wconf 90' lang='lat' dir='ltr'><strong>diceret:</strong></span> <span class='ocrx_word' id='word_1_285' title='bbox 1455 2170 1491 2235; x_wconf 80' lang='lat' dir='ltr'><strong>Si</strong></span> <span class='ocrx_word' id='word_1_286' title='bbox 1511 2190 1648 2252; x_wconf 89' lang='lat' dir='ltr'><strong>quaeras</strong></span> <span class='ocrx_word' id='word_1_287' title='bbox 1664 2187 1721 2231; x_wconf 90' lang='lat' dir='ltr'><strong>cur</strong></span> <span class='ocrx_word' id='word_1_288' title='bbox 1735 2177 1783 2230; x_wconf 93' lang='lat' dir='ltr'><strong>tot</strong></span> <span class='ocrx_word' id='word_1_289' title='bbox 1798 2167 1945 2232; x_wconf 89' lang='lat' dir='ltr'><strong>miserias</strong></span> <span class='ocrx_word' id='word_1_290' title='bbox 1968 2169 2090 2249; x_wconf 90' lang='lat' dir='ltr'><strong>tuleris,</strong></span> 
     </span>
     <span class='ocr_line' id='line_1_22' title="bbox 106 2252 2092 2337; baseline 0 -18"><span class='ocrx_word' id='word_1_291' title='bbox 106 2257 266 2319; x_wconf 90' lang='lat' dir='ltr'><strong>missuros</strong></span> <span class='ocrx_word' id='word_1_292' title='bbox 288 2254 389 2334; x_wconf 86' lang='lat' dir='ltr'><strong>ipsius</strong></span> <span class='ocrx_word' id='word_1_293' title='bbox 413 2253 549 2335; x_wconf 91' lang='lat' dir='ltr'><strong>imperio</strong></span> <span class='ocrx_word' id='word_1_294' title='bbox 571 2259 608 2316; x_wconf 89' lang='lat' dir='ltr'><strong>ut</strong></span> <span class='ocrx_word' id='word_1_295' title='bbox 629 2253 785 2336; x_wconf 90' lang='lat' dir='ltr'><strong>templum</strong></span> <span class='ocrx_word' id='word_1_296' title='bbox 810 2254 1003 2325; x_wconf 86' lang='lat' dir='ltr'><strong>instaurent.</strong></span> <span class='ocrx_word' id='word_1_297' title='bbox 1026 2253 1072 2317; x_wconf 92' lang='lat' dir='ltr'><strong>ita</strong></span> <span class='ocrx_word' id='word_1_298' title='bbox 1125 2256 1206 2321; x_wconf 90' lang='lat' dir='ltr'><strong>haec</strong></span> <span class='ocrx_word' id='word_1_299' title='bbox 1227 2276 1325 2321; x_wconf 89' lang='lat' dir='ltr'><strong>causa</strong></span> <span class='ocrx_word' id='word_1_300' title='bbox 1342 2263 1392 2319; x_wconf 89' lang='lat' dir='ltr'><strong>est</strong></span> <span class='ocrx_word' id='word_1_301' title='bbox 1409 2256 1493 2337; x_wconf 93' lang='lat' dir='ltr'><strong>quod</strong></span> <span class='ocrx_word' id='word_1_302' title='bbox 1512 2255 1569 2318; x_wconf 92' lang='lat' dir='ltr'><strong>tibi</strong></span> <span class='ocrx_word' id='word_1_303' title='bbox 1588 2255 1691 2318; x_wconf 90' lang='lat' dir='ltr'><strong>iratus</strong></span> <span class='ocrx_word' id='word_1_304' title='bbox 1713 2252 1829 2317; x_wconf 87' lang='lat' dir='ltr'><strong>fuerim</strong></span> <span class='ocrx_word' id='word_1_305' title='bbox 1852 2262 1948 2333; x_wconf 90' lang='lat' dir='ltr'><strong>atque</strong></span> <span class='ocrx_word' id='word_1_306' title='bbox 1970 2254 2092 2319; x_wconf 88' lang='lat' dir='ltr'><strong>seelera</strong></span> 
     </span>
     <span class='ocr_line' id='line_1_23' title="bbox 107 2337 2090 2421; baseline 0 -16"><span class='ocrx_word' id='word_1_307' title='bbox 107 2361 194 2405; x_wconf 91' lang='lat' dir='ltr'><strong>nunc</strong></span> <span class='ocrx_word' id='word_1_308' title='bbox 225 2339 422 2421; x_wconf 89' lang='lat' dir='ltr'><strong>alienigenas</strong></span> <span class='ocrx_word' id='word_1_309' title='bbox 454 2358 584 2418; x_wconf 87' lang='lat' dir='ltr'><strong>operam</strong></span> <span class='ocrx_word' id='word_1_310' title='bbox 619 2357 711 2402; x_wconf 87' lang='lat' dir='ltr'><strong>suam</strong></span> <span class='ocrx_word' id='word_1_311' title='bbox 744 2337 920 2403; x_wconf 88' lang='lat' dir='ltr'><strong>collaturos</strong></span> <span class='ocrx_word' id='word_1_312' title='bbox 950 2339 990 2403; x_wconf 92' lang='lat' dir='ltr'><strong>ad</strong></span> <span class='ocrx_word' id='word_1_313' title='bbox 1014 2359 1071 2402; x_wconf 85' lang='lat' dir='ltr'><strong>ex·</strong></span> <span class='ocrx_word' id='word_1_314' title='bbox 1125 2350 1183 2405; x_wconf 91' lang='lat' dir='ltr'><strong>tua</strong></span> <span class='ocrx_word' id='word_1_315' title='bbox 1212 2341 1300 2405; x_wconf 91' lang='lat' dir='ltr'><strong>ultus</strong></span> <span class='ocrx_word' id='word_1_316' title='bbox 1329 2342 1401 2404; x_wconf 91' lang='lat' dir='ltr'><strong>sim.</strong></span> <span class='ocrx_word' id='word_1_317' title='bbox 1451 2339 1488 2406; x_wconf 89' lang='lat' dir='ltr'><strong>Si</strong></span> <span class='ocrx_word' id='word_1_318' title='bbox 1518 2361 1592 2405; x_wconf 92' lang='lat' dir='ltr'><strong>vero</strong></span> <span class='ocrx_word' id='word_1_319' title='bbox 1622 2339 1824 2403; x_wconf 88' lang='lat' dir='ltr'><strong>liberationis</strong></span> <span class='ocrx_word' id='word_1_320' title='bbox 1855 2348 1929 2401; x_wconf 90' lang='lat' dir='ltr'><strong>tuae</strong></span> <span class='ocrx_word' id='word_1_321' title='bbox 1958 2358 2090 2405; x_wconf 88' lang='lat' dir='ltr'><strong>oausam</strong></span> 
     </span>
     <span class='ocr_line' id='line_1_24' title="bbox 106 2423 2091 2509; baseline 0.001 -20"><span class='ocrx_word' id='word_1_322' title='bbox 106 2425 317 2490; x_wconf 89' lang='lat' dir='ltr'><strong>structionem</strong></span> <span class='ocrx_word' id='word_1_323' title='bbox 348 2444 524 2487; x_wconf 92' lang='lat' dir='ltr'><strong>murorum.</strong></span> <span class='ocrx_word' id='word_1_324' title='bbox 569 2423 689 2488; x_wconf 86' lang='lat' dir='ltr'><strong>Variae</strong></span> <span class='ocrx_word' id='word_1_325' title='bbox 717 2435 794 2486; x_wconf 92' lang='lat' dir='ltr'><strong>sunt</strong></span> <span class='ocrx_word' id='word_1_326' title='bbox 816 2425 1072 2507; x_wconf 88' lang='lat' dir='ltr'><strong>comparationes</strong></span> <span class='ocrx_word' id='word_1_327' title='bbox 1124 2428 1287 2508; x_wconf 90' lang='lat' dir='ltr'><strong>inquiras,</strong></span> <span class='ocrx_word' id='word_1_328' title='bbox 1320 2427 1466 2509; x_wconf 88' lang='lat' dir='ltr'><strong>gratuita</strong></span> <span class='ocrx_word' id='word_1_329' title='bbox 1487 2424 1714 2490; x_wconf 86' lang='lat' dir='ltr'><strong>benevolentia</strong></span> <span class='ocrx_word' id='word_1_330' title='bbox 1744 2444 1829 2497; x_wconf 84' lang='lat' dir='ltr'><strong>mea,</strong></span> <span class='ocrx_word' id='word_1_331' title='bbox 1862 2442 1928 2486; x_wconf 91' lang='lat' dir='ltr'><strong>nou</strong></span> <span class='ocrx_word' id='word_1_332' title='bbox 1949 2423 2091 2508; x_wconf 78' lang='lat' dir='ltr'><strong>dignitas</strong></span> 
     </span>
     <span class='ocr_line' id='line_1_25' title="bbox 108 2509 2090 2593; baseline 0.001 -20"><span class='ocrx_word' id='word_1_333' title='bbox 108 2512 223 2593; x_wconf 90' lang='lat' dir='ltr'><strong>quibus</strong></span> <span class='ocrx_word' id='word_1_334' title='bbox 244 2510 513 2574; x_wconf 88' lang='lat' dir='ltr'><strong>instaurationem</strong></span> <span class='ocrx_word' id='word_1_335' title='bbox 537 2509 690 2574; x_wconf 89' lang='lat' dir='ltr'><strong>ecelesiae</strong></span> <span class='ocrx_word' id='word_1_336' title='bbox 708 2511 878 2591; x_wconf 90' lang='lat' dir='ltr'><strong>promittit.</strong></span> <span class='ocrx_word' id='word_1_337' title='bbox 904 2510 966 2573; x_wconf 80' lang='lat' dir='ltr'><strong>Est</strong></span> <span class='ocrx_word' id='word_1_338' title='bbox 983 2511 1070 2573; x_wconf 91' lang='lat' dir='ltr'><strong>enim</strong></span> <span class='ocrx_word' id='word_1_339' title='bbox 1125 2523 1180 2576; x_wconf 92' lang='lat' dir='ltr'><strong>tua</strong></span> <span class='ocrx_word' id='word_1_340' title='bbox 1203 2522 1259 2576; x_wconf 90' lang='lat' dir='ltr'><strong>aut</strong></span> <span class='ocrx_word' id='word_1_341' title='bbox 1281 2510 1435 2575; x_wconf 88' lang='lat' dir='ltr'><strong>fortuitus</strong></span> <span class='ocrx_word' id='word_1_342' title='bbox 1457 2532 1565 2575; x_wconf 92' lang='lat' dir='ltr'><strong>rerum</strong></span> <span class='ocrx_word' id='word_1_343' title='bbox 1589 2519 1726 2574; x_wconf 90' lang='lat' dir='ltr'><strong>eventus</strong></span> <span class='ocrx_word' id='word_1_344' title='bbox 1748 2509 1782 2571; x_wconf 93' lang='lat' dir='ltr'><strong>in</strong></span> <span class='ocrx_word' id='word_1_345' title='bbox 1806 2529 1902 2573; x_wconf 91' lang='lat' dir='ltr'><strong>causa</strong></span> <span class='ocrx_word' id='word_1_346' title='bbox 1925 2519 1984 2573; x_wconf 88' lang='lat' dir='ltr'><strong>est.</strong></span> <span class='ocrx_word' id='word_1_347' title='bbox 2023 2510 2090 2575; x_wconf 90' lang='lat' dir='ltr'><strong>Ita·</strong></span> 
     </span>
     <span class='ocr_line' id='line_1_26' title="bbox 107 2594 2091 2679; baseline -0.001 -18"><span class='ocrx_word' id='word_1_348' title='bbox 107 2595 266 2661; x_wconf 82' lang='lat' dir='ltr'><strong>familiare</strong></span> <span class='ocrx_word' id='word_1_349' title='bbox 299 2595 483 2676; x_wconf 89' lang='lat' dir='ltr'><strong>scripturis,</strong></span> <span class='ocrx_word' id='word_1_350' title='bbox 517 2595 573 2657; x_wconf 92' lang='lat' dir='ltr'><strong>ubi</strong></span> <span class='ocrx_word' id='word_1_351' title='bbox 601 2594 641 2657; x_wconf 91' lang='lat' dir='ltr'><strong>de</strong></span> <span class='ocrx_word' id='word_1_352' title='bbox 670 2595 805 2658; x_wconf 91' lang='lat' dir='ltr'><strong>eeclesia</strong></span> <span class='ocrx_word' id='word_1_353' title='bbox 834 2595 950 2676; x_wconf 86' lang='lat' dir='ltr'><strong>agitur,</strong></span> <span class='ocrx_word' id='word_1_354' title='bbox 983 2616 1072 2660; x_wconf 92' lang='lat' dir='ltr'><strong>nune</strong></span> <span class='ocrx_word' id='word_1_355' title='bbox 1125 2618 1186 2679; x_wconf 90' lang='lat' dir='ltr'><strong>que</strong></span> <span class='ocrx_word' id='word_1_356' title='bbox 1205 2618 1268 2660; x_wconf 94' lang='lat' dir='ltr'><strong>non</strong></span> <span class='ocrx_word' id='word_1_357' title='bbox 1288 2607 1410 2659; x_wconf 90' lang='lat' dir='ltr'><strong>temere</strong></span> <span class='ocrx_word' id='word_1_358' title='bbox 1428 2595 1580 2660; x_wconf 90' lang='lat' dir='ltr'><strong>accidunt</strong></span> <span class='ocrx_word' id='word_1_359' title='bbox 1598 2594 1808 2676; x_wconf 87' lang='lat' dir='ltr'><strong>calamitates,</strong></span> <span class='ocrx_word' id='word_1_360' title='bbox 1830 2613 1889 2656; x_wconf 90' lang='lat' dir='ltr'><strong>nee</strong></span> <span class='ocrx_word' id='word_1_361' title='bbox 1907 2595 1977 2657; x_wconf 91' lang='lat' dir='ltr'><strong>sine</strong></span> <span class='ocrx_word' id='word_1_362' title='bbox 1994 2615 2091 2660; x_wconf 91' lang='lat' dir='ltr'><strong>causa</strong></span> 
     </span>
     <span class='ocr_line' id='line_1_27' title="bbox 107 2678 2090 2762; baseline 0.001 -17"><span class='ocrx_word' id='word_1_363' title='bbox 107 2681 274 2762; x_wconf 90' lang='lat' dir='ltr'><strong>templum,</strong></span> <span class='ocrx_word' id='word_1_364' title='bbox 306 2698 393 2742; x_wconf 91' lang='lat' dir='ltr'><strong>nuno</strong></span> <span class='ocrx_word' id='word_1_365' title='bbox 415 2678 649 2762; x_wconf 82' lang='lat' dir='ltr'><strong>lerosolymam</strong></span> <span class='ocrx_word' id='word_1_366' title='bbox 673 2698 860 2761; x_wconf 89' lang='lat' dir='ltr'><strong>proponere.</strong></span> <span class='ocrx_word' id='word_1_367' title='bbox 906 2680 1072 2744; x_wconf 90' lang='lat' dir='ltr'><strong>Promittit</strong></span> <span class='ocrx_word' id='word_1_368' title='bbox 1124 2683 1275 2747; x_wconf 90' lang='lat' dir='ltr'><strong>irascitur</strong></span> <span class='ocrx_word' id='word_1_369' title='bbox 1296 2679 1475 2744; x_wconf 83' lang='lat' dir='ltr'><strong>Dominus:</strong></span> <span class='ocrx_word' id='word_1_370' title='bbox 1510 2702 1570 2744; x_wconf 92' lang='lat' dir='ltr'><strong>nec</strong></span> <span class='ocrx_word' id='word_1_371' title='bbox 1598 2682 1644 2744; x_wconf 91' lang='lat' dir='ltr'><strong>ita</strong></span> <span class='ocrx_word' id='word_1_372' title='bbox 1670 2680 1821 2744; x_wconf 88' lang='lat' dir='ltr'><strong>irascitur</strong></span> <span class='ocrx_word' id='word_1_373' title='bbox 1853 2679 1934 2760; x_wconf 91' lang='lat' dir='ltr'><strong>quin</strong></span> <span class='ocrx_word' id='word_1_374' title='bbox 1964 2682 2090 2746; x_wconf 90' lang='lat' dir='ltr'><strong>miseri·</strong></span> 
     </span>
     <span class='ocr_line' id='line_1_28' title="bbox 107 2764 1674 2847; baseline -0.001 -17"><span class='ocrx_word' id='word_1_375' title='bbox 107 2777 215 2830; x_wconf 90' lang='lat' dir='ltr'><strong>autem</strong></span> <span class='ocrx_word' id='word_1_376' title='bbox 252 2774 380 2828; x_wconf 87' lang='lat' dir='ltr'><strong>exteros</strong></span> <span class='ocrx_word' id='word_1_377' title='bbox 416 2773 449 2828; x_wconf 94' lang='lat' dir='ltr'><strong>et</strong></span> <span class='ocrx_word' id='word_1_378' title='bbox 482 2764 681 2846; x_wconf 89' lang='lat' dir='ltr'><strong>alienigenas</strong></span> <span class='ocrx_word' id='word_1_379' title='bbox 717 2764 879 2828; x_wconf 87' lang='lat' dir='ltr'><strong>adiutores</strong></span> <span class='ocrx_word' id='word_1_380' title='bbox 916 2765 986 2828; x_wconf 88' lang='lat' dir='ltr'><strong>fure</strong></span> <span class='ocrx_word' id='word_1_381' title='bbox 1022 2765 1071 2828; x_wconf 92' lang='lat' dir='ltr'><strong>in·</strong></span> <span class='ocrx_word' id='word_1_382' title='bbox 1124 2768 1252 2833; x_wconf 86' lang='lat' dir='ltr'><strong>cordiae</strong></span> <span class='ocrx_word' id='word_1_383' title='bbox 1275 2786 1351 2830; x_wconf 88' lang='lat' dir='ltr'><strong>suas</strong></span> <span class='ocrx_word' id='word_1_384' title='bbox 1374 2767 1478 2830; x_wconf 91' lang='lat' dir='ltr'><strong>locum</strong></span> <span class='ocrx_word' id='word_1_385' title='bbox 1503 2766 1674 2847; x_wconf 90' lang='lat' dir='ltr'><strong>relinquat.</strong></span> 
     </span>
     <span class='ocr_line' id='line_1_29' title="bbox 107 2847 2091 2936; baseline 0.001 -21"><span class='ocrx_word' id='word_1_386' title='bbox 107 2850 262 2915; x_wconf 89' lang='lat' dir='ltr'><strong>struendo</strong></span> <span class='ocrx_word' id='word_1_387' title='bbox 284 2850 360 2914; x_wconf 91' lang='lat' dir='ltr'><strong>huic</strong></span> <span class='ocrx_word' id='word_1_388' title='bbox 382 2847 536 2926; x_wconf 86' lang='lat' dir='ltr'><strong>aedificio,</strong></span> <span class='ocrx_word' id='word_1_389' title='bbox 559 2871 600 2912; x_wconf 88' lang='lat' dir='ltr'><strong>ne</strong></span> <span class='ocrx_word' id='word_1_390' title='bbox 618 2848 729 2912; x_wconf 92' lang='lat' dir='ltr'><strong>Iudaei</strong></span> <span class='ocrx_word' id='word_1_391' title='bbox 753 2870 811 2913; x_wconf 92' lang='lat' dir='ltr'><strong>sna</strong></span> <span class='ocrx_word' id='word_1_392' title='bbox 830 2849 992 2933; x_wconf 88' lang='lat' dir='ltr'><strong>paucitate</strong></span> <span class='ocrx_word' id='word_1_393' title='bbox 1014 2863 1072 2914; x_wconf 89' lang='lat' dir='ltr'><strong>aut</strong></span> <span class='ocrx_word' id='word_1_394' title='bbox 1212 2853 1260 2916; x_wconf 93' lang='lat' dir='ltr'><strong>ll.</strong></span> <span class='ocrx_word' id='word_1_395' title='bbox 1301 2849 1358 2936; x_wconf 77' lang='lat' dir='ltr'><strong>(Et</strong></span> <span class='ocrx_word' id='word_1_396' title='bbox 1394 2852 1571 2932; x_wconf 65' lang='lat' dir='ltr'><strong>operiemur</strong></span> <span class='ocrx_word' id='word_1_397' title='bbox 1603 2847 1737 2933; x_wconf 77' lang='lat' dir='ltr'><strong>portae)</strong></span> <span class='ocrx_word' id='word_1_398' title='bbox 1794 2847 1882 2913; x_wconf 85' lang='lat' dir='ltr'><strong>Male</strong></span> <span class='ocrx_word' id='word_1_399' title='bbox 1916 2851 2091 2932; x_wconf 89' lang='lat' dir='ltr'><strong>exponitur</strong></span> 
     </span>
     <span class='ocr_line' id='line_1_30' title="bbox 107 2934 2089 3022; baseline 0.001 -22"><span class='ocrx_word' id='word_1_400' title='bbox 107 2937 217 3020; x_wconf 91' lang='lat' dir='ltr'><strong>inopia</strong></span> <span class='ocrx_word' id='word_1_401' title='bbox 245 2936 349 2999; x_wconf 90' lang='lat' dir='ltr'><strong>territi</strong></span> <span class='ocrx_word' id='word_1_402' title='bbox 379 2937 503 3007; x_wconf 78' lang='lat' dir='ltr'><strong>animus</strong></span> <span class='ocrx_word' id='word_1_403' title='bbox 526 2934 756 3014; x_wconf 88' lang='lat' dir='ltr'><strong>despondeant.</strong></span> <span class='ocrx_word' id='word_1_404' title='bbox 800 2936 958 3000; x_wconf 89' lang='lat' dir='ltr'><strong>Poterant</strong></span> <span class='ocrx_word' id='word_1_405' title='bbox 984 2939 1070 2999; x_wconf 93' lang='lat' dir='ltr'><strong>enim</strong></span> <span class='ocrx_word' id='word_1_406' title='bbox 1126 2939 1223 3022; x_wconf 89' lang='lat' dir='ltr'><strong>vulgo</strong></span> <span class='ocrx_word' id='word_1_407' title='bbox 1254 2936 1307 3001; x_wconf 90' lang='lat' dir='ltr'><strong>hic</strong></span> <span class='ocrx_word' id='word_1_408' title='bbox 1334 2958 1459 3001; x_wconf 90' lang='lat' dir='ltr'><strong>versus.</strong></span> <span class='ocrx_word' id='word_1_409' title='bbox 1504 2937 1629 3002; x_wconf 88' lang='lat' dir='ltr'><strong>Putant</strong></span> <span class='ocrx_word' id='word_1_410' title='bbox 1657 2936 1744 2999; x_wconf 92' lang='lat' dir='ltr'><strong>enim</strong></span> <span class='ocrx_word' id='word_1_411' title='bbox 1775 2934 1951 3016; x_wconf 88' lang='lat' dir='ltr'><strong>significari</strong></span> <span class='ocrx_word' id='word_1_412' title='bbox 1974 2958 1993 2998; x_wconf 88' lang='lat' dir='ltr'><strong>a</strong></span> <span class='ocrx_word' id='word_1_413' title='bbox 2016 2956 2089 3018; x_wconf 93' lang='lat' dir='ltr'><strong>pro·</strong></span> 
     </span>
     <span class='ocr_line' id='line_1_31' title="bbox 106 3017 2090 3108; baseline 0.001 -21"><span class='ocrx_word' id='word_1_414' title='bbox 106 3024 141 3087; x_wconf 90' lang='lat' dir='ltr'><strong>in</strong></span> <span class='ocrx_word' id='word_1_415' title='bbox 174 3021 364 3104; x_wconf 84' lang='lat' dir='ltr'><strong>captivitate</strong></span> <span class='ocrx_word' id='word_1_416' title='bbox 397 3022 467 3102; x_wconf 87' lang='lat' dir='ltr'><strong>ipsa</strong></span> <span class='ocrx_word' id='word_1_417' title='bbox 499 3020 538 3084; x_wconf 92' lang='lat' dir='ltr'><strong>ad</strong></span> <span class='ocrx_word' id='word_1_418' title='bbox 573 3019 785 3084; x_wconf 90' lang='lat' dir='ltr'><strong>diffidentiam</strong></span> <span class='ocrx_word' id='word_1_419' title='bbox 819 3020 1002 3086; x_wconf 91' lang='lat' dir='ltr'><strong>sollicitari:</strong></span> <span class='ocrx_word' id='word_1_420' title='bbox 1037 3034 1071 3084; x_wconf 88' lang='lat' dir='ltr'><strong>ut</strong></span> <span class='ocrx_word' id='word_1_421' title='bbox 1123 3025 1223 3108; x_wconf 89' lang='lat' dir='ltr'><strong>pheta</strong></span> <span class='ocrx_word' id='word_1_422' title='bbox 1245 3022 1413 3087; x_wconf 89' lang='lat' dir='ltr'><strong>ecelesiam</strong></span> <span class='ocrx_word' id='word_1_423' title='bbox 1436 3021 1497 3087; x_wconf 92' lang='lat' dir='ltr'><strong>sub</strong></span> <span class='ocrx_word' id='word_1_424' title='bbox 1519 3021 1581 3085; x_wconf 87' lang='lat' dir='ltr'><strong>fido</strong></span> <span class='ocrx_word' id='word_1_425' title='bbox 1604 3031 1636 3085; x_wconf 87' lang='lat' dir='ltr'><strong>et</strong></span> <span class='ocrx_word' id='word_1_426' title='bbox 1656 3019 1757 3084; x_wconf 89' lang='lat' dir='ltr'><strong>tutela</strong></span> <span class='ocrx_word' id='word_1_427' title='bbox 1774 3017 1910 3082; x_wconf 91' lang='lat' dir='ltr'><strong>Domini</strong></span> <span class='ocrx_word' id='word_1_428' title='bbox 1932 3029 2035 3085; x_wconf 89' lang='lat' dir='ltr'><strong>tutam</strong></span> <span class='ocrx_word' id='word_1_429' title='bbox 2053 3043 2090 3088; x_wconf 89' lang='lat' dir='ltr'><strong>ae</strong></span> 
     </span>
     <span class='ocr_line' id='line_1_32' title="bbox 107 3104 2090 3190; baseline 0.001 -19"><span class='ocrx_word' id='word_1_430' title='bbox 107 3108 256 3189; x_wconf 90' lang='lat' dir='ltr'><strong>quamvis</strong></span> <span class='ocrx_word' id='word_1_431' title='bbox 285 3115 455 3188; x_wconf 88' lang='lat' dir='ltr'><strong>sperarent</strong></span> <span class='ocrx_word' id='word_1_432' title='bbox 482 3126 518 3170; x_wconf 92' lang='lat' dir='ltr'><strong>se</strong></span> <span class='ocrx_word' id='word_1_433' title='bbox 539 3104 698 3170; x_wconf 89' lang='lat' dir='ltr'><strong>redituros</strong></span> <span class='ocrx_word' id='word_1_434' title='bbox 720 3106 755 3169; x_wconf 92' lang='lat' dir='ltr'><strong>in</strong></span> <span class='ocrx_word' id='word_1_435' title='bbox 781 3108 932 3188; x_wconf 89' lang='lat' dir='ltr'><strong>patrium,</strong></span> <span class='ocrx_word' id='word_1_436' title='bbox 962 3116 1070 3170; x_wconf 85' lang='lat' dir='ltr'><strong>tamen</strong></span> <span class='ocrx_word' id='word_1_437' title='bbox 1124 3130 1271 3175; x_wconf 88' lang='lat' dir='ltr'><strong>securam</strong></span> <span class='ocrx_word' id='word_1_438' title='bbox 1291 3108 1373 3172; x_wconf 87' lang='lat' dir='ltr'><strong>l&#39;ore:</strong></span> <span class='ocrx_word' id='word_1_439' title='bbox 1396 3118 1528 3190; x_wconf 89' lang='lat' dir='ltr'><strong>apertae</strong></span> <span class='ocrx_word' id='word_1_440' title='bbox 1545 3108 1630 3172; x_wconf 92' lang='lat' dir='ltr'><strong>enim</strong></span> <span class='ocrx_word' id='word_1_441' title='bbox 1650 3116 1760 3186; x_wconf 91' lang='lat' dir='ltr'><strong>portae</strong></span> <span class='ocrx_word' id='word_1_442' title='bbox 1777 3104 1957 3186; x_wconf 90' lang='lat' dir='ltr'><strong>periculum</strong></span> <span class='ocrx_word' id='word_1_443' title='bbox 1976 3109 2090 3188; x_wconf 89' lang='lat' dir='ltr'><strong>procul</strong></span> 
     </span>
     <span class='ocr_line' id='line_1_33' title="bbox 107 3191 2091 3275; baseline 0 -17"><span class='ocrx_word' id='word_1_444' title='bbox 107 3193 188 3258; x_wconf 90' lang='lat' dir='ltr'><strong>haec</strong></span> <span class='ocrx_word' id='word_1_445' title='bbox 210 3214 229 3255; x_wconf 92' lang='lat' dir='ltr'><strong>a</strong></span> <span class='ocrx_word' id='word_1_446' title='bbox 251 3213 285 3256; x_wconf 91' lang='lat' dir='ltr'><strong>se</strong></span> <span class='ocrx_word' id='word_1_447' title='bbox 314 3191 471 3273; x_wconf 86' lang='lat' dir='ltr'><strong>praestari</strong></span> <span class='ocrx_word' id='word_1_448' title='bbox 503 3211 567 3254; x_wconf 93' lang='lat' dir='ltr'><strong>non</strong></span> <span class='ocrx_word' id='word_1_449' title='bbox 598 3210 691 3271; x_wconf 91' lang='lat' dir='ltr'><strong>posse</strong></span> <span class='ocrx_word' id='word_1_450' title='bbox 720 3192 955 3256; x_wconf 89' lang='lat' dir='ltr'><strong>existimarent.</strong></span> <span class='ocrx_word' id='word_1_451' title='bbox 999 3192 1072 3256; x_wconf 89' lang='lat' dir='ltr'><strong>Hoc</strong></span> <span class='ocrx_word' id='word_1_452' title='bbox 1124 3196 1237 3261; x_wconf 85' lang='lat' dir='ltr'><strong>abesse</strong></span> <span class='ocrx_word' id='word_1_453' title='bbox 1259 3193 1446 3258; x_wconf 86' lang='lat' dir='ltr'><strong>ostendunt.</strong></span> <span class='ocrx_word' id='word_1_454' title='bbox 1482 3191 1547 3258; x_wconf 85' lang='lat' dir='ltr'><strong>Sed</strong></span> <span class='ocrx_word' id='word_1_455' title='bbox 1566 3191 1722 3275; x_wconf 90' lang='lat' dir='ltr'><strong>propheta</strong></span> <span class='ocrx_word' id='word_1_456' title='bbox 1744 3191 1906 3271; x_wconf 89' lang='lat' dir='ltr'><strong>seipsum</strong></span> <span class='ocrx_word' id='word_1_457' title='bbox 1929 3212 2091 3273; x_wconf 90' lang='lat' dir='ltr'><strong>exponere</strong></span> 
     </span>
     <span class='ocr_line' id='line_1_34' title="bbox 107 3276 2090 3361; baseline 0 -20"><span class='ocrx_word' id='word_1_458' title='bbox 107 3289 214 3342; x_wconf 88' lang='lat' dir='ltr'><strong>autem</strong></span> <span class='ocrx_word' id='word_1_459' title='bbox 237 3277 400 3359; x_wconf 88' lang='lat' dir='ltr'><strong>praestitit</strong></span> <span class='ocrx_word' id='word_1_460' title='bbox 415 3277 531 3360; x_wconf 79' lang='lat' dir='ltr'><strong>Cyrus,</strong></span> <span class='ocrx_word' id='word_1_461' title='bbox 553 3278 607 3358; x_wconf 93' lang='lat' dir='ltr'><strong>qui</strong></span> <span class='ocrx_word' id='word_1_462' title='bbox 630 3296 781 3359; x_wconf 86' lang='lat' dir='ltr'><strong>magnam</strong></span> <span class='ocrx_word' id='word_1_463' title='bbox 804 3278 874 3341; x_wconf 90' lang='lat' dir='ltr'><strong>auri</strong></span> <span class='ocrx_word' id='word_1_464' title='bbox 895 3286 927 3340; x_wconf 90' lang='lat' dir='ltr'><strong>et</strong></span> <span class='ocrx_word' id='word_1_465' title='bbox 945 3277 1071 3359; x_wconf 89' lang='lat' dir='ltr'><strong>argenti</strong></span> <span class='ocrx_word' id='word_1_466' title='bbox 1124 3282 1204 3345; x_wconf 92' lang='lat' dir='ltr'><strong>mihi</strong></span> <span class='ocrx_word' id='word_1_467' title='bbox 1228 3278 1376 3344; x_wconf 89' lang='lat' dir='ltr'><strong>videtur:</strong></span> <span class='ocrx_word' id='word_1_468' title='bbox 1407 3289 1534 3360; x_wconf 87' lang='lat' dir='ltr'><strong>apertas</strong></span> <span class='ocrx_word' id='word_1_469' title='bbox 1556 3277 1679 3342; x_wconf 87' lang='lat' dir='ltr'><strong>seilicet</strong></span> <span class='ocrx_word' id='word_1_470' title='bbox 1708 3276 1775 3339; x_wconf 88' lang='lat' dir='ltr'><strong>fore</strong></span> <span class='ocrx_word' id='word_1_471' title='bbox 1804 3283 1924 3358; x_wconf 86' lang='lat' dir='ltr'><strong>portas,</strong></span> <span class='ocrx_word' id='word_1_472' title='bbox 1955 3288 1991 3340; x_wconf 91' lang='lat' dir='ltr'><strong>ut</strong></span> <span class='ocrx_word' id='word_1_473' title='bbox 2012 3299 2090 3361; x_wconf 87' lang='lat' dir='ltr'><strong>opes</strong></span> 
     </span>
     <span class='ocr_line' id='line_1_35' title="bbox 107 3359 2090 3446; baseline 0 -18"><span class='ocrx_word' id='word_1_474' title='bbox 107 3364 230 3445; x_wconf 91' lang='lat' dir='ltr'><strong>copiam</strong></span> <span class='ocrx_word' id='word_1_475' title='bbox 253 3363 481 3443; x_wconf 85' lang='lat' dir='ltr'><strong>suppeditavit.</strong></span> <span class='ocrx_word' id='word_1_476' title='bbox 516 3359 580 3427; x_wconf 87' lang='lat' dir='ltr'><strong>Sed</strong></span> <span class='ocrx_word' id='word_1_477' title='bbox 599 3361 634 3424; x_wconf 94' lang='lat' dir='ltr'><strong>in</strong></span> <span class='ocrx_word' id='word_1_478' title='bbox 653 3363 722 3442; x_wconf 92' lang='lat' dir='ltr'><strong>ipso</strong></span> <span class='ocrx_word' id='word_1_479' title='bbox 745 3361 825 3425; x_wconf 86' lang='lat' dir='ltr'><strong>haec</strong></span> <span class='ocrx_word' id='word_1_480' title='bbox 847 3362 1072 3426; x_wconf 92' lang='lat' dir='ltr'><strong>tantummodo</strong></span> <span class='ocrx_word' id='word_1_481' title='bbox 1124 3367 1157 3430; x_wconf 87' lang='lat' dir='ltr'><strong>iu</strong></span> <span class='ocrx_word' id='word_1_482' title='bbox 1185 3366 1349 3432; x_wconf 87' lang='lat' dir='ltr'><strong>civitatem</strong></span> <span class='ocrx_word' id='word_1_483' title='bbox 1384 3364 1593 3446; x_wconf 91' lang='lat' dir='ltr'><strong>undiquaque</strong></span> <span class='ocrx_word' id='word_1_484' title='bbox 1626 3360 1841 3425; x_wconf 82' lang='lat' dir='ltr'><strong>advehuntur.</strong></span> <span class='ocrx_word' id='word_1_485' title='bbox 1894 3360 1980 3439; x_wconf 75' lang='lat' dir='ltr'><strong>Quia</strong></span> <span class='ocrx_word' id='word_1_486' title='bbox 2011 3385 2090 3429; x_wconf 92' lang='lat' dir='ltr'><strong>vero</strong></span> 
     </span>
     <span class='ocr_line' id='line_1_36' title="bbox 107 3446 2088 3532; baseline -0.001 -22"><span class='ocrx_word' id='word_1_487' title='bbox 107 3448 296 3513; x_wconf 88' lang='lat' dir='ltr'><strong>adumbrata</strong></span> <span class='ocrx_word' id='word_1_488' title='bbox 327 3448 475 3512; x_wconf 87' lang='lat' dir='ltr'><strong>fuerunt:</strong></span> <span class='ocrx_word' id='word_1_489' title='bbox 508 3468 582 3511; x_wconf 89' lang='lat' dir='ltr'><strong>vere</strong></span> <span class='ocrx_word' id='word_1_490' title='bbox 604 3448 738 3528; x_wconf 90' lang='lat' dir='ltr'><strong>impleta</strong></span> <span class='ocrx_word' id='word_1_491' title='bbox 765 3458 843 3510; x_wconf 90' lang='lat' dir='ltr'><strong>sunt</strong></span> <span class='ocrx_word' id='word_1_492' title='bbox 873 3448 906 3509; x_wconf 92' lang='lat' dir='ltr'><strong>in</strong></span> <span class='ocrx_word' id='word_1_493' title='bbox 930 3446 1072 3526; x_wconf 85' lang='lat' dir='ltr'><strong>Christo,</strong></span> <span class='ocrx_word' id='word_1_494' title='bbox 1124 3451 1265 3515; x_wconf 90' lang='lat' dir='ltr'><strong>interdiu</strong></span> <span class='ocrx_word' id='word_1_495' title='bbox 1288 3451 1410 3532; x_wconf 88' lang='lat' dir='ltr'><strong>portari</strong></span> <span class='ocrx_word' id='word_1_496' title='bbox 1433 3469 1532 3514; x_wconf 91' lang='lat' dir='ltr'><strong>onera</strong></span> <span class='ocrx_word' id='word_1_497' title='bbox 1555 3448 1669 3522; x_wconf 91' lang='lat' dir='ltr'><strong>solent,</strong></span> <span class='ocrx_word' id='word_1_498' title='bbox 1693 3447 1770 3522; x_wconf 87' lang='lat' dir='ltr'><strong>dies,</strong></span> <span class='ocrx_word' id='word_1_499' title='bbox 1793 3446 1911 3528; x_wconf 89' lang='lat' dir='ltr'><strong>inquit,</strong></span> <span class='ocrx_word' id='word_1_500' title='bbox 1934 3467 1998 3510; x_wconf 95' lang='lat' dir='ltr'><strong>non</strong></span> <span class='ocrx_word' id='word_1_501' title='bbox 2022 3450 2088 3513; x_wconf 84' lang='lat' dir='ltr'><strong>suf-</strong></span> 
     </span>
     <span class='ocr_line' id='line_1_37' title="bbox 106 3532 2089 3615; baseline 0.001 -18"><span class='ocrx_word' id='word_1_502' title='bbox 106 3534 146 3597; x_wconf 91' lang='lat' dir='ltr'><strong>ad</strong></span> <span class='ocrx_word' id='word_1_503' title='bbox 183 3534 274 3598; x_wconf 87' lang='lat' dir='ltr'><strong>ouius</strong></span> <span class='ocrx_word' id='word_1_504' title='bbox 311 3553 447 3615; x_wconf 87' lang='lat' dir='ltr'><strong>regnum</strong></span> <span class='ocrx_word' id='word_1_505' title='bbox 485 3532 565 3597; x_wconf 90' lang='lat' dir='ltr'><strong>haec</strong></span> <span class='ocrx_word' id='word_1_506' title='bbox 601 3533 733 3597; x_wconf 92' lang='lat' dir='ltr'><strong>omnino</strong></span> <span class='ocrx_word' id='word_1_507' title='bbox 771 3533 902 3596; x_wconf 86' lang='lat' dir='ltr'><strong>extendi</strong></span> <span class='ocrx_word' id='word_1_508' title='bbox 943 3532 1072 3597; x_wconf 86' lang='lat' dir='ltr'><strong>debent.</strong></span> <span class='ocrx_word' id='word_1_509' title='bbox 1123 3537 1225 3607; x_wconf 86' lang='lat' dir='ltr'><strong>ficiet,</strong></span> <span class='ocrx_word' id='word_1_510' title='bbox 1255 3535 1334 3599; x_wconf 90' lang='lat' dir='ltr'><strong>adeo</strong></span> <span class='ocrx_word' id='word_1_511' title='bbox 1364 3535 1514 3615; x_wconf 80' lang='lat' dir='ltr'><strong>frequens</strong></span> <span class='ocrx_word' id='word_1_512' title='bbox 1545 3534 1607 3596; x_wconf 90' lang='lat' dir='ltr'><strong>erit</strong></span> <span class='ocrx_word' id='word_1_513' title='bbox 1635 3551 1812 3596; x_wconf 87' lang='lat' dir='ltr'><strong>concursus</strong></span> <span class='ocrx_word' id='word_1_514' title='bbox 1842 3534 2089 3615; x_wconf 90' lang='lat' dir='ltr'><strong>eorumquiin</strong></span> 
     </span>
     <span class='ocr_line' id='line_1_38' title="bbox 107 3615 2091 3703; baseline 0.001 -20"><span class='ocrx_word' id='word_1_515' title='bbox 107 3619 226 3684; x_wconf 90' lang='lat' dir='ltr'><strong>Paucis</strong></span> <span class='ocrx_word' id='word_1_516' title='bbox 255 3618 343 3682; x_wconf 93' lang='lat' dir='ltr'><strong>enim</strong></span> <span class='ocrx_word' id='word_1_517' title='bbox 373 3619 525 3701; x_wconf 87' lang='lat' dir='ltr'><strong>apostolis</strong></span> <span class='ocrx_word' id='word_1_518' title='bbox 554 3621 692 3700; x_wconf 92' lang='lat' dir='ltr'><strong>primum</strong></span> <span class='ocrx_word' id='word_1_519' title='bbox 723 3639 801 3682; x_wconf 92' lang='lat' dir='ltr'><strong>usus</strong></span> <span class='ocrx_word' id='word_1_520' title='bbox 831 3628 880 3682; x_wconf 89' lang='lat' dir='ltr'><strong>est</strong></span> <span class='ocrx_word' id='word_1_521' title='bbox 909 3616 1071 3693; x_wconf 83' lang='lat' dir='ltr'><strong>Christus,</strong></span> <span class='ocrx_word' id='word_1_522' title='bbox 1123 3623 1226 3703; x_wconf 91' lang='lat' dir='ltr'><strong>ipsam</strong></span> <span class='ocrx_word' id='word_1_523' title='bbox 1251 3621 1407 3701; x_wconf 88' lang='lat' dir='ltr'><strong>pretiosos</strong></span> <span class='ocrx_word' id='word_1_524' title='bbox 1430 3620 1599 3682; x_wconf 87' lang='lat' dir='ltr'><strong>thesauros</strong></span> <span class='ocrx_word' id='word_1_525' title='bbox 1618 3616 1789 3680; x_wconf 84' lang='lat' dir='ltr'><strong>advehant.</strong></span> <span class='ocrx_word' id='word_1_526' title='bbox 1824 3615 1938 3698; x_wconf 89' lang='lat' dir='ltr'><strong>Itaque</strong></span> <span class='ocrx_word' id='word_1_527' title='bbox 1960 3619 2091 3684; x_wconf 89' lang='lat' dir='ltr'><strong>assidua</strong></span> 
     </span>
     <span class='ocr_line' id='line_1_39' title="bbox 108 3700 2090 3788; baseline 0.001 -20"><span class='ocrx_word' id='word_1_528' title='bbox 108 3706 163 3788; x_wconf 92' lang='lat' dir='ltr'><strong>qui</strong></span> <span class='ocrx_word' id='word_1_529' title='bbox 186 3713 276 3768; x_wconf 90' lang='lat' dir='ltr'><strong>tanto</strong></span> <span class='ocrx_word' id='word_1_530' title='bbox 299 3706 390 3786; x_wconf 90' lang='lat' dir='ltr'><strong>operi</strong></span> <span class='ocrx_word' id='word_1_531' title='bbox 412 3703 561 3769; x_wconf 83' lang='lat' dir='ltr'><strong>sufficere</strong></span> <span class='ocrx_word' id='word_1_532' title='bbox 583 3723 647 3767; x_wconf 94' lang='lat' dir='ltr'><strong>non</strong></span> <span class='ocrx_word' id='word_1_533' title='bbox 667 3704 864 3785; x_wconf 88' lang='lat' dir='ltr'><strong>potuissent:</strong></span> <span class='ocrx_word' id='word_1_534' title='bbox 887 3701 942 3766; x_wconf 92' lang='lat' dir='ltr'><strong>sed</strong></span> <span class='ocrx_word' id='word_1_535' title='bbox 961 3703 1071 3766; x_wconf 90' lang='lat' dir='ltr'><strong>alieni·</strong></span> <span class='ocrx_word' id='word_1_536' title='bbox 1124 3708 1186 3771; x_wconf 88' lang='lat' dir='ltr'><strong>erit</strong></span> <span class='ocrx_word' id='word_1_537' title='bbox 1208 3716 1351 3782; x_wconf 87' lang='lat' dir='ltr'><strong>vectura,</strong></span> <span class='ocrx_word' id='word_1_538' title='bbox 1373 3707 1419 3768; x_wconf 87' lang='lat' dir='ltr'><strong>ite</strong></span> <span class='ocrx_word' id='word_1_539' title='bbox 1442 3715 1477 3767; x_wconf 91' lang='lat' dir='ltr'><strong>ut</strong></span> <span class='ocrx_word' id='word_1_540' title='bbox 1499 3703 1620 3785; x_wconf 85' lang='lat' dir='ltr'><strong>apertis</strong></span> <span class='ocrx_word' id='word_1_541' title='bbox 1642 3712 1737 3765; x_wconf 90' lang='lat' dir='ltr'><strong>noete</strong></span> <span class='ocrx_word' id='word_1_542' title='bbox 1760 3710 1791 3764; x_wconf 89' lang='lat' dir='ltr'><strong>et</strong></span> <span class='ocrx_word' id='word_1_543' title='bbox 1815 3700 1866 3764; x_wconf 92' lang='lat' dir='ltr'><strong>die</strong></span> <span class='ocrx_word' id='word_1_544' title='bbox 1888 3704 1988 3783; x_wconf 88' lang='lat' dir='ltr'><strong>portis</strong></span> <span class='ocrx_word' id='word_1_545' title='bbox 2010 3725 2090 3787; x_wconf 91' lang='lat' dir='ltr'><strong>opus</strong></span> 
     </span>
     <span class='ocr_line' id='line_1_40' title="bbox 107 3786 2091 3873; baseline 0.001 -20"><span class='ocrx_word' id='word_1_546' title='bbox 107 3810 208 3873; x_wconf 87' lang='lat' dir='ltr'><strong>genas</strong></span> <span class='ocrx_word' id='word_1_547' title='bbox 231 3788 346 3853; x_wconf 89' lang='lat' dir='ltr'><strong>deinde</strong></span> <span class='ocrx_word' id='word_1_548' title='bbox 368 3791 536 3863; x_wconf 84' lang='lat' dir='ltr'><strong>excitavit,</strong></span> <span class='ocrx_word' id='word_1_549' title='bbox 567 3789 746 3870; x_wconf 87' lang='lat' dir='ltr'><strong>exquibus</strong></span> <span class='ocrx_word' id='word_1_550' title='bbox 776 3787 896 3870; x_wconf 89' lang='lat' dir='ltr'><strong>delegit</strong></span> <span class='ocrx_word' id='word_1_551' title='bbox 917 3800 1072 3869; x_wconf 90' lang='lat' dir='ltr'><strong>pastores,</strong></span> <span class='ocrx_word' id='word_1_552' title='bbox 1123 3794 1175 3856; x_wconf 89' lang='lat' dir='ltr'><strong>sit.</strong></span> <span class='ocrx_word' id='word_1_553' title='bbox 1225 3789 1320 3870; x_wconf 81' lang='lat' dir='ltr'><strong>Quod</strong></span> <span class='ocrx_word' id='word_1_554' title='bbox 1350 3810 1427 3871; x_wconf 92' lang='lat' dir='ltr'><strong>opes</strong></span> <span class='ocrx_word' id='word_1_555' title='bbox 1457 3790 1604 3872; x_wconf 89' lang='lat' dir='ltr'><strong>gentium</strong></span> <span class='ocrx_word' id='word_1_556' title='bbox 1638 3787 1790 3851; x_wconf 89' lang='lat' dir='ltr'><strong>eeclesiae</strong></span> <span class='ocrx_word' id='word_1_557' title='bbox 1823 3786 1891 3850; x_wconf 89' lang='lat' dir='ltr'><strong>fore</strong></span> <span class='ocrx_word' id='word_1_558' title='bbox 1921 3787 2015 3867; x_wconf 89' lang='lat' dir='ltr'><strong>dicit,</strong></span> <span class='ocrx_word' id='word_1_559' title='bbox 2048 3812 2091 3854; x_wconf 92' lang='lat' dir='ltr'><strong>ne</strong></span> 
     </span>
     <span class='ocr_line' id='line_1_41' title="bbox 108 3870 2089 3957; baseline 0.001 -19"><span class='ocrx_word' id='word_1_560' title='bbox 108 3884 203 3956; x_wconf 88' lang='lat' dir='ltr'><strong>atque</strong></span> <span class='ocrx_word' id='word_1_561' title='bbox 232 3883 360 3938; x_wconf 87' lang='lat' dir='ltr'><strong>exteros</strong></span> <span class='ocrx_word' id='word_1_562' title='bbox 388 3895 500 3939; x_wconf 89' lang='lat' dir='ltr'><strong>eornm</strong></span> <span class='ocrx_word' id='word_1_563' title='bbox 530 3875 707 3957; x_wconf 88' lang='lat' dir='ltr'><strong>principes,</strong></span> <span class='ocrx_word' id='word_1_564' title='bbox 739 3873 891 3938; x_wconf 88' lang='lat' dir='ltr'><strong>ecelesiae</strong></span> <span class='ocrx_word' id='word_1_565' title='bbox 922 3873 1071 3938; x_wconf 89' lang='lat' dir='ltr'><strong>alumnos</strong></span> <span class='ocrx_word' id='word_1_566' title='bbox 1124 3877 1301 3942; x_wconf 88' lang='lat' dir='ltr'><strong>referamus</strong></span> <span class='ocrx_word' id='word_1_567' title='bbox 1331 3875 1371 3938; x_wconf 91' lang='lat' dir='ltr'><strong>ad</strong></span> <span class='ocrx_word' id='word_1_568' title='bbox 1398 3875 1511 3937; x_wconf 90' lang='lat' dir='ltr'><strong>luxum</strong></span> <span class='ocrx_word' id='word_1_569' title='bbox 1539 3873 1718 3951; x_wconf 89' lang='lat' dir='ltr'><strong>carnalem,</strong></span> <span class='ocrx_word' id='word_1_570' title='bbox 1748 3871 1805 3936; x_wconf 94' lang='lat' dir='ltr'><strong>sed</strong></span> <span class='ocrx_word' id='word_1_571' title='bbox 1827 3870 1867 3935; x_wconf 93' lang='lat' dir='ltr'><strong>ad</strong></span> <span class='ocrx_word' id='word_1_572' title='bbox 1890 3874 2089 3956; x_wconf 88' lang='lat' dir='ltr'><strong>obsequium,</strong></span> 
     </span>
     <span class='ocr_line' id='line_1_42' title="bbox 107 3957 2087 4044; baseline 0.001 -19"><span class='ocrx_word' id='word_1_573' title='bbox 107 3981 177 4025; x_wconf 88' lang='lat' dir='ltr'><strong>esse</strong></span> <span class='ocrx_word' id='word_1_574' title='bbox 199 3959 314 4024; x_wconf 91' lang='lat' dir='ltr'><strong>voluit.</strong></span> <span class='ocrx_word' id='word_1_575' title='bbox 360 3960 512 4041; x_wconf 86' lang='lat' dir='ltr'><strong>Papistae</strong></span> <span class='ocrx_word' id='word_1_576' title='bbox 534 3961 631 4023; x_wconf 90' lang='lat' dir='ltr'><strong>nimis</strong></span> <span class='ocrx_word' id='word_1_577' title='bbox 653 3959 798 4042; x_wconf 88' lang='lat' dir='ltr'><strong>improbe</strong></span> <span class='ocrx_word' id='word_1_578' title='bbox 820 3969 1013 4042; x_wconf 89' lang='lat' dir='ltr'><strong>pervertunt</strong></span> <span class='ocrx_word' id='word_1_579' title='bbox 1035 3981 1071 4024; x_wconf 87' lang='lat' dir='ltr'><strong>ue</strong></span> <span class='ocrx_word' id='word_1_580' title='bbox 1123 3964 1207 4044; x_wconf 89' lang='lat' dir='ltr'><strong>quod</strong></span> <span class='ocrx_word' id='word_1_581' title='bbox 1232 3962 1404 4025; x_wconf 89' lang='lat' dir='ltr'><strong>universus</strong></span> <span class='ocrx_word' id='word_1_582' title='bbox 1428 3959 1568 4023; x_wconf 92' lang='lat' dir='ltr'><strong>mundus</strong></span> <span class='ocrx_word' id='word_1_583' title='bbox 1592 3957 1664 4022; x_wconf 92' lang='lat' dir='ltr'><strong>Deo</strong></span> <span class='ocrx_word' id='word_1_584' title='bbox 1686 3959 1719 4021; x_wconf 92' lang='lat' dir='ltr'><strong>in</strong></span> <span class='ocrx_word' id='word_1_585' title='bbox 1743 3958 1877 4023; x_wconf 88' lang='lat' dir='ltr'><strong>ecelesia</strong></span> <span class='ocrx_word' id='word_1_586' title='bbox 1900 3961 2087 4039; x_wconf 89' lang='lat' dir='ltr'><strong>praestabit.</strong></span> 
     </span>
     <span class='ocr_line' id='line_1_43' title="bbox 106 4043 2087 4129; baseline 0.001 -19"><span class='ocrx_word' id='word_1_587' title='bbox 106 4052 322 4128; x_wconf 89' lang='lat' dir='ltr'><strong>corrumpunt</strong></span> <span class='ocrx_word' id='word_1_588' title='bbox 341 4044 428 4108; x_wconf 91' lang='lat' dir='ltr'><strong>hune</strong></span> <span class='ocrx_word' id='word_1_589' title='bbox 447 4044 564 4118; x_wconf 89' lang='lat' dir='ltr'><strong>locum,</strong></span> <span class='ocrx_word' id='word_1_590' title='bbox 588 4043 664 4108; x_wconf 91' lang='lat' dir='ltr'><strong>dum</strong></span> <span class='ocrx_word' id='word_1_591' title='bbox 683 4044 724 4108; x_wconf 90' lang='lat' dir='ltr'><strong>ad</strong></span> <span class='ocrx_word' id='word_1_592' title='bbox 743 4046 949 4128; x_wconf 82' lang='lat' dir='ltr'><strong>tyrannidem</strong></span> <span class='ocrx_word' id='word_1_593' title='bbox 970 4065 1070 4126; x_wconf 89' lang='lat' dir='ltr'><strong>papae</strong></span> <span class='ocrx_word' id='word_1_594' title='bbox 1123 4048 1218 4128; x_wconf 80' lang='lat' dir='ltr'><strong>Quod</strong></span> <span class='ocrx_word' id='word_1_595' title='bbox 1242 4047 1328 4110; x_wconf 91' lang='lat' dir='ltr'><strong>euim</strong></span> <span class='ocrx_word' id='word_1_596' title='bbox 1354 4044 1423 4109; x_wconf 90' lang='lat' dir='ltr'><strong>Deo</strong></span> <span class='ocrx_word' id='word_1_597' title='bbox 1446 4044 1590 4122; x_wconf 87' lang='lat' dir='ltr'><strong>offertur,</strong></span> <span class='ocrx_word' id='word_1_598' title='bbox 1621 4043 1773 4109; x_wconf 88' lang='lat' dir='ltr'><strong>eeclesiae</strong></span> <span class='ocrx_word' id='word_1_599' title='bbox 1797 4064 1865 4107; x_wconf 91' lang='lat' dir='ltr'><strong>esse</strong></span> <span class='ocrx_word' id='word_1_600' title='bbox 1890 4045 1979 4110; x_wconf 89' lang='lat' dir='ltr'><strong>dicit:</strong></span> <span class='ocrx_word' id='word_1_601' title='bbox 2010 4067 2087 4129; x_wconf 92' lang='lat' dir='ltr'><strong>quo·</strong></span> 
     </span>
     <span class='ocr_line' id='line_1_44' title="bbox 106 4128 1995 4212; baseline -0.001 -16"><span class='ocrx_word' id='word_1_602' title='bbox 106 4130 331 4196; x_wconf 87' lang='lat' dir='ltr'><strong>stabiliendam</strong></span> <span class='ocrx_word' id='word_1_603' title='bbox 369 4132 476 4212; x_wconf 93' lang='lat' dir='ltr'><strong>ipsum</strong></span> <span class='ocrx_word' id='word_1_604' title='bbox 514 4128 715 4212; x_wconf 88' lang='lat' dir='ltr'><strong>detorquent.</strong></span> <span class='ocrx_word' id='word_1_605' title='bbox 774 4129 945 4196; x_wconf 83' lang='lat' dir='ltr'><strong>Summam</strong></span> <span class='ocrx_word' id='word_1_606' title='bbox 983 4133 1069 4194; x_wconf 91' lang='lat' dir='ltr'><strong>enim</strong></span> <span class='ocrx_word' id='word_1_607' title='bbox 1123 4136 1209 4197; x_wconf 90' lang='lat' dir='ltr'><strong>niam</strong></span> <span class='ocrx_word' id='word_1_608' title='bbox 1233 4133 1286 4196; x_wconf 90' lang='lat' dir='ltr'><strong>hie</strong></span> <span class='ocrx_word' id='word_1_609' title='bbox 1307 4130 1398 4194; x_wconf 89' lang='lat' dir='ltr'><strong>Deus</strong></span> <span class='ocrx_word' id='word_1_610' title='bbox 1421 4131 1502 4194; x_wconf 90' lang='lat' dir='ltr'><strong>nihil</strong></span> <span class='ocrx_word' id='word_1_611' title='bbox 1525 4132 1565 4194; x_wconf 95' lang='lat' dir='ltr'><strong>ab</strong></span> <span class='ocrx_word' id='word_1_612' title='bbox 1588 4131 1658 4212; x_wconf 88' lang='lat' dir='ltr'><strong>ipsa</strong></span> <span class='ocrx_word' id='word_1_613' title='bbox 1680 4140 1865 4211; x_wconf 87' lang='lat' dir='ltr'><strong>separatum</strong></span> <span class='ocrx_word' id='word_1_614' title='bbox 1889 4130 1995 4195; x_wconf 89' lang='lat' dir='ltr'><strong>habet.</strong></span> 
     </span>
     <span class='ocr_line' id='line_1_45' title="bbox 105 4214 2085 4303; baseline 0 -22"><span class='ocrx_word' id='word_1_615' title='bbox 105 4226 297 4300; x_wconf 89' lang='lat' dir='ltr'><strong>potestatem</strong></span> <span class='ocrx_word' id='word_1_616' title='bbox 316 4218 350 4280; x_wconf 94' lang='lat' dir='ltr'><strong>in</strong></span> <span class='ocrx_word' id='word_1_617' title='bbox 369 4237 462 4299; x_wconf 85' lang='lat' dir='ltr'><strong>reges</strong></span> <span class='ocrx_word' id='word_1_618' title='bbox 480 4237 518 4280; x_wconf 90' lang='lat' dir='ltr'><strong>ao</strong></span> <span class='ocrx_word' id='word_1_619' title='bbox 535 4216 696 4297; x_wconf 89' lang='lat' dir='ltr'><strong>principes</strong></span> <span class='ocrx_word' id='word_1_620' title='bbox 715 4237 828 4279; x_wconf 92' lang='lat' dir='ltr'><strong>omnes</strong></span> <span class='ocrx_word' id='word_1_621' title='bbox 847 4236 944 4298; x_wconf 85' lang='lat' dir='ltr'><strong>pones</strong></span> <span class='ocrx_word' id='word_1_622' title='bbox 962 4216 1068 4297; x_wconf 92' lang='lat' dir='ltr'><strong>ipsum</strong></span> <span class='ocrx_word' id='word_1_623' title='bbox 1209 4217 1322 4303; x_wconf 68' lang='lat' dir='ltr'><strong>(Reges</strong></span> <span class='ocrx_word' id='word_1_624' title='bbox 1343 4236 1449 4281; x_wconf 82' lang='lat' dir='ltr'><strong>eoram</strong></span> <span class='ocrx_word' id='word_1_625' title='bbox 1468 4216 1575 4301; x_wconf 78' lang='lat' dir='ltr'><strong>ducti.)</strong></span> <span class='ocrx_word' id='word_1_626' title='bbox 1609 4215 1696 4279; x_wconf 82' lang='lat' dir='ltr'><strong>Malo</strong></span> <span class='ocrx_word' id='word_1_627' title='bbox 1718 4214 1857 4278; x_wconf 87' lang='lat' dir='ltr'><strong>retinere</strong></span> <span class='ocrx_word' id='word_1_628' title='bbox 1878 4217 2085 4298; x_wconf 90' lang='lat' dir='ltr'><strong>participium</strong></span> 
     </span>
     <span class='ocr_line' id='line_1_46' title="bbox 106 4299 2086 4384; baseline -0.001 -17"><span class='ocrx_word' id='word_1_629' title='bbox 106 4324 177 4367; x_wconf 89' lang='lat' dir='ltr'><strong>esse</strong></span> <span class='ocrx_word' id='word_1_630' title='bbox 209 4302 342 4366; x_wconf 90' lang='lat' dir='ltr'><strong>volunt:</strong></span> <span class='ocrx_word' id='word_1_631' title='bbox 383 4316 479 4383; x_wconf 88' lang='lat' dir='ltr'><strong>atque</strong></span> <span class='ocrx_word' id='word_1_632' title='bbox 511 4302 544 4365; x_wconf 92' lang='lat' dir='ltr'><strong>in</strong></span> <span class='ocrx_word' id='word_1_633' title='bbox 578 4299 638 4364; x_wconf 91' lang='lat' dir='ltr'><strong>hoc</strong></span> <span class='ocrx_word' id='word_1_634' title='bbox 673 4300 878 4382; x_wconf 88' lang='lat' dir='ltr'><strong>impudenter</strong></span> <span class='ocrx_word' id='word_1_635' title='bbox 910 4301 1069 4365; x_wconf 90' lang='lat' dir='ltr'><strong>vicarium</strong></span> <span class='ocrx_word' id='word_1_636' title='bbox 1121 4324 1185 4384; x_wconf 91' lang='lat' dir='ltr'><strong>quo</strong></span> <span class='ocrx_word' id='word_1_637' title='bbox 1207 4303 1310 4366; x_wconf 92' lang='lat' dir='ltr'><strong>utitur</strong></span> <span class='ocrx_word' id='word_1_638' title='bbox 1333 4302 1498 4383; x_wconf 90' lang='lat' dir='ltr'><strong>propbeta,</strong></span> <span class='ocrx_word' id='word_1_639' title='bbox 1522 4322 1618 4383; x_wconf 88' lang='lat' dir='ltr'><strong>quem</strong></span> <span class='ocrx_word' id='word_1_640' title='bbox 1642 4301 1731 4381; x_wconf 92' lang='lat' dir='ltr'><strong>sequi</strong></span> <span class='ocrx_word' id='word_1_641' title='bbox 1752 4302 1931 4381; x_wconf 90' lang='lat' dir='ltr'><strong>eosquiin</strong></span> <span class='ocrx_word' id='word_1_642' title='bbox 1951 4303 2086 4365; x_wconf 91' lang='lat' dir='ltr'><strong>verbum</strong></span> 
     </span>
     <span class='ocr_line' id='line_1_47' title="bbox 107 4385 2086 4468; baseline -0.001 -16"><span class='ocrx_word' id='word_1_643' title='bbox 107 4387 232 4452; x_wconf 85' lang='lat' dir='ltr'><strong>Ohristi</strong></span> <span class='ocrx_word' id='word_1_644' title='bbox 253 4409 323 4452; x_wconf 89' lang='lat' dir='ltr'><strong>esse</strong></span> <span class='ocrx_word' id='word_1_645' title='bbox 345 4388 561 4451; x_wconf 90' lang='lat' dir='ltr'><strong>mentiuntur.</strong></span> <span class='ocrx_word' id='word_1_646' title='bbox 593 4385 661 4451; x_wconf 90' lang='lat' dir='ltr'><strong>Neo</strong></span> <span class='ocrx_word' id='word_1_647' title='bbox 683 4388 768 4450; x_wconf 91' lang='lat' dir='ltr'><strong>enim</strong></span> <span class='ocrx_word' id='word_1_648' title='bbox 788 4386 910 4451; x_wconf 78' lang='lat' dir='ltr'><strong>Christi</strong></span> <span class='ocrx_word' id='word_1_649' title='bbox 934 4407 1069 4468; x_wconf 88' lang='lat' dir='ltr'><strong>regnum</strong></span> <span class='ocrx_word' id='word_1_650' title='bbox 1122 4389 1297 4453; x_wconf 91' lang='lat' dir='ltr'><strong>resolvunt.</strong></span> <span class='ocrx_word' id='word_1_651' title='bbox 1342 4386 1532 4468; x_wconf 87' lang='lat' dir='ltr'><strong>Depravant</strong></span> <span class='ocrx_word' id='word_1_652' title='bbox 1554 4388 1642 4450; x_wconf 94' lang='lat' dir='ltr'><strong>enim</strong></span> <span class='ocrx_word' id='word_1_653' title='bbox 1665 4386 1841 4467; x_wconf 88' lang='lat' dir='ltr'><strong>prophetae</strong></span> <span class='ocrx_word' id='word_1_654' title='bbox 1864 4406 2005 4464; x_wconf 88' lang='lat' dir='ltr'><strong>sensum,</strong></span> <span class='ocrx_word' id='word_1_655' title='bbox 2032 4389 2086 4468; x_wconf 93' lang='lat' dir='ltr'><strong>qui</strong></span> 
     </span>
     <span class='ocr_line' id='line_1_48' title="bbox 106 4471 2086 4554; baseline 0.001 -19"><span class='ocrx_word' id='word_1_656' title='bbox 106 4484 156 4537; x_wconf 90' lang='lat' dir='ltr'><strong>est</strong></span> <span class='ocrx_word' id='word_1_657' title='bbox 177 4473 217 4536; x_wconf 89' lang='lat' dir='ltr'><strong>de</strong></span> <span class='ocrx_word' id='word_1_658' title='bbox 239 4473 299 4538; x_wconf 92' lang='lat' dir='ltr'><strong>hoo</strong></span> <span class='ocrx_word' id='word_1_659' title='bbox 320 4474 460 4537; x_wconf 91' lang='lat' dir='ltr'><strong>mundo:</strong></span> <span class='ocrx_word' id='word_1_660' title='bbox 487 4473 542 4536; x_wconf 91' lang='lat' dir='ltr'><strong>ille</strong></span> <span class='ocrx_word' id='word_1_661' title='bbox 564 4471 699 4536; x_wconf 91' lang='lat' dir='ltr'><strong>barbare</strong></span> <span class='ocrx_word' id='word_1_662' title='bbox 721 4484 755 4535; x_wconf 92' lang='lat' dir='ltr'><strong>et</strong></span> <span class='ocrx_word' id='word_1_663' title='bbox 777 4473 946 4554; x_wconf 82' lang='lat' dir='ltr'><strong>tyrannice</strong></span> <span class='ocrx_word' id='word_1_664' title='bbox 968 4472 1069 4536; x_wconf 92' lang='lat' dir='ltr'><strong>domi·</strong></span> <span class='ocrx_word' id='word_1_665' title='bbox 1123 4475 1183 4538; x_wconf 90' lang='lat' dir='ltr'><strong>boo</strong></span> <span class='ocrx_word' id='word_1_666' title='bbox 1204 4472 1351 4538; x_wconf 88' lang='lat' dir='ltr'><strong>consulto</strong></span> <span class='ocrx_word' id='word_1_667' title='bbox 1373 4472 1512 4551; x_wconf 90' lang='lat' dir='ltr'><strong>addidit,</strong></span> <span class='ocrx_word' id='word_1_668' title='bbox 1545 4472 1696 4554; x_wconf 91' lang='lat' dir='ltr'><strong>quoniam</strong></span> <span class='ocrx_word' id='word_1_669' title='bbox 1720 4482 1810 4534; x_wconf 88' lang='lat' dir='ltr'><strong>tanta</strong></span> <span class='ocrx_word' id='word_1_670' title='bbox 1834 4483 1883 4536; x_wconf 91' lang='lat' dir='ltr'><strong>est</strong></span> <span class='ocrx_word' id='word_1_671' title='bbox 1906 4492 2020 4553; x_wconf 89' lang='lat' dir='ltr'><strong>regum</strong></span> <span class='ocrx_word' id='word_1_672' title='bbox 2042 4473 2086 4536; x_wconf 89' lang='lat' dir='ltr'><strong>fe·</strong></span> 
     </span>
     <span class='ocr_line' id='line_1_49' title="bbox 106 4556 2086 4639; baseline 0 -18"><span class='ocrx_word' id='word_1_673' title='bbox 106 4567 220 4634; x_wconf 92' lang='lat' dir='ltr'><strong>natur,</strong></span> <span class='ocrx_word' id='word_1_674' title='bbox 260 4569 357 4638; x_wconf 91' lang='lat' dir='ltr'><strong>atque</strong></span> <span class='ocrx_word' id='word_1_675' title='bbox 396 4559 559 4624; x_wconf 90' lang='lat' dir='ltr'><strong>licentiam</strong></span> <span class='ocrx_word' id='word_1_676' title='bbox 601 4557 747 4621; x_wconf 90' lang='lat' dir='ltr'><strong>mutandi</strong></span> <span class='ocrx_word' id='word_1_677' title='bbox 784 4567 816 4620; x_wconf 90' lang='lat' dir='ltr'><strong>et</strong></span> <span class='ocrx_word' id='word_1_678' title='bbox 853 4558 1069 4621; x_wconf 90' lang='lat' dir='ltr'><strong>transferendi</strong></span> <span class='ocrx_word' id='word_1_679' title='bbox 1122 4560 1209 4625; x_wconf 92' lang='lat' dir='ltr'><strong>rocia</strong></span> <span class='ocrx_word' id='word_1_680' title='bbox 1239 4566 1276 4622; x_wconf 88' lang='lat' dir='ltr'><strong>ut</strong></span> <span class='ocrx_word' id='word_1_681' title='bbox 1304 4557 1435 4623; x_wconf 84' lang='lat' dir='ltr'><strong>seduci</strong></span> <span class='ocrx_word' id='word_1_682' title='bbox 1460 4559 1515 4623; x_wconf 87' lang='lat' dir='ltr'><strong>vix</strong></span> <span class='ocrx_word' id='word_1_683' title='bbox 1544 4558 1728 4639; x_wconf 90' lang='lat' dir='ltr'><strong>patiantur:</strong></span> <span class='ocrx_word' id='word_1_684' title='bbox 1763 4556 1840 4638; x_wconf 94' lang='lat' dir='ltr'><strong>quin</strong></span> <span class='ocrx_word' id='word_1_685' title='bbox 1876 4558 1980 4638; x_wconf 88' lang='lat' dir='ltr'><strong>potius</strong></span> <span class='ocrx_word' id='word_1_686' title='bbox 2013 4559 2086 4621; x_wconf 90' lang='lat' dir='ltr'><strong>freti</strong></span> 
     </span>
     <span class='ocr_line' id='line_1_50' title="bbox 105 4642 2085 4726; baseline -0.001 -19"><span class='ocrx_word' id='word_1_687' title='bbox 105 4662 209 4725; x_wconf 84' lang='lat' dir='ltr'><strong>regna</strong></span> <span class='ocrx_word' id='word_1_688' title='bbox 247 4653 390 4725; x_wconf 91' lang='lat' dir='ltr'><strong>usurpat.</strong></span> <span class='ocrx_word' id='word_1_689' title='bbox 447 4645 549 4726; x_wconf 87' lang='lat' dir='ltr'><strong>Atqui</strong></span> <span class='ocrx_word' id='word_1_690' title='bbox 590 4664 682 4726; x_wconf 90' lang='lat' dir='ltr'><strong>reges</strong></span> <span class='ocrx_word' id='word_1_691' title='bbox 721 4645 767 4706; x_wconf 89' lang='lat' dir='ltr'><strong>ita</strong></span> <span class='ocrx_word' id='word_1_692' title='bbox 806 4663 841 4707; x_wconf 88' lang='lat' dir='ltr'><strong>se</strong></span> <span class='ocrx_word' id='word_1_693' title='bbox 876 4644 1070 4706; x_wconf 87' lang='lat' dir='ltr'><strong>submittunt</strong></span> <span class='ocrx_word' id='word_1_694' title='bbox 1121 4665 1179 4709; x_wconf 90' lang='lat' dir='ltr'><strong>sua</strong></span> <span class='ocrx_word' id='word_1_695' title='bbox 1209 4652 1369 4726; x_wconf 88' lang='lat' dir='ltr'><strong>potestate</strong></span> <span class='ocrx_word' id='word_1_696' title='bbox 1398 4642 1582 4716; x_wconf 89' lang='lat' dir='ltr'><strong>luxuriant,</strong></span> <span class='ocrx_word' id='word_1_697' title='bbox 1616 4660 1676 4704; x_wconf 91' lang='lat' dir='ltr'><strong>nec</strong></span> <span class='ocrx_word' id='word_1_698' title='bbox 1706 4643 1799 4704; x_wconf 92' lang='lat' dir='ltr'><strong>modo</strong></span> <span class='ocrx_word' id='word_1_699' title='bbox 1827 4642 1976 4705; x_wconf 90' lang='lat' dir='ltr'><strong>feruntur</strong></span> <span class='ocrx_word' id='word_1_700' title='bbox 2009 4663 2085 4723; x_wconf 93' lang='lat' dir='ltr'><strong>quo·</strong></span> 
     </span>
     <span class='ocr_line' id='line_1_51' title="bbox 107 4726 2087 4812; baseline -0.002 -18"><span class='ocrx_word' id='word_1_701' title='bbox 107 4727 240 4794; x_wconf 81' lang='lat' dir='ltr'><strong>Christo</strong></span> <span class='ocrx_word' id='word_1_702' title='bbox 269 4740 305 4791; x_wconf 91' lang='lat' dir='ltr'><strong>ut</strong></span> <span class='ocrx_word' id='word_1_703' title='bbox 334 4750 426 4811; x_wconf 90' lang='lat' dir='ltr'><strong>reges</strong></span> <span class='ocrx_word' id='word_1_704' title='bbox 456 4750 526 4793; x_wconf 88' lang='lat' dir='ltr'><strong>esse</strong></span> <span class='ocrx_word' id='word_1_705' title='bbox 559 4749 624 4792; x_wconf 91' lang='lat' dir='ltr'><strong>nun</strong></span> <span class='ocrx_word' id='word_1_706' title='bbox 656 4729 819 4792; x_wconf 89' lang='lat' dir='ltr'><strong>desinant:</strong></span> <span class='ocrx_word' id='word_1_707' title='bbox 853 4728 908 4791; x_wconf 89' lang='lat' dir='ltr'><strong>sed</strong></span> <span class='ocrx_word' id='word_1_708' title='bbox 939 4749 1068 4792; x_wconf 92' lang='lat' dir='ltr'><strong>omnem</strong></span> <span class='ocrx_word' id='word_1_709' title='bbox 1121 4750 1247 4812; x_wconf 91' lang='lat' dir='ltr'><strong>cunque</strong></span> <span class='ocrx_word' id='word_1_710' title='bbox 1269 4728 1395 4793; x_wconf 90' lang='lat' dir='ltr'><strong>libitum</strong></span> <span class='ocrx_word' id='word_1_711' title='bbox 1415 4740 1475 4805; x_wconf 87' lang='lat' dir='ltr'><strong>est,</strong></span> <span class='ocrx_word' id='word_1_712' title='bbox 1497 4733 1550 4792; x_wconf 88' lang='lat' dir='ltr'><strong>sed</strong></span> <span class='ocrx_word' id='word_1_713' title='bbox 1572 4726 1651 4790; x_wconf 87' lang='lat' dir='ltr'><strong>alios</strong></span> <span class='ocrx_word' id='word_1_714' title='bbox 1673 4747 1799 4809; x_wconf 92' lang='lat' dir='ltr'><strong>quoque</strong></span> <span class='ocrx_word' id='word_1_715' title='bbox 1819 4727 1907 4790; x_wconf 92' lang='lat' dir='ltr'><strong>velut</strong></span> <span class='ocrx_word' id='word_1_716' title='bbox 1926 4738 2087 4791; x_wconf 91' lang='lat' dir='ltr'><strong>torrentes</strong></span> 
     </span>
     <span class='ocr_line' id='line_1_52' title="bbox 105 4812 2086 4896; baseline -0.001 -18"><span class='ocrx_word' id='word_1_717' title='bbox 105 4822 296 4896; x_wconf 88' lang='lat' dir='ltr'><strong>potestatam</strong></span> <span class='ocrx_word' id='word_1_718' title='bbox 319 4835 410 4877; x_wconf 91' lang='lat' dir='ltr'><strong>suam</strong></span> <span class='ocrx_word' id='word_1_719' title='bbox 433 4815 472 4876; x_wconf 90' lang='lat' dir='ltr'><strong>ad</strong></span> <span class='ocrx_word' id='word_1_720' title='bbox 496 4813 620 4879; x_wconf 92' lang='lat' dir='ltr'><strong>cultum</strong></span> <span class='ocrx_word' id='word_1_721' title='bbox 646 4814 707 4877; x_wconf 92' lang='lat' dir='ltr'><strong>Dei</strong></span> <span class='ocrx_word' id='word_1_722' title='bbox 729 4814 926 4877; x_wconf 88' lang='lat' dir='ltr'><strong>servandum</strong></span> <span class='ocrx_word' id='word_1_723' title='bbox 950 4825 982 4877; x_wconf 92' lang='lat' dir='ltr'><strong>et</strong></span> <span class='ocrx_word' id='word_1_724' title='bbox 1004 4816 1069 4877; x_wconf 89' lang='lat' dir='ltr'><strong>ius·</strong></span> <span class='ocrx_word' id='word_1_725' title='bbox 1121 4815 1256 4879; x_wconf 89' lang='lat' dir='ltr'><strong>violenti</strong></span> <span class='ocrx_word' id='word_1_726' title='bbox 1277 4835 1386 4879; x_wconf 86' lang='lat' dir='ltr'><strong>secum</strong></span> <span class='ocrx_word' id='word_1_727' title='bbox 1409 4812 1582 4877; x_wconf 87' lang='lat' dir='ltr'><strong>abducunt.</strong></span> <span class='ocrx_word' id='word_1_728' title='bbox 1622 4812 1693 4876; x_wconf 91' lang='lat' dir='ltr'><strong>Hos</strong></span> <span class='ocrx_word' id='word_1_729' title='bbox 1715 4813 1825 4894; x_wconf 90' lang='lat' dir='ltr'><strong>igitur,</strong></span> <span class='ocrx_word' id='word_1_730' title='bbox 1851 4813 1980 4876; x_wconf 88' lang='lat' dir='ltr'><strong>tametsi</strong></span> <span class='ocrx_word' id='word_1_731' title='bbox 2003 4814 2086 4876; x_wconf 91' lang='lat' dir='ltr'><strong>feru·</strong></span> 
     </span>
     <span class='ocr_line' id='line_1_53' title="bbox 106 4898 2086 4981; baseline -0.001 -19"><span class='ocrx_word' id='word_1_732' title='bbox 106 4912 173 4962; x_wconf 92' lang='lat' dir='ltr'><strong>tam</strong></span> <span class='ocrx_word' id='word_1_733' title='bbox 196 4898 345 4981; x_wconf 91' lang='lat' dir='ltr'><strong>politiam</strong></span> <span class='ocrx_word' id='word_1_734' title='bbox 367 4898 657 4963; x_wconf 88' lang='lat' dir='ltr'><strong>administrandam</strong></span> <span class='ocrx_word' id='word_1_735' title='bbox 681 4901 856 4963; x_wconf 90' lang='lat' dir='ltr'><strong>conferant.</strong></span> <span class='ocrx_word' id='word_1_736' title='bbox 903 4898 997 4963; x_wconf 91' lang='lat' dir='ltr'><strong>Unde</strong></span> <span class='ocrx_word' id='word_1_737' title='bbox 1019 4902 1067 4962; x_wconf 91' lang='lat' dir='ltr'><strong>vi·</strong></span> <span class='ocrx_word' id='word_1_738' title='bbox 1120 4923 1172 4965; x_wconf 88' lang='lat' dir='ltr'><strong>ces</strong></span> <span class='ocrx_word' id='word_1_739' title='bbox 1195 4913 1313 4964; x_wconf 89' lang='lat' dir='ltr'><strong>natura</strong></span> <span class='ocrx_word' id='word_1_740' title='bbox 1335 4912 1367 4962; x_wconf 92' lang='lat' dir='ltr'><strong>et</strong></span> <span class='ocrx_word' id='word_1_741' title='bbox 1389 4898 1570 4971; x_wconf 89' lang='lat' dir='ltr'><strong>indomitos,</strong></span> <span class='ocrx_word' id='word_1_742' title='bbox 1601 4917 1671 4962; x_wconf 89' lang='lat' dir='ltr'><strong>sese</strong></span> <span class='ocrx_word' id='word_1_743' title='bbox 1693 4898 1912 4962; x_wconf 88' lang='lat' dir='ltr'><strong>submissuros</strong></span> <span class='ocrx_word' id='word_1_744' title='bbox 1934 4899 2086 4979; x_wconf 88' lang='lat' dir='ltr'><strong>potestati</strong></span> 
     </span>
     <span class='ocr_line' id='line_1_54' title="bbox 106 4984 1588 5067; baseline -0.001 -18"><span class='ocrx_word' id='word_1_745' title='bbox 106 4986 221 5049; x_wconf 91' lang='lat' dir='ltr'><strong>demus</strong></span> <span class='ocrx_word' id='word_1_746' title='bbox 246 5003 342 5066; x_wconf 88' lang='lat' dir='ltr'><strong>quam</strong></span> <span class='ocrx_word' id='word_1_747' title='bbox 366 4984 461 5047; x_wconf 90' lang='lat' dir='ltr'><strong>alieni</strong></span> <span class='ocrx_word' id='word_1_748' title='bbox 485 4986 550 5048; x_wconf 89' lang='lat' dir='ltr'><strong>sint</strong></span> <span class='ocrx_word' id='word_1_749' title='bbox 572 5006 591 5048; x_wconf 90' lang='lat' dir='ltr'><strong>a</strong></span> <span class='ocrx_word' id='word_1_750' title='bbox 613 5006 714 5066; x_wconf 89' lang='lat' dir='ltr'><strong>regno</strong></span> <span class='ocrx_word' id='word_1_751' title='bbox 736 4984 877 5063; x_wconf 89' lang='lat' dir='ltr'><strong>Christi,</strong></span> <span class='ocrx_word' id='word_1_752' title='bbox 907 4986 960 5064; x_wconf 92' lang='lat' dir='ltr'><strong>qui</strong></span> <span class='ocrx_word' id='word_1_753' title='bbox 984 4987 1068 5067; x_wconf 85' lang='lat' dir='ltr'><strong>regi·</strong></span> <span class='ocrx_word' id='word_1_754' title='bbox 1121 4986 1182 5050; x_wconf 92' lang='lat' dir='ltr'><strong>Dei</strong></span> <span class='ocrx_word' id='word_1_755' title='bbox 1207 4997 1239 5049; x_wconf 91' lang='lat' dir='ltr'><strong>et</strong></span> <span class='ocrx_word' id='word_1_756' title='bbox 1262 4985 1413 5050; x_wconf 87' lang='lat' dir='ltr'><strong>ecelesiae</strong></span> <span class='ocrx_word' id='word_1_757' title='bbox 1436 4984 1588 5047; x_wconf 91' lang='lat' dir='ltr'><strong>ostendit.</strong></span> 
     </span>
     <span class='ocr_line' id='line_1_55' title="bbox 105 5068 2084 5155; baseline 0 -20"><span class='ocrx_word' id='word_1_758' title='bbox 105 5072 165 5136; x_wconf 93' lang='lat' dir='ltr'><strong>bus</strong></span> <span class='ocrx_word' id='word_1_759' title='bbox 188 5070 394 5134; x_wconf 88' lang='lat' dir='ltr'><strong>autoritatem</strong></span> <span class='ocrx_word' id='word_1_760' title='bbox 417 5075 449 5133; x_wconf 91' lang='lat' dir='ltr'><strong>et</strong></span> <span class='ocrx_word' id='word_1_761' title='bbox 472 5071 647 5151; x_wconf 89' lang='lat' dir='ltr'><strong>potentiam</strong></span> <span class='ocrx_word' id='word_1_762' title='bbox 671 5074 795 5150; x_wconf 88' lang='lat' dir='ltr'><strong>eripere</strong></span> <span class='ocrx_word' id='word_1_763' title='bbox 818 5069 947 5144; x_wconf 90' lang='lat' dir='ltr'><strong>volunt,</strong></span> <span class='ocrx_word' id='word_1_764' title='bbox 977 5082 1012 5131; x_wconf 90' lang='lat' dir='ltr'><strong>ut</strong></span> <span class='ocrx_word' id='word_1_765' title='bbox 1035 5071 1067 5133; x_wconf 92' lang='lat' dir='ltr'><strong>in</strong></span> <span class='ocrx_word' id='word_1_766' title='bbox 1207 5072 1256 5135; x_wconf 85' lang='grc'><strong>12.</strong></span> <span class='ocrx_word' id='word_1_767' title='bbox 1291 5069 1461 5154; x_wconf 74' lang='lat' dir='ltr'><strong>(Quoniam</strong></span> <span class='ocrx_word' id='word_1_768' title='bbox 1487 5068 1584 5155; x_wconf 77' lang='lat' dir='ltr'><strong>year.)</strong></span> <span class='ocrx_word' id='word_1_769' title='bbox 1635 5068 1758 5132; x_wconf 84' lang='lat' dir='ltr'><strong>Multus</strong></span> <span class='ocrx_word' id='word_1_770' title='bbox 1788 5077 1837 5131; x_wconf 93' lang='lat' dir='ltr'><strong>est</strong></span> <span class='ocrx_word' id='word_1_771' title='bbox 1867 5068 2024 5150; x_wconf 88' lang='lat' dir='ltr'><strong>propbeta</strong></span> <span class='ocrx_word' id='word_1_772' title='bbox 2052 5070 2084 5135; x_wconf 93' lang='lat' dir='ltr'><strong>in</strong></span> 
     </span>
     <span class='ocr_line' id='line_1_56' title="bbox 105 5153 2084 5238; baseline -0.001 -17"><span class='ocrx_word' id='word_1_773' title='bbox 105 5178 140 5221; x_wconf 85' lang='lat' dir='ltr'><strong>ee</strong></span> <span class='ocrx_word' id='word_1_774' title='bbox 169 5156 376 5220; x_wconf 89' lang='lat' dir='ltr'><strong>transferant.</strong></span> <span class='ocrx_word' id='word_1_775' title='bbox 429 5154 515 5219; x_wconf 91' lang='lat' dir='ltr'><strong>Hinc</strong></span> <span class='ocrx_word' id='word_1_776' title='bbox 548 5156 645 5219; x_wconf 90' lang='lat' dir='ltr'><strong>etiam</strong></span> <span class='ocrx_word' id='word_1_777' title='bbox 679 5155 783 5219; x_wconf 91' lang='lat' dir='ltr'><strong>refelli</strong></span> <span class='ocrx_word' id='word_1_778' title='bbox 817 5166 949 5235; x_wconf 89' lang='lat' dir='ltr'><strong>possunt</strong></span> <span class='ocrx_word' id='word_1_779' title='bbox 977 5153 1066 5219; x_wconf 90' lang='lat' dir='ltr'><strong>Ana·</strong></span> <span class='ocrx_word' id='word_1_780' title='bbox 1120 5157 1352 5221; x_wconf 89' lang='lat' dir='ltr'><strong>confirmandis</strong></span> <span class='ocrx_word' id='word_1_781' title='bbox 1374 5155 1499 5236; x_wconf 91' lang='lat' dir='ltr'><strong>piorum</strong></span> <span class='ocrx_word' id='word_1_782' title='bbox 1522 5155 1647 5231; x_wconf 89' lang='lat' dir='ltr'><strong>animis,</strong></span> <span class='ocrx_word' id='word_1_783' title='bbox 1675 5175 1714 5217; x_wconf 91' lang='lat' dir='ltr'><strong>ne</strong></span> <span class='ocrx_word' id='word_1_784' title='bbox 1736 5154 1983 5232; x_wconf 92' lang='lat' dir='ltr'><strong>restitutionem,</strong></span> <span class='ocrx_word' id='word_1_785' title='bbox 2006 5177 2084 5238; x_wconf 90' lang='lat' dir='ltr'><strong>qua-</strong></span> 
     </span>
     <span class='ocr_line' id='line_1_57' title="bbox 105 5238 2085 5326; baseline -0.001 -21"><span class='ocrx_word' id='word_1_786' title='bbox 105 5240 281 5323; x_wconf 87' lang='lat' dir='ltr'><strong>baptistae,</strong></span> <span class='ocrx_word' id='word_1_787' title='bbox 314 5242 368 5322; x_wconf 92' lang='lat' dir='ltr'><strong>qui</strong></span> <span class='ocrx_word' id='word_1_788' title='bbox 392 5241 438 5305; x_wconf 91' lang='lat' dir='ltr'><strong>sic</strong></span> <span class='ocrx_word' id='word_1_789' title='bbox 460 5239 627 5321; x_wconf 89' lang='lat' dir='ltr'><strong>politicum</strong></span> <span class='ocrx_word' id='word_1_790' title='bbox 656 5241 802 5305; x_wconf 92' lang='lat' dir='ltr'><strong>ordinem</strong></span> <span class='ocrx_word' id='word_1_791' title='bbox 833 5250 1000 5317; x_wconf 88' lang='lat' dir='ltr'><strong>evertunt,</strong></span> <span class='ocrx_word' id='word_1_792' title='bbox 1034 5252 1069 5304; x_wconf 89' lang='lat' dir='ltr'><strong>ut</strong></span> <span class='ocrx_word' id='word_1_793' title='bbox 1121 5243 1185 5307; x_wconf 91' lang='lat' dir='ltr'><strong>lem</strong></span> <span class='ocrx_word' id='word_1_794' title='bbox 1209 5243 1278 5326; x_wconf 85' lang='lat' dir='ltr'><strong>ipse</strong></span> <span class='ocrx_word' id='word_1_795' title='bbox 1300 5241 1498 5323; x_wconf 90' lang='lat' dir='ltr'><strong>pronuntiat,</strong></span> <span class='ocrx_word' id='word_1_796' title='bbox 1527 5240 1627 5305; x_wconf 87' lang='lat' dir='ltr'><strong>talem</strong></span> <span class='ocrx_word' id='word_1_797' title='bbox 1649 5238 1715 5303; x_wconf 89' lang='lat' dir='ltr'><strong>lore</strong></span> <span class='ocrx_word' id='word_1_798' title='bbox 1737 5238 1895 5303; x_wconf 87' lang='lat' dir='ltr'><strong>dubitent.</strong></span> <span class='ocrx_word' id='word_1_799' title='bbox 1940 5240 2085 5307; x_wconf 87' lang='lat' dir='ltr'><strong>lucredi-</strong></span> 
     </span>
    </p>
   </div>
   <div class='ocr_carea' id='block_1_3' title="bbox 0 0 2396 5970">
    <p class='ocr_par' dir='ltr' id='par_1_3' title="bbox 0 0 2396 5970">
     <span class='ocr_line' id='line_1_58' title="bbox 0 0 2396 5970; baseline 0 1"><span class='ocrx_word' id='word_1_800' title='bbox 0 0 2396 5970; x_wconf 95' lang='lat' dir='ltr'><strong> </strong></span> 
     </span>
    </p>
   </div>
  </div>
 </body>
</html>
