4784 5970
199 403 261 468 703
1005 400 1390 469 Pesnbuomorttts
2151 399 2202 466 tos

199 592 360 656 amentiae
383 590 518 672 proiecti
536 603 624 672 sunt,
648 603 683 655 ut
701 591 903 672 praeferrent
920 601 1053 656 antrum
1075 591 1167 673 illud,
1219 591 1301 656 leret
1316 591 1402 674 apud
1418 592 1571 676 papistaa
1593 593 1800 660 conciderent
1816 612 1936 658 omnes
1959 590 2081 656 fictitii
2099 589 2202 669 cultus,

198 679 233 740 in
263 697 326 759 quo
355 675 508 740 volebant
541 676 673 740 arbitrio
706 696 774 751 suo,
809 676 861 741 vel
894 677 1001 758 potius
1033 676 1168 742 libidine
1219 678 1253 741 in
1284 677 1402 759 quibus
1435 698 1608 762 perperam
1638 700 1673 745 se
1703 686 1864 745 exornent.
1912 675 2012 742 Nam
2046 674 2203 742 horribilia

198 763 303 828 Deum
327 762 441 826 colere.
487 763 537 825 De
560 761 622 827 bac
644 771 737 827 tante
759 761 892 829 audacia
917 784 1005 828 nuno
1026 783 1166 845 conque·
1218 770 1268 828 est
1300 763 1358 827 illa
1390 764 1590 844 carnificina,
1624 764 1702 829 dum
1735 764 1881 848 papistaa
1913 762 2046 827 volunt
2078 759 2202 847 defungi

197 849 282 911 ritur
304 847 469 922 Ieremias,
493 847 578 928 quod
601 847 723 913 scilicet
740 849 950 912 accusarint
967 848 1031 912 siti
1048 848 1167 914 carebo
1218 869 1297 933 erga
1329 848 1440 914 Deum
1480 848 1631 915 omnibus
1670 848 1739 916 suis
1777 846 2099 931 superstitionibus.
2153 848 2202 913 list

196 935 231 997 in
256 932 402 1014 Topltetd,
423 953 531 1014 neema
552 934 587 996 in
609 932 706 998 velle:
728 934 950 1017 interponitur
964 955 1082 998 nomen
1099 935 1166 1011 lilii,
1218 934 1305 999 enim
1337 936 1496 1001 immense
1518 936 1697 1020 congeries,
1729 944 1767 1001 ut
1798 935 1878 1000 satis
1913 946 2046 998 notum
2084 941 2146 1011 est,
2175 948 2202 998 et

196 1019 252 1084 sed
272 1032 407 1083 vocetur
433 1032 493 1085 ott
521 1032 583 1091 tta.
608 1018 703 1084 vallis
719 1019 877 1099 Hinnem,
896 1019 982 1085 unde
999 1031 1166 1103 sumptum
1218 1019 1356 1086 libenter
1391 1040 1463 1085 sese
1495 1022 1713 1103 explicarent:
1749 1020 1875 1086 interea
1909 1040 1985 1084 non
2022 1019 2201 1085 admittm

197 1117 247 1170 est
269 1104 349 1168 illud
373 1125 492 1168 nomen
512 1104 703 1186 Gehennae,
725 1104 995 1188 quemadmodum
1012 1105 1166 1171 diximus.
1217 1104 1279 1172 hoc
1318 1106 1526 1189 principium,
1567 1105 1653 1189 quod
1692 1108 1830 1189 eriperet
1863 1125 1918 1169 eos
1960 1125 1984 1168 a
2023 1113 2100 1170 tam
2139 1125 2203 1189 pro-

197 1190 307 1268 Addit,
336 1189 375 1256 Ut
396 1189 601 1254 coneburerent
620 1191 704 1270 filios
724 1211 798 1256 auos
818 1191 951 1272 attitiae
967 1210 1053 1256 asca.
1087 1192 1167 1255 Fuit
1218 1191 1318 1257 funda
1340 1192 1467 1275 abysso,
1491 1212 1607 1273 nempe
1630 1191 1714 1276 quod
1737 1190 1916 1276 parendum
1936 1191 1987 1256 ait
2007 1191 2120 1256 verbo
2138 1191 2202 1269 Dei,

196 1276 276 1340 haec
297 1276 463 1340 horribilis
493 1288 526 1338 et
556 1276 741 1358 prodigiosa
769 1277 866 1342 etiam
897 1277 1049 1353 amentia,
1079 1276 1165 1359 quod
1218 1277 1245 1342 si
1267 1277 1375 1360 ipsum
1396 1277 1459 1341 rite
1485 1277 1590 1343 colere
1611 1279 1761 1343 velimus.
1805 1276 1893 1361 Ergo
1919 1297 2098 1360 magnum
2128 1295 2203 1359 poc·

194 1373 304 1443 patres
328 1382 394 1425 non
416 1362 620 1443 pepercerint
641 1361 717 1427 filiis
738 1362 814 1440 suis,
837 1361 893 1428 sed
912 1362 1111 1427 coniecerint
1132 1364 1166 1427 in
1216 1362 1278 1428 dus
1300 1363 1385 1427 inest
1406 1362 1459 1428 his
1481 1361 1588 1428 verbis
1609 1362 1665 1427 ubi
1693 1361 1771 1429 dicit
1799 1361 1964 1445 propbeta
1991 1361 2108 1428 ΒΜ
2129 1361 2204 1429 sco

194 1451 320 1530 ignem:
342 1449 487 1528 oportuit
510 1448 596 1510 enim
620 1449 667 1511 ita
688 1445 792 1529 abripi
810 1446 966 1514 diabolico
988 1450 1106 1528 furora,
1129 1458 1167 1513 ut
1217 1447 1277 1514 tole
1298 1448 1474 1531 mandasse,
1504 1448 1633 1514 etaidil
1652 1449 1715 1515 tole
1742 1448 1804 1514 eibi
1828 1449 1954 1513 ecanae
1986 1448 2027 1513 in
2058 1453 2203 1514 mea:

193 1546 350 1597 exuerent
372 1553 482 1596 omnes
511 1533 670 1596 humanos
700 1532 847 1599 affectus.
891 1534 935 1597 Et
966 1546 1074 1598 tamen
1104 1533 1166 1598 luit
1217 1534 1310 1615 quasi
1343 1534 1463 1599 diceret
1493 1535 1630 1599 nimium
1663 1554 1776 1618 sapere
1805 1533 1967 1612 homines,
2005 1555 2120 1616 quum
2155 1554 2203 1599 ex·

192 1618 257 1682 illis
280 1618 454 1701 probabilis
477 1619 569 1691 ratio.
602 1632 637 1681 ut
665 1619 834 1700 putabant.
878 1618 963 1683 Nam
993 1619 1046 1684 bic
1076 1619 1164 1684 zelus
1217 1621 1362 1704 cogitant
1394 1639 1478 1701 qaae
1510 1620 1579 1702 ipse
1608 1640 1774 1703 nunquam
1804 1619 1983 1701 quaesivit,
2018 1621 2095 1684 imo
2127 1640 2203 1703 quae

193 1703 288 1770 laude
317 1704 435 1785 dignus
463 1714 534 1767 erat
564 1702 671 1767 Deum
701 1704 859 1786 praeferri
889 1704 1008 1768 liberis.
1053 1705 1164 1785 Quum
1217 1725 1384 1787 nunquam
1417 1705 1521 1769 voluit
1553 1725 1757 1789 cognoscere.
1802 1704 1940 1771 Oertum
1974 1705 2124 1787 quidem
2153 1722 2203 1784 eat,

192 1810 270 1872 ergo
292 1791 338 1852 ita
365 1790 562 1852 coniicerent
592 1789 626 1853 in
656 1790 766 1872 ignem
795 1810 870 1855 suos
900 1790 1027 1867 liberos,
1059 1792 1164 1874 potuit
1216 1790 1298 1854 nihil
1320 1791 1482 1856 occultum
1511 1791 1611 1856 fuisse
1633 1790 1714 1867 Deo,
1743 1790 1843 1855 stiam
1871 1799 2062 1874 antequam
2096 1794 2202 1857 fieret:

191 1877 315 1956 species
338 1874 396 1938 illa
417 1874 476 1939 zeli
500 1875 661 1957 simplices
691 1876 853 1957 decipere:
884 1874 1000 1940 deinde
1029 1878 1164 1942 accessit
1216 1875 1271 1941 sed
1293 1876 1384 1941 Deus
1408 1877 1461 1941 bic
1483 1877 1618 1958 suscipit
1640 1895 1812 1958 personam
1834 1875 2003 1940 bominis:
2035 1880 2139 1960 quasi
2161 1876 2202 1941 di·

191 1963 289 2024 etiam
305 1971 492 2043 praetextus
508 1962 547 2025 ab
563 1961 722 2043 exemplo,
739 1960 823 2043 quod
839 1961 972 2027 scilicet.
995 1961 1162 2026 Abraham
1214 1971 1303 2027 caret
1329 1981 1401 2027 esse
1428 1962 1490 2026 sibi
1522 1962 1725 2045 incognitum
1754 1960 1910 2045 quidquid
1939 1963 2132 2027 tentabant
2153 1962 2202 2028 lu·

191 2058 325 2130 paratus
347 2047 445 2110 fuerit
467 2046 568 2109 filium
598 2068 690 2122 suum
720 2056 871 2112 mactare.
918 2046 983 2113 Sed
1007 2047 1084 2113 hinc
1106 2069 1162 2130 ap·
1215 2046 1297 2124 daei,
1318 2047 1395 2129 quia
1416 2058 1588 2112 contentus
1611 2060 1697 2112 esset
1711 2045 1782 2129 lege
1797 2067 1817 2111 a
1831 2067 1865 2111 se
1880 2045 1973 2111 date.
2011 2046 2201 2127 Caeterum,

190 2144 282 2215 paret
304 2132 380 2214 quid
403 2132 575 2213 proficiant
598 2132 754 2210 homines,
779 2133 831 2197 ubi
855 2130 1029 2216 rapiuntur
1049 2133 1162 2198 incon·
1215 2133 1369 2215 quoniam
1399 2133 1447 2197 ita
1476 2131 1693 2198 abominabile
1721 2130 1789 2197 fuit'
1811 2152 1931 2197 nomeu
1964 2133 2147 2216 Tophetb,
2172 2142 2201 2199 et

188 2218 329 2282 siderate
362 2218 441 2281 zelo.
494 2217 558 2281 Hic
592 2220 678 2281 enim
713 2217 754 2282 ab
787 2217 919 2283 exordio
953 2219 1066 2283 mundi
1100 2219 1164 2282 luit
1214 2238 1333 2282 nomen
1355 2230 1416 2285 mn
1444 2231 1491 2285 tot
1517 2216 1602 2301 apud
1626 2218 1809 2302 prophetes,
1840 2217 1917 2282 hinc
1938 2217 2113 2302 colligere
2135 2220 2201 2284 licet

188 2303 263 2367 fons
297 2304 443 2366 omnium
474 2305 751 2385 superstitionum,
781 2304 837 2369 ubi
866 2304 989 2368 scilicet
1016 2304 1162 2368 homines
1213 2317 1412 2386 quantopere
1434 2302 1602 2385 displiceat
1619 2301 1691 2368 Deo
1712 2304 1818 2369 omnis
1839 2302 2045 2379 idololatria,
2071 2315 2108 2370 et
2131 2325 2198 2388 pro·

193 2411 271 2454 exeo
296 2389 419 2453 iterent
448 2389 509 2452 sibi
540 2390 645 2451 varios
673 2388 788 2469 cultus,
817 2399 849 2452 et
879 2388 964 2453 hano
995 2387 1162 2453 licentiam
1213 2388 1335 2452 sanatio
1356 2389 1424 2452 veri
1442 2398 1475 2453 et
1496 2389 1570 2470 puri
1588 2389 1709 2454 cultus:
1733 2389 1885 2470 quoniam
1903 2388 2109 2472 praeclaras
2130 2390 2198 2455 illas

188 2476 249 2539 sibi
269 2411 437 2550 dederunt,
460 2475 647 2555 utquisque
662 2495 720 2555 pro
735 2473 869 2539 arbitrio
886 2473 993 2538 Deum
1009 2474 1161 2557 placaret.
1212 2495 1335 2556 operas,
1359 2473 1475 2557 quibus
1498 2484 1565 2538 tam
1588 2486 1719 2539 strenue
1741 2472 1883 2538 defuncti
1905 2474 2051 2539 fuerant
2077 2474 2197 2555 Iudaei,

191 2559 286 2640 Quod
311 2559 351 2624 ad
372 2559 557 2641 exemplum
577 2569 708 2641 spectat,
731 2561 895 2625 excaecati
912 2560 1043 2625 fuerunt
1061 2582 1160 2643 quum
1213 2559 1324 2625 inieris
1347 2559 1427 2641 ipsis
1449 2571 1623 2642 comparat.
1667 2559 1713 2624 ut
1735 2558 1807 2624 idco
1834 2557 1930 2624 hodie
1957 2560 2018 2626 ubi
2052 2563 2196 2644 papiam

189 2668 254 2710 non
283 2644 523 2727 distinguerent
552 2647 637 2709 inter
669 2665 705 2709 se
734 2661 765 2710 et
787 2644 964 2721 Abrabam,
998 2647 1073 2729 quia
1106 2646 1161 2711 ille
1213 2645 1336 2711 iactant
1358 2666 1435 2710 suas
1457 2645 1654 2723 devotiones,
1679 2653 1717 2709 ut
1739 2644 1838 2729 vulgo
1859 2644 2057 2727 loquuntur,
2084 2649 2195 2711 merito

189 2733 297 2796 iussus
320 2732 426 2794 iuerat
449 2731 565 2793 offerre
588 2731 693 2794 filium
715 2750 828 2796 suum:
857 2730 919 2812 ipsi
949 2739 1058 2796 eutem
1087 2733 1160 2797 abs·
1213 2732 1362 2812 excipere
1377 2731 1460 2807 licet,
1485 2730 1620 2794 totidem
1637 2751 1707 2796 esse
1722 2732 1845 2805 ianuas,
1864 2731 1991 2813 quibus
2010 2752 2089 2797 sese
2107 2752 2194 2815 prae·

188 2839 251 2900 que
274 2817 426 2880 mandato
445 2814 531 2879 idem
550 2818 730 2880 tentabant.
764 2815 857 2882 Haeo
875 2817 937 2881 luit
955 2827 1162 2899 praepostera
1212 2816 1349 2899 cipitent
1372 2816 1406 2879 in
1429 2816 1516 2898 ipsos
1537 2817 1669 2896 inform,
1698 2828 1775 2898 quot
1796 2815 1904 2881 cultus
1925 2819 2144 2901 confingunt,
2163 2829 2196 2882 ut

189 2904 365 2978 temeritas,
388 2904 513 2982 quiesi
537 2902 843 2982 spectaturiaotum
867 2902 1028 2985 Abrahae,
1052 2903 1160 2967 obedi·
1215 2903 1321 2967 Deum
1343 2901 1404 2966 sibi
1427 2902 1608 2968 concilient.
1655 2901 1820 2983 Sequitur,

189 2992 239 3051 vit
269 2987 358 3050 Deo:
393 3008 455 3051 non
484 2988 591 3068 potuit
618 3008 737 3065 errare,
772 3007 874 3069 quum
905 2987 1001 3052 sciret
1033 2987 1161 3070 placere

189 3074 261 3136 Deo
284 3074 349 3136 tale
372 3073 573 3136 sacrificium.
618 3072 729 3153 Quum
751 3084 860 3137 autem
882 3071 996 3138 Iudaei
1017 3074 1161 3138 aemula·
1298 3071 1350 3136 32.
1374 3071 1542 3157 Propterea
1563 3092 1625 3138 ecce
1646 3072 1714 3138 dies
1735 3071 1868 3148 veniunt,
1890 3072 1969 3137 dicit
1993 3073 2191 3154 Ithacum

189 3168 305 3223 rentur
328 3158 396 3221 eius
418 3158 533 3234 zelum,
556 3167 683 3237 praeter
705 3158 879 3222 stultitiam
902 3160 962 3223 fuit
980 3160 1076 3223 etiam
1101 3160 1162 3223 boo
1213 3177 1273 3221 noa
1301 3158 1419 3224 escen
1445 3158 1521 3242 (hoc
1551 3170 1609 3235 est,
1640 3157 1759 3240 quibus
1790 3176 1853 3221 non
1885 3157 2034 3244 dicetur)
2057 3161 2192 3244 amplias

189 3246 221 3308 in
245 3244 323 3325 ipsis
345 3241 514 3325 culpabile,
537 3241 622 3323 quod
645 3242 708 3306 Dei
731 3242 921 3307 mandatum
949 3246 1162 3326 negligerent,
1217 3243 1361 3324 Topbetd,
1382 3248 1409 3306 et
1430 3245 1525 3309 vallia
1544 3243 1608 3324 filii
1629 3242 1788 3307 Hiertam:
1816 3242 1871 3306 scd
1889 3243 1988 3310 callia
2012 3248 2191 3314 occisione:

189 3331 241 3395 vel
258 3351 316 3411 pro
335 3325 613 3392 nihiloduoerent.
644 3326 810 3409 Quidquid
823 3329 875 3406 sit,
886 3348 1025 3410 eousque
1037 3328 1161 3410 abrepti
1214 3333 1240 3391 et
1261 3329 1407 3410 sepelient
1428 3329 1464 3393 ia
1489 3329 1633 3410 Topbetd,
1656 3329 1733 3411 quic
1754 3348 1814 3393 aaa
1836 3328 1896 3394 erit
1916 3329 2015 3395 ecus.

188 3429 266 3481 sunt
286 3413 465 3490 vecordiae,
489 3424 526 3476 ut
548 3414 632 3477 filios
655 3434 730 3478 suos
753 3413 950 3479 coniicerent
977 3413 1160 3496 inignem:

188 3512 221 3566 et
243 3502 303 3565 sub
326 3503 463 3565 obtentu
485 3499 623 3579 pietatis,
648 3509 740 3562 tanta
762 3510 794 3564 et
813 3510 880 3564 tam
900 3502 968 3564 fera
985 3499 1162 3564 crudelitas
1300 3497 1443 3563 Poenam
1467 3498 1638 3563 denuntiat
1659 3498 1826 3581 propheta,
1849 3518 1949 3580 quum
1965 3498 2090 3567 Iudaei
2106 3516 2187 3586 puta·

188 3586 273 3668 apud
304 3608 357 3650 eos
386 3593 534 3668 grassata
564 3590 622 3648 est.
667 3584 756 3650 Hinc
783 3585 1005 3668 perspicimus,
1033 3585 1161 3650 nullum
1213 3592 1288 3649 rent
1320 3585 1379 3649 sibi
1414 3585 1523 3650 deberi
1553 3584 1750 3650 mercedem:
1784 3583 2067 3666 quemadmodum
2102 3587 2187 3653 hodie

189 3694 260 3737 esse
281 3672 378 3734 finem
402 3668 564 3751 peccandi,
596 3669 649 3733 ubi
672 3668 818 3734 homines
839 3668 901 3734 sibi
923 3679 957 3733 et
978 3671 1045 3735 suis
1073 3692 1159 3735 oom-
1213 3672 1357 3753 papistae
1379 3681 1530 3752 proterve
1548 3691 1583 3735 se
1602 3669 1779 3745 venditant,
1803 3690 1903 3751 quum
1923 3671 2049 3737 multas
2069 3674 2187 3739 abomi-

189 3757 308 3821 mentis
331 3755 450 3818 addicti
473 3766 565 3817 sunt:
590 3755 678 3817 Deus
700 3756 786 3818 enim
809 3756 895 3837 ipsos
917 3756 1076 3837 permittit
1099 3755 1160 3820 Sa·
1213 3757 1361 3821 nationes
1381 3756 1600 3821 cumularunt.
1634 3755 1837 3820 Existimant
1855 3756 1942 3820 enim
1962 3755 2081 3823 Deum
2101 3760 2186 3841 quasi

189 3850 295 3916 tanae,
330 3853 367 3903 ut
390 3851 529 3921 agantur
550 3841 667 3920 spiritu
691 3840 863 3922 vertiginis
891 3850 925 3903 et
946 3841 1106 3906 amentiae
1129 3853 1161 3904 ct
1212 3841 1285 3924 lege
1314 3841 1488 3924 obstringi,
1523 3861 1564 3904 ne
1594 3855 1706 3923 pereat
1736 3851 1827 3906 tanta
1855 3839 1987 3905 illorum
2020 3843 2186 3909 sedulitas.

188 3925 338 4008 stuporis.
392 3925 565 3989 Discemus
598 3926 705 4004 itaque
738 3945 866 4008 semper
895 3926 1055 4006 respicere
1085 3925 1162 4007 quid
1214 3925 1280 3991 Sed
1320 3925 1480 4009 propheta
1520 3926 1662 3990 ostendit
1700 3935 1901 4008 quantopere
1934 3926 2107 4012 desipiant
2139 3930 2186 4013 qni

190 4012 281 4075 Deus
304 4011 426 4092 probet,
461 4021 492 4073 et
514 4008 574 4073 hoc
600 4009 642 4072 sit
665 4009 758 4074 nobis
790 4009 921 4077 initium
952 4010 1160 4087 deliberandi,
1213 4011 1434 4094 superstitiose
1466 4011 1572 4075 Deum
1602 4013 1728 4093 colunt,
1760 4021 1793 4075 et
1822 4011 1944 4093 absque
1972 4013 2046 4079 eius
2083 4017 2185 4080 verbo.

190 4095 246 4160 nbi
269 4095 389 4175 aliquid
413 4093 547 4177 aggredi
568 4104 702 4176 oportet,
725 4115 842 4178 nempe
865 4108 901 4158 ut
923 4095 1063 4161 sciamus
1085 4097 1162 4178 quid
1214 4098 1362 4162 Minatur
1400 4098 1487 4161 enim
1527 4097 1579 4161 hic
1612 4098 1838 4180 gravissimam
1873 4096 2074 4181 vindictam,
2120 4101 2185 4165 Nos

190 4182 283 4245 Deus
311 4182 494 4261 praecipiat.
544 4179 742 4244 Praesertim
770 4179 850 4245 haec
881 4181 995 4264 regula
1021 4181 1162 4246 tenenda
1213 4183 1340 4261 dmetur,
1357 4182 1471 4264 iuquit,
1490 4182 1628 4264 omniuo
1645 4183 1728 4248 locrw
1745 4182 1797 4248 ille
1815 4182 1957 4265 Topdetlt,
1976 4206 2079 4267 new
2096 4185 2185 4250 eollo

191 4280 240 4330 est
263 4268 295 4329 in
316 4267 385 4329 eius
403 4266 506 4329 cultu:
530 4266 615 4346 quia,
638 4276 674 4329 ut
693 4285 798 4348 nuper
816 4264 938 4331 dictum
954 4267 1022 4343 luit,
1046 4268 1161 4350 religio
1210 4268 1272 4349 (ilii
1301 4268 1456 4332 Hiertam:
1485 4269 1540 4332 sed
1567 4268 1660 4332 vnto
1685 4269 1846 4334 marbais
1872 4268 2040 4349 rectem,
2071 4292 2184 4354 nempe

191 4354 332 4417 maxime
355 4350 491 4415 fundata
520 4361 570 4414 est
600 4350 631 4412 in
660 4349 738 4414 fide:
773 4350 854 4415 fides
887 4363 995 4416 autem
1027 4352 1162 4417 lundata
1214 4374 1314 4434 quum
1343 4352 1496 4418 caedibus
1525 4353 1649 4435 repleta
1678 4353 1741 4417 luit
1770 4361 1838 4418 tota
1866 4361 1964 4418 terra
2011 4355 2183 4440 Adiung't

190 4439 296 4504 estin
318 4440 416 4502 verbo
443 4436 510 4499 Dei.
554 4436 599 4499 Et
622 4436 692 4500 ideo
715 4434 847 4500 taudem
869 4437 1048 4513 subiicitur,
1075 4437 1162 4517 Quae
1215 4438 1370 4519 Sepelient
1398 4437 1472 4516 illic,
1502 4439 1579 4519 quia
1607 4439 1683 4504 alibi
1709 4460 1770 4505 non
1791 4440 1851 4504 erit
1870 4439 1964 4506 occ.
2013 4442 2183 4528 Significat

189 4545 254 4588 non
285 4524 449 4599 inundari,
483 4527 510 4584 et
542 4543 620 4602 qaae
651 4541 811 4603 nunquam
837 4521 918 4586 mter·
948 4527 1094 4587 venerunt
1126 4524 1161 4586 in
1214 4532 1321 4589 tantas
1344 4524 1413 4587 lore
1435 4528 1569 4606 strages,
1599 4533 1635 4587 ut
1656 4524 1856 4609 lerosolyma
1878 4544 1945 4589 uon
1968 4528 2085 4612 capiat
2106 4549 2182 4594 mor·

190 4615 327 4675 meatem.
379 4609 470 4672 Haec
500 4609 583 4669 ratio
614 4606 786 4690 diligenter
816 4606 958 4671 notanda
988 4617 1047 4686 est,
1081 4629 1160 4689 quo·
1214 4622 1295 4673 tuos.
1339 4609 1444 4691 Ergo,
1474 4609 1593 4690 inquit,
1623 4611 1771 4692 sepulcra
1800 4610 1994 4692 reperienda
2023 4628 2123 4679 amnt
2150 4614 2181 4677 in

190 4698 279 4761 niam
314 4696 366 4759 hic
397 4694 489 4758 Deus
523 4693 760 4774 tergiversandi
789 4714 884 4757 ansas
914 4693 1071 4773 praecidit
1102 4694 1160 4757 ho·
1212 4693 1372 4775 Topbeth,
1392 4693 1488 4758 sicuti
1505 4694 1604 4758 etiam
1622 4694 1688 4760 illio
1705 4695 1891 4762 occidentur
1908 4696 2018 4762 multi.
2053 4699 2181 4765 Scimus

191 4781 341 4856 minibus,
376 4781 430 4843 ubi
463 4779 524 4842 hoc
557 4776 627 4842 solc
657 4778 750 4842 titulo
779 4777 973 4843 condemnat
1003 4778 1159 4860 quidquid
1212 4780 1350 4843 cadaver
1381 4779 1478 4842 fuisse
1508 4778 1713 4844 immundum
1747 4782 1807 4846 sub
1841 4781 1928 4864 lege:
1964 4782 2087 4850 deinde
2121 4807 2182 4850 non

192 4867 359 4931 tentabant
381 4865 503 4939 Iudaei,
531 4862 694 4945 quianon
719 4863 924 4929 mandaverit
954 4865 1041 4945 ipsis.
1087 4864 1159 4927 Non
1213 4865 1311 4926 fuisse
1340 4864 1401 4937 las,
1432 4864 1548 4926 offerre
1571 4864 1643 4928 Deo
1675 4867 1869 4932 sacrificium
1898 4868 1993 4932 iuxta
2025 4873 2179 4953 sepulcra

194 4968 243 5017 est
288 4954 389 5035 igitur
433 4953 496 5014 alia
539 4948 725 5031 quaerenda
760 4951 843 5013 ratio
880 4950 911 5012 in
949 4947 1162 5031 coarguendis
1212 4948 1378 5030 Propheta
1400 4948 1500 5030 igitur
1522 4950 1672 5028 ostendit,
1696 4974 1795 5035 quum
1817 4952 1916 5016 stulte
1936 4973 2180 5023 consecrassent

191 5038 493 5118 superstitionibus,
527 5036 589 5099 nisi
623 5036 706 5116 quod
737 5046 849 5099 carent
880 5044 1051 5115 praecepto
1086 5034 1159 5097 Dei.
1183 5080 1186 5133 Ι
1212 5033 1316 5097 locum
1347 5032 1436 5096 illum
1469 5035 1538 5097 Deo
1566 5034 1693 5119 Iudaei,
1728 5042 1850 5101 instare
1878 5037 2083 5107 horrendam
2112 5064 2181 5126 pro·

190 5123 256 5190 Ubi
289 5124 376 5188 enim
410 5123 557 5186 homines
589 5120 696 5183 Deum
733 5121 837 5185 colere
870 5120 931 5185 sibi
964 5121 1159 5201 permittunt
1183 5150 1186 5224 ι
1211 5119 1416 5193 sanationem,
1445 5120 1520 5200 quia
1548 5130 1634 5184 totus
1663 5123 1717 5186 ille
1740 5123 1828 5188 locus
1851 5123 1997 5190 refertus
2021 5132 2087 5193 erit
2110 5152 2181 5195 con·

192 5210 323 5290 proprio
346 5210 510 5287 instinctu,
538 5229 643 5288 neque
667 5207 783 5268 attenti
806 5205 945 5270 suntad
968 5208 1036 5269 cius
1066 5225 1157 5267 man·
1182 5256 1187 5321 ί
1210 5204 1298 5285 geria
1328 5203 1533 5282 cadaverum,
1563 5204 1678 5271 deindo
1707 5210 1850 5289 pollutus
1879 5210 1979 5273 etiam
2013 5215 2181 5280 hominum

191 5295 276 5377 deta,
299 5302 492 5376 pervertunt
516 5314 626 5358 veram
657 5291 855 5375 religionem.
900 5291 994 5356 Etsi
1017 5291 1077 5355 hoc
1101 5311 1156 5354 va·
1182 5326 1184 5341 ι
1210 5287 1315 5353 caede.
1360 5287 1518 5352 Videmus
1547 5310 1623 5373 ergo
1650 5294 1726 5376 quid
1758 5293 1931 5376 proficiant
1953 5305 2182 5381 superstitiosi,
