4784 5970
135 352 138 357 ’
201 377 265 444 aas
1066 378 1215 446 carus
1238 377 1330 446 ιιι.
2129 379 2194 446 aaa

202 568 279 633 iacit
312 564 471 650 propbeta
503 565 543 631 ab
576 585 707 648 egressu
739 585 756 628 e
785 564 970 649 Babylone,
1003 573 1037 631 et
1065 579 1170 631 totum
1221 568 1265 632 ad
1286 568 1502 648 morandum,
1525 587 1630 634 omues
1650 567 1764 633 bestiae
1784 569 1955 652 sylvestres.
2003 567 2051 632 10.
2083 566 2193 651 Speus-

203 654 356 719 eoelesias
377 660 498 717 statum
520 650 777 734 oomprehendit‚
800 672 903 734 usque
926 652 1000 716 dum
1017 651 1171 717 christus
1222 651 1338 717 latores
1354 653 1423 718 eius
1439 655 1529 734 caeci,
1550 674 1654 719 omues
1671 655 1854 738 umciemut,
1876 672 1981 720 omues
1997 672 2089 719 canes
2105 654 2193 734 muti,

202 739 325 804 muodo
355 737 581 802 manifestatus
610 748 668 802 est.
714 734 781 802 Sed
805 757 871 802 non
893 748 1065 819 propterea
1093 757 1169 804 oon·
1221 738 1361 804 nesciunt
1380 739 1508 819 muare,
1529 741 1664 805 maenus
1684 740 1850 816 dormiunt,
1874 744 1983 805 amant
2002 739 2193 805 mietio

202 826 295 890 veuit
323 823 380 887 illa
409 822 581 907 allegoria:
611 823 688 904 qnia
711 821 750 886 de
772 824 864 888 exitu
887 844 905 887 o
927 822 1096 908 Babylone
1125 824 1170 887 lo·
1221 843 1321 888 usim·
1345 825 1394 889 11.
1418 824 1463 889 Et
1483 846 1574 892 canes
1594 825 1646 890 illi
1667 826 1776 891 auimo
1796 822 1894 908 fortes
1915 825 2056 890 uesciuut
2076 827 2192 891 saturi·

203 913 323 993 quitur,
358 930 453 991 quem
483 915 520 973 ut
549 908 720 992 patefaciat
749 909 817 974 suis
841 908 1017 985 Dominus,
1051 929 1085 973 se
1110 909 1170 972 im·
1221 914 1330 974 tatem:
1350 915 1492 992 pastores
1513 912 1578 993 ipsi
1599 912 1747 994 nescium,
1769 932 1823 977 uec
1845 911 2034 994 iutdlipuut:
2054 911 2193 976 uuiousi

202 996 387 1080 pedimenta
415 995 524 1059 omnia
547 994 763 1071 sublaturum,
793 1004 891 1076 atque
913 994 1020 1059 omnis
1042 994 1171 1078 generis
1221 994 1392 1075 respiciunt
1412 997 1455 1061 ad
1472 998 1542 1062 uias
1558 1016 1651 1062 arcas:
1671 999 1803 1079 quisque
1825 998 1868 1063 ad
1888 996 2078 1062 commodum
2099 1017 2193 1061 suum

202 1081 399 1147 adminicula
416 1080 696 1163 suppeditaturum
714 1078 801 1160 dicit,
821 1085 857 1144 ut
872 1080 955 1144 nibil
973 1079 1171 1146 incommodi
1222 1102 1243 1145 a
1261 1081 1324 1160 tiae
1342 1081 1452 1167 eius¹).
1494 1083 1545 1146 12.
1571 1082 1684 1160 Venite,
1703 1084 1856 1165 accipiam
1876 1083 2193 1165 autumabamus

201 1169 391 1233 sustineant.
437 1164 560 1230 Badem
590 1163 684 1229 modo
712 1184 812 1248 quum
841 1164 994 1231 Christus
1023 1165 1170 1247 redomp·
1221 1166 1370 1232 seuam
1402 1172 1431 1233 et
1457 1169 1516 1233 erit
1542 1169 1623 1234 stau
1649 1167 1748 1250 hodie,
1778 1171 1824 1234 ita
1851 1170 2010 1234 mastiuus
2039 1170 2116 1246 dies,
2146 1167 2193 1233 oet

201 1253 298 1318 tionis
321 1251 513 1316 beneficium
536 1250 707 1334 promittit,
728 1251 825 1315 simul
849 1252 958 1316 omnia
981 1250 1065 1316 tollit
1087 1271 1171 1332 quae

202 1341 351 1404 nocitura
371 1347 469 1419 atque
491 1336 723 1420 impedimento
746 1337 857 1402 lutura
879 1345 986 1400 erant:
1011 1338 1075 1401 imo
1096 1358 1170 1402 oon·

202 1425 301 1488 vertit
324 1426 357 1488 in
380 1424 481 1487 alium
504 1443 599 1488 usum
623 1432 655 1486 et
676 1424 808 1504 penitus
830 1424 1040 1498 eontrarium,
1071 1431 1107 1486 ιιι
1128 1443 1169 1487 ex

201 1511 242 1575 iis
271 1510 368 1574 etiam
402 1509 544 1574 frustum
578 1508 718 1590 aliquem
748 1510 914 1592 percipere
945 1508 1052 1575 liceat.
1102 1507 1171 1573 Piis

203 1597 290 1660 enim
324 1595 433 1658 omnia
466 1596 498 1657 in
532 1594 655 1658 bonum
687 1594 823 1660 cedunt:
858 1615 895 1658 ao
925 1595 1020 1658 noxis
1051 1593 1170 1676 alioqui

201 1680 386 1746 exitialibus
409 1679 501 1743 velut
522 1679 673 1744 remediis
696 1681 799 1744 utitur
818 1681 907 1744 Deus
928 1679 968 1744 ad
986 1679 1074 1760 ipsos
1097 1700 1171 1761 pur-

201 1765 336 1850 gandos,
369 1786 409 1829 ne
440 1767 506 1830 siut
536 1765 656 1830 addicti
691 1766 818 1841 mundo,
852 1765 908 1830 scd
938 1765 1110 1831 alacriores
1138 1775 1171 1828 et

201 1852 416 1934 promptiores
439 1851 479 1915 ad
498 1853 567 1915 eius
589 1851 713 1916 cultum
737 1851 925 1916 reddantur.
960 1849 1072 1930 Quum
1095 1850 1172 1916 dicit

202 1938 272 2002 Deo
289 1940 355 2001 lore
370 1938 406 2002 iu
419 1957 538 2017 nomem
557 1934 701 2001 ostendit
716 1940 788 2020 quis
802 1939 846 2002 sit
860 1938 934 2002 finis
949 1936 1172 2001 restituendae

202 2024 369 2087 ecelesiae:
392 2043 508 2105 nempe
526 2035 562 2087 ut
581 2043 699 2086 nomen
718 2023 780 2086 Dei
800 2024 885 2087 inter
902 2022 1050 2086 homiues
1070 2021 1171 2106 magis

203 2110 343 2185 eluceat,
375 2109 509 2191 eiusque
538 2109 696 2172 memoria
723 2109 852 2189 floreat,
882 2130 920 2174 ao
950 2117 1170 2174 conservetur.

202 2193 280 2258 Ideo
303 2204 335 2258 et
353 2195 483 2277 signum
507 2211 699 2276 perpetuum
724 2195 823 2270 addit,
845 2194 957 2272 idest,
980 2215 1170 2258 monumen·

203 2292 289 2342 tum:
319 2294 352 2344 et
374 2280 647 2361 quemadmodum
673 2280 768 2364 vulgo
791 2280 938 2358 dioimus,
968 2280 1170 2344 memoriale:

202 2364 285 2446 quod
316 2366 444 2430 tametsi
468 2365 603 2431 eeclesia
624 2367 760 2431 fluctuet
788 2376 885 2449 atque
908 2367 1049 2449 agitetur
1072 2365 1171 2430 variis

201 2450 305 2514 modis
326 2451 413 2515 inter
436 2451 494 2516 has
517 2461 742 2534 tempestates,
778 2460 885 2517 tamen
909 2452 986 2534 quia
1008 2450 1171 2516 Dominus

202 2546 391 2618 perpetuam
422 2538 561 2603 nominis
591 2539 640 2602 sui
669 2539 859 2603 memoriam
889 2559 960 2603 esso
983 2538 1068 2616 vult,
1099 2558 1171 2602 eam

201 2623 344 2688 tuebitur
367 2644 403 2688 ao
426 2623 585 2688 defendet.

522 3015 713 3096 CAPUT
743 3015 850 3096 LVI.

290 3226 316 3285 l.
342 3219 395 3285 Sic
417 3220 492 3284 dicit
515 3218 645 3283 Iebooa:
668 3218 825 3284 Gustodite
846 3220 1009 3298 iudicium,
1032 3221 1172 3300 dtamtc

201 3307 376 3370 mestitiam:
405 3307 555 3386 quouiam
578 3306 759 3386 propinquo
780 3310 824 3371 est
844 3305 934 3371 salus
954 3327 1039 3388 mea,
1068 3312 1104 3371 ut
1124 3328 1170 3371 ue·

201 3393 286 3456 uiat:
314 3397 342 3456 et
362 3392 484 3456 iustitia
506 3410 584 3462 mea.
614 3396 649 3454 ut
669 3390 825 3455 reoetdur.
878 3392 907 3456 2.
938 3391 1059 3457 Beatus
1086 3393 1172 3456 bomo

201 3479 256 3558 qui
275 3477 381 3558 tacuit
402 3477 466 3559 troo,
496 3481 522 3541 et
547 3476 636 3556 fitius
655 3475 792 3542 bomims
811 3478 867 3558 qui
888 3477 944 3542 too
965 3478 1171 3566 apprehende·

200 3564 259 3628 rit:
287 3563 461 3627 medieas
488 3561 664 3645 sabbatum,
694 3563 739 3626 ita
761 3567 796 3626 ut
815 3584 877 3627 uou
897 3562 989 3627 uiolet
1017 3564 1113 3627 illud:
1145 3568 1173 3627 et

200 3649 371 3714 muudum
398 3668 528 3713 mnam
549 3667 654 3731 amm,
684 3655 719 3712 ut
740 3648 779 3712 ab
802 3649 886 3712 omui
907 3648 989 3712 uua
1012 3648 1171 3713 abstineat.

201 3734 230 3798 3.
254 3734 298 3798 Et
317 3755 355 3799 ue
376 3734 459 3798 dicat
482 3733 571 3812 filius
591 3733 714 3798 alienus
742 3738 927 3816 apyreqatus
948 3733 991 3797 ad
1012 3733 1170 3818 Iebovam,

201 3820 344 3898 diceudo,
378 3819 562 3899 separando
594 3820 753 3901 separauit
784 3840 831 3882 me
859 3818 974 3884 Ieltova
1006 3840 1027 3883 a
1056 3821 1172 3901 populo

201 3924 275 3969 suo:
305 3909 333 3967 et
354 3925 391 3968 ue
411 3905 495 3969 dieat
515 3904 684 3986 eunuchus,
713 3903 781 3987 Epo
802 3925 871 3969 aem
893 3905 1013 3987 liguum
1035 3905 1170 3969 aridum.

201 3990 231 4054 4.
259 3990 413 4070 moniam
437 3989 481 4053 sia
502 3989 578 4053 dicit
599 3988 716 4053 Ictooa
745 3990 893 4056 murtetis
921 3991 977 4071 qai
998 3991 1172 4055 custodiunt

200 4075 331 4141 sabbato
355 4095 433 4151 mea,
464 4080 491 4138 et
512 4074 626 4157 eligam
647 4095 726 4155 quae
746 4076 825 4140 milei
841 4075 975 4158 placent,
1004 4080 1095 4157 atque
1115 4097 1172 4158 ap·

196 4160 394 4242 prebeuduut
416 4161 525 4243 foedus
546 4180 663 4224 mmm:
699 4161 728 4227 5.
756 4161 847 4226 Dabo
868 4161 914 4226 eis
934 4162 970 4225 iu
991 4164 1081 4228 derue
1101 4184 1172 4228 mea

201 4249 335 4312 etiutra
361 4267 468 4312 maros
496 4265 579 4310 meos
607 4246 721 4324 uum,
750 4252 777 4310 et
802 4267 910 4312 uorum
938 4248 1049 4312 melius
1078 4270 1172 4330 quam

199 4332 341 4412 fitiorum
362 4339 390 4396 et
409 4333 566 4413 tilianam:
592 4351 702 4397 mmm
717 4337 902 4414 perpetuum
923 4333 1002 4399 dabo
1024 4335 1062 4410 ei,
1092 4337 1172 4415 quod

202 4438 263 4482 mou
283 4417 440 4482 deicitur.
486 4419 516 4482 6.
546 4416 658 4494 Filios,
689 4419 826 4499 iuquam,
855 4418 961 4497 alicui,
989 4420 1046 4500 qui
1068 4441 1173 4504 appre-

201 4505 270 4586 yati
298 4509 386 4567 erum
413 4504 455 4568 ad
478 4503 623 4569 chouam
651 4509 686 4567 ut
712 4504 889 4568 ministrent
916 4506 960 4587 ei,
990 4510 1018 4569 et
1038 4506 1173 4589 dilipaut

201 4609 310 4654 uorueu
333 4588 462 4654 Iehovae
482 4594 517 4652 ut
537 4589 602 4653 siut
629 4589 678 4653 illi
699 4590 735 4653 iu
755 4609 873 4666 servos,
903 4592 1048 4672 quisquis
1077 4599 1172 4658 uasta

201 4676 297 4740 dierit
313 4674 486 4757 sabbatum,
504 4677 550 4739 ita
566 4680 601 4739 ut
616 4695 678 4740 uou
692 4676 838 4756 mofauet
854 4675 943 4758 illud,
965 4683 992 4741 et
1009 4678 1173 4760 autpleaus

200 4761 298 4843 fuerit
328 4759 438 4842 foedus
468 4780 579 4825 meum.
632 4761 661 4824 t.
695 4761 763 4825 Hos
792 4761 947 4826 molucam
979 4764 1015 4827 iu
1041 4770 1171 4828 mouum

201 4846 376 4910 sanctitatis
401 4866 504 4909 meae:
532 4851 558 4909 et
580 4845 748 4927 laetificabo
777 4867 827 4911 eos
849 4849 883 4911 iu
905 4848 993 4912 darno
1021 4850 1170 4914 orationis

201 4951 296 4996 meae.
342 4931 529 4996 Holocausta
555 4951 661 4995 eorsum
682 4937 709 4997 et
729 4933 886 5014 sacrificia
913 4938 1005 5015 prata
1026 4940 1115 4998 eruut
1135 4937 1171 4999 iu

202 5018 300 5082 altari
328 5037 408 5082 meo:
444 5017 592 5098 quautam
622 5018 732 5083 domus
765 5039 833 5105 mea
866 5017 989 5082 Doruus
1020 5021 1171 5085 orationis

201 5103 361 5168 uocabitm
381 5105 499 5168 eunctis
515 5103 654 5184 populis.
700 5104 730 5168 8.
752 5103 841 5169 Dicit
862 5103 1021 5169 Dominus
1044 5105 1169 5186 Iuliana,

202 5189 257 5270 qui
273 5194 438 5272 congregat
456 5188 601 5269 expulsos
617 5189 733 5253 Israel:
750 5189 863 5255 Adbuc
879 5190 1062 5273 couqreqato
1076 5212 1171 5272 super

202 5294 270 5338 uem
291 5280 489 5359 couyreqatos
509 5275 587 5340 eius.
631 5275 661 5339 9.
695 5273 807 5341 Omnes
833 5275 945 5342 bestiae
973 5279 1045 5360 apri
1071 5278 1170 5343 vente

1221 1255 1332 1332 maior,
1354 1253 1548 1320 mutatur
1568 1253 1672 1319 multo.

1539 1483 1588 1548 IN
1613 1483 1763 1550 CAPUT
1785 1484 1877 1550 LVI.

1309 1639 1337 1704 1.
1371 1637 1440 1723 (Sic
1469 1638 1545 1703 dicit
1574 1635 1712 1723 latona.)
1754 1637 1898 1722 Insignis
1930 1650 1980 1703 eet
2013 1637 2065 1703 hio
2091 1637 2191 1713 locus,

1222 1744 1285 1806 quo
1308 1725 1451 1789 ostendit
1473 1725 1631 1806 propheta
1652 1723 1728 1806 quid
1752 1722 1843 1788 Deus
1872 1745 1889 1786 a
1920 1723 2013 1789 nobis
2042 1723 2192 1806 postulet,

1222 1809 1321 1873 simul
1344 1831 1381 1875 ao
1403 1811 1523 1875 favoris
1545 1812 1594 1874 sui
1617 1811 1709 1893 signa
1740 1811 1878 1893 profert,
1909 1810 1961 1874 vel
1992 1809 2191 1873 exorabilem

1223 1917 1257 1960 se
1280 1896 1371 1960 nabis
1394 1896 1461 1959 lore
1493 1897 1668 1978 promittit,
1702 1905 1740 1959 ut
1772 1907 1861 1960 certa
1892 1895 1935 1960 sit
1963 1894 2190 1961 reconciliatio.

1224 1981 1339 2064 Exigit
1365 1981 1453 2045 enim
1483 2001 1502 2044 a
1531 1980 1623 2045 nobis
1650 1981 1808 2045 eiusmodi
1838 1981 2081 2046 conversionem
2110 2000 2192 2062 quae

1223 2081 1349 2131 mentes
1382 2082 1512 2131 nostras
1545 2078 1576 2130 et
1609 2068 1734 2131 animos
1767 2068 1933 2142 immutet,
1969 2079 2005 2130 ut
2037 2065 2192 2130 derelicto

1224 2152 1342 2217 mundo
1365 2153 1399 2217 in
1423 2153 1548 2218 eoelum
1572 2154 1727 2234 aspirent.
1772 2151 1900 2216 Deinde
1928 2152 2026 2216 simul
2055 2152 2192 2233 requirit

1223 2240 1348 2304 fruetus
1383 2237 1607 2320 poeniteutiae.
1664 2237 1782 2302 Iudicii
1815 2248 1847 2300 et
1880 2239 2022 2302 iustitiae
2061 2239 2192 2301 nomine

1223 2324 1333 2388 omnia
1363 2325 1510 2389 caritatis
1543 2324 1638 2389 olfioa
1672 2323 1935 2404 comprehendit,
1969 2343 2052 2405 quas
2085 2324 2119 2385 in
2153 2343 2192 2386 eo

1223 2411 1414 2487 ooneistunt,
1439 2421 1560 2473 utnon
1586 2420 1713 2473 tantum
1743 2410 1961 2473 abstineamus
1991 2409 2031 2472 ab
2061 2411 2191 2490 iniuria,

1223 2496 1279 2561 sed
1303 2498 1401 2559 etiam
1424 2508 1460 2560 ut
1482 2516 1541 2576 ope
1565 2507 1675 2560 nostra
1698 2495 1865 2577 proximos
1889 2497 2046 2560 iuvemus.
2081 2497 2191 2576 Atque

1222 2581 1304 2646 haec
1326 2582 1513 2663 posterioris
1536 2580 1665 2644 tabulae
1687 2601 1814 2644 summa
1836 2593 1901 2646 est:
1926 2580 1959 2642 in
1976 2581 2067 2645 euius
2083 2581 2191 2644 obser·

1226 2668 1354 2730 vatione
1385 2668 1514 2749 pietatis
1543 2664 1584 2749 (si
1607 2686 1670 2747 qua
1693 2667 1726 2727 iu
1750 2665 1843 2728 nobis
1873 2665 1935 2749 est)
1969 2666 2190 2729 testimonium

1224 2751 1399 2816 reddimus.
1444 2751 1585 2832 Ideoque
1612 2771 1669 2814 nos
1698 2771 1825 2832 semper
1857 2751 1897 2814 ad
1932 2772 2002 2814 eam
2036 2752 2216 2815 revocant

1226 2838 1418 2919 prophetae:
1453 2839 1606 2919 quoniam
1638 2835 1756 2899 melius
1790 2858 1831 2899 ex
1864 2856 1902 2899 oa
1936 2835 2192 2916 deprehenditur

1224 2923 1335 3004 quales
1357 2923 1470 3002 simus,
1493 2933 1525 2985 et
1546 2923 1753 3005 cognoscitur
1775 2942 1855 2985 vera
1878 2921 2060 3004 integritas,
2090 2943 2190 3002 quum

1225 3009 1413 3091 hypocritae
1429 3010 1467 3072 in
1491 3010 1710 3084 caeremoniis,
1734 3020 1770 3071 ut
1785 3008 1861 3071 alibi
1879 3007 2059 3084 visumst,
2081 3007 2191 3072 fucum

1224 3115 1321 3176 saepe
1351 3094 1482 3159 faciant.
1527 3094 1703 3159 Rationem
1733 3102 1840 3157 autem
1871 3091 1992 3169 reddit,
2026 3113 2063 3157 ao
2095 3093 2192 3157 simul

1224 3182 1346 3244 fontem
1369 3191 1401 3244 et
1423 3199 1553 3243 causam
1577 3177 1731 3258 designat,
1754 3200 1812 3244 our
1833 3199 1946 3242 omues
1969 3178 2009 3242 ad
2034 3179 2119 3243 vitae
2134 3199 2192 3242 no·

1226 3267 1359 3330 vitatem
1383 3266 1507 3348 accingi
1532 3284 1669 3347 aequum
1693 3266 1749 3329 sit:
1773 3265 1847 3347 quia
1866 3265 1952 3328 enim
1975 3264 2100 3328 iustitia
2123 3263 2192 3328 Do·

1224 3352 1304 3415 mini
1328 3352 1368 3415 ad
1392 3373 1449 3415 nos
1472 3352 1717 3433 appropinquat,
1741 3349 1813 3414 ideo
1832 3371 1890 3415 nos
1907 3370 2033 3431 quoque
2049 3350 2191 3414 vicissim
2250 3376 2257 3392 ·

1224 3437 1375 3502 aceedere
1397 3436 1561 3500 debemus.
1606 3437 1732 3499 lustum
1756 3446 1863 3499 autem
1891 3456 1926 3498 se
1950 3435 2110 3499 Dominus
2133 3455 2191 3498 vo-

1223 3533 1284 3600 cat,
1306 3533 1339 3586 et
1361 3523 1516 3586 iustitiam
1540 3521 1681 3604 appellat
1704 3541 1813 3584 suam:
1849 3541 1914 3584 non
1943 3518 2026 3601 quod
2056 3540 2126 3583 eam
2155 3520 2189 3583 in

1223 3630 1257 3672 se
1280 3607 1438 3671 inclusam
1463 3608 1590 3682 babeat,
1618 3605 1674 3670 sed
1699 3604 1783 3687 quod
1806 3625 1877 3668 eam
1902 3608 1933 3668 in
1958 3604 2106 3669 homines
2129 3605 2190 3669 dif-

1223 3692 1347 3757 fundat.
1393 3693 1555 3756 Similiter
1577 3701 1609 3756 et
1630 3691 1761 3755 salutem
1783 3697 1879 3756 vocat
1901 3711 2011 3767 suam,
2045 3711 2109 3772 qua
2131 3689 2190 3756 bo·

1223 3779 1328 3842 mines
1358 3776 1474 3842 liberat
1506 3776 1547 3841 ab
1579 3777 1689 3841 exitio.
1742 3777 1811 3841 Etsi
1842 3787 1952 3840 autem
1983 3776 2023 3840 ad
2052 3775 2191 3842 Iudaeos

1223 3863 1354 3928 habitus
1377 3862 1439 3926 luit
1460 3864 1514 3927 hio
1534 3883 1651 3944 sermo,
1674 3872 1711 3925 ιιι
1732 3863 1858 3926 sincero
1880 3863 1987 3927 cordis
2009 3861 2136 3940 affectu,
2160 3880 2193 3927 et

1223 3950 1422 4032 integritatis
1445 3947 1552 4012 studio
1574 3957 1685 4031 gratos
1708 3968 1742 4012 se
1764 3948 1836 4012 Deo
1865 3947 2064 4029 redemptori
2087 3960 2193 4012 osten·

1223 4035 1353 4109 darent,
1387 4033 1428 4098 ad
1458 4055 1516 4098 nos
1545 4044 1653 4097 tamen
1676 4035 1891 4097 communitor
1913 4042 2044 4114 spectat.
2089 4035 2192 4100 'l'otus

1224 4121 1312 4184 enim
1334 4120 1477 4184 mundus
1499 4120 1531 4182 iu
1555 4141 1589 4184 se
1618 4119 1730 4201 periit,
1765 4119 1826 4181 nisi
1857 4117 1994 4182 salutem
2024 4128 2192 4201 recuperet

1224 4208 1264 4271 ab
1298 4228 1362 4270 uno
1394 4207 1471 4270 Deo.
1517 4205 1668 4269 Notanda
1696 4213 1746 4269 est
1775 4204 1876 4285 igitur
1906 4205 1969 4268 ista
1997 4203 2191 4280 exhortatio,

1225 4313 1289 4374 qua
1312 4290 1464 4357 doeemur
1486 4312 1545 4354 nos
1567 4312 1604 4353 eo
1627 4291 1731 4371 magis
1753 4288 1883 4353 incitari
1906 4287 2022 4354 dobere
2053 4288 2094 4353 ad
2124 4292 2190 4371 pie·

1224 4378 1302 4443 tatis
1335 4377 1479 4442 studium
1512 4396 1576 4458 quo
1610 4375 1792 4457 propriores
1824 4372 1896 4438 Deo
1929 4397 2051 4440 sumus.
2096 4375 2192 4440 Unde

1224 4465 1321 4528 otiam
1355 4462 1508 4527 admonet
1541 4460 1664 4525 Paulus
1697 4458 1806 4545 (Rom.
1840 4459 1897 4535 13,
1929 4461 1997 4547 12);
2041 4460 2192 4526 Abiioere

1224 4570 1323 4632 opera
1345 4549 1568 4613 tenebrarum:
1592 4545 1716 4610 induite
1739 4567 1830 4609 arma
1852 4546 1942 4629 lucis,
1967 4547 2042 4629 quia
2060 4547 2192 4630 propior

1223 4650 1271 4700 est
1293 4633 1382 4699 salus
1404 4646 1514 4698 nostra
1536 4651 1632 4715 quam
1656 4632 1851 4712 putavimus.

1307 4746 1336 4811 2.
1360 4744 1517 4830 (Beatus.)
1550 4744 1670 4808 Beatos
1694 4763 1813 4808 vocans
1835 4743 1891 4825 qui
1911 4742 2089 4807 doctrinam
2107 4742 2192 4810 hano

1223 4833 1364 4913 amplexi
1389 4832 1458 4895 Deo
1481 4851 1515 4894 se
1538 4828 1693 4893 addicunt
1715 4828 1756 4892 ad
1771 4828 1997 4893 rectitudinem
2013 4829 2192 4911 colendam,

1221 4917 1351 5000 oblique
1373 4915 1558 4980 subindicat
1581 4913 1700 4979 multos
1723 4915 1789 4978 lore
1813 4914 1928 4978 surdos
1946 4914 1999 4977 vel
2020 4914 2191 4980 indociles:

1221 5004 1278 5068 sed
1310 5024 1350 5067 ne
1381 5022 1493 5066 eorum
1524 5001 1668 5083 pravitas
1696 4999 1747 5063 vel
1777 4999 1924 5064 socordia
1951 5001 2190 5067 cunctationem

1221 5089 1333 5154 electis
1355 5088 1481 5166 afferat,
1504 5086 1763 5151 exhortationem
1788 5105 1883 5166 quam
1905 5085 2014 5167 posuit
2028 5107 2191 5152 commen-

1307 5293 1329 5362 ¹)
1346 5293 1407 5359 Vel,
1426 5308 1483 5347 suo.

1936 5374 1986 5430 19·
