<?xml version="1.0" encoding="UTF-8"?>
<!DOCTYPE html PUBLIC "-//W3C//DTD XHTML 1.0 Transitional//EN"
    "http://www.w3.org/TR/xhtml1/DTD/xhtml1-transitional.dtd">
<html xmlns="http://www.w3.org/1999/xhtml" xml:lang="en" lang="en">
 <head>
  <title>
</title>
<meta http-equiv="Content-Type" content="text/html;charset=utf-8" />
  <meta name='ocr-system' content='tesseract 3.04.00' />
  <meta name='ocr-capabilities' content='ocr_page ocr_carea ocr_par ocr_line ocrx_word'/>
</head>
<body>
  <div class='ocr_page' id='page_1' title='image "./corpusreformato04melagoog_0124.png"; bbox 0 0 4784 5970; ppageno 0'>
   <div class='ocr_carea' id='block_1_1' title="bbox 196 363 2199 446">
    <p class='ocr_par' dir='ltr' id='par_1_1' title="bbox 196 363 2199 446">
     <span class='ocr_line' id='line_1_1' title="bbox 196 363 2199 446; baseline -0 -1"><span class='ocrx_word' id='word_1_1' title='bbox 196 380 259 446; x_wconf 81' lang='grc'><strong>217</strong></span> <span class='ocrx_word' id='word_1_2' title='bbox 1085 374 1237 443; x_wconf 69' lang='lat' dir='ltr'><strong>CAPUT</strong></span> <span class='ocrx_word' id='word_1_3' title='bbox 1259 374 1300 440; x_wconf 76' lang='lat' dir='ltr'><strong>In</strong></span> <span class='ocrx_word' id='word_1_4' title='bbox 1549 363 1551 367; x_wconf 39' lang='lat'>¹</span> <span class='ocrx_word' id='word_1_5' title='bbox 2136 377 2199 444; x_wconf 81' lang='lat'><strong>218</strong></span> 
     </span>
    </p>
   </div>
   <div class='ocr_carea' id='block_1_2' title="bbox 189 560 2258 5354">
    <p class='ocr_par' dir='ltr' id='par_1_2' title="bbox 189 560 2258 5354">
     <span class='ocr_line' id='line_1_2' title="bbox 198 560 2200 651; baseline -0.001 -13"><span class='ocrx_word' id='word_1_6' title='bbox 198 570 309 638; x_wconf 86' lang='lat' dir='ltr'><strong>verbi:</strong></span> <span class='ocrx_word' id='word_1_7' title='bbox 342 568 466 637; x_wconf 89' lang='lat' dir='ltr'><strong>accedit</strong></span> <span class='ocrx_word' id='word_1_8' title='bbox 494 567 592 634; x_wconf 73' lang='lat' dir='ltr'><strong>auam</strong></span> <span class='ocrx_word' id='word_1_9' title='bbox 615 568 715 632; x_wconf 85' lang='lat' dir='ltr'><strong>variis</strong></span> <span class='ocrx_word' id='word_1_10' title='bbox 737 566 920 643; x_wconf 84' lang='lat' dir='ltr'><strong>beneficiis,</strong></span> <span class='ocrx_word' id='word_1_11' title='bbox 949 584 1033 649; x_wconf 90' lang='lat' dir='ltr'><strong>quae</strong></span> <span class='ocrx_word' id='word_1_12' title='bbox 1054 566 1089 630; x_wconf 91' lang='lat' dir='ltr'><strong>in</strong></span> <span class='ocrx_word' id='word_1_13' title='bbox 1112 583 1173 629; x_wconf 89' lang='lat' dir='ltr'><strong>noe</strong></span> <span class='ocrx_word' id='word_1_14' title='bbox 1227 562 1316 627; x_wconf 85' lang='lat' dir='ltr'><strong>enim</strong></span> <span class='ocrx_word' id='word_1_15' title='bbox 1346 582 1407 628; x_wconf 89' lang='lat' dir='ltr'><strong>nos</strong></span> <span class='ocrx_word' id='word_1_16' title='bbox 1437 560 1603 644; x_wconf 79' lang='lat' dir='ltr'><strong>pudefacit</strong></span> <span class='ocrx_word' id='word_1_17' title='bbox 1630 562 1794 630; x_wconf 82' lang='lat' dir='ltr'><strong>Dominus</strong></span> <span class='ocrx_word' id='word_1_18' title='bbox 1822 573 1860 629; x_wconf 93' lang='lat' dir='ltr'><strong>ut</strong></span> <span class='ocrx_word' id='word_1_19' title='bbox 1887 567 1998 631; x_wconf 90' lang='lat' dir='ltr'><strong>statim</strong></span> <span class='ocrx_word' id='word_1_20' title='bbox 2028 587 2048 632; x_wconf 89' lang='lat' dir='ltr'><strong>a</strong></span> <span class='ocrx_word' id='word_1_21' title='bbox 2076 569 2200 651; x_wconf 89' lang='lat' dir='ltr'><strong>pudore</strong></span> 
     </span>
     <span class='ocr_line' id='line_1_3' title="bbox 199 646 2201 739; baseline -0.001 -15"><span class='ocrx_word' id='word_1_22' title='bbox 199 656 334 731; x_wconf 89' lang='lat' dir='ltr'><strong>conlert,</strong></span> <span class='ocrx_word' id='word_1_23' title='bbox 357 667 390 720; x_wconf 87' lang='lat' dir='ltr'><strong>at</strong></span> <span class='ocrx_word' id='word_1_24' title='bbox 412 653 515 739; x_wconf 87' lang='lat' dir='ltr'><strong>signis</strong></span> <span class='ocrx_word' id='word_1_25' title='bbox 536 651 653 737; x_wconf 90' lang='lat' dir='ltr'><strong>quibus</strong></span> <span class='ocrx_word' id='word_1_26' title='bbox 675 661 844 735; x_wconf 88' lang='lat' dir='ltr'><strong>paternam</strong></span> <span class='ocrx_word' id='word_1_27' title='bbox 866 649 959 717; x_wconf 89' lang='lat' dir='ltr'><strong>nobis</strong></span> <span class='ocrx_word' id='word_1_28' title='bbox 982 649 1173 717; x_wconf 89' lang='lat' dir='ltr'><strong>benevolen-</strong></span> <span class='ocrx_word' id='word_1_29' title='bbox 1227 648 1366 714; x_wconf 87' lang='lat' dir='ltr'><strong>liberare</strong></span> <span class='ocrx_word' id='word_1_30' title='bbox 1388 646 1478 713; x_wconf 84' lang='lat' dir='ltr'><strong>velit.</strong></span> <span class='ocrx_word' id='word_1_31' title='bbox 1516 646 1677 730; x_wconf 79' lang='lat' dir='ltr'><strong>Quamvis</strong></span> <span class='ocrx_word' id='word_1_32' title='bbox 1698 650 1800 734; x_wconf 90' lang='lat' dir='ltr'><strong>igitur</strong></span> <span class='ocrx_word' id='word_1_33' title='bbox 1821 650 2008 718; x_wconf 84' lang='lat' dir='ltr'><strong>iustissimis</strong></span> <span class='ocrx_word' id='word_1_34' title='bbox 2030 651 2201 723; x_wconf 89' lang='lat' dir='ltr'><strong>decausis</strong></span> 
     </span>
     <span class='ocr_line' id='line_1_4' title="bbox 199 733 2200 824; baseline -0.001 -16"><span class='ocrx_word' id='word_1_35' title='bbox 199 744 281 808; x_wconf 91' lang='lat' dir='ltr'><strong>tiam</strong></span> <span class='ocrx_word' id='word_1_36' title='bbox 312 741 522 806; x_wconf 88' lang='lat' dir='ltr'><strong>demonstrat.</strong></span> <span class='ocrx_word' id='word_1_37' title='bbox 575 741 629 804; x_wconf 84' lang='lat' dir='ltr'><strong>An</strong></span> <span class='ocrx_word' id='word_1_38' title='bbox 659 757 753 815; x_wconf 89' lang='lat' dir='ltr'><strong>vero,</strong></span> <span class='ocrx_word' id='word_1_39' title='bbox 782 748 819 802; x_wconf 91' lang='lat' dir='ltr'><strong>ut</strong></span> <span class='ocrx_word' id='word_1_40' title='bbox 848 738 894 802; x_wconf 90' lang='lat' dir='ltr'><strong>ait</strong></span> <span class='ocrx_word' id='word_1_41' title='bbox 921 736 1032 803; x_wconf 83' lang='lat' dir='ltr'><strong>Moses</strong></span> <span class='ocrx_word' id='word_1_42' title='bbox 1061 734 1172 820; x_wconf 85' lang='lat' dir='ltr'><strong>(Dent.</strong></span> <span class='ocrx_word' id='word_1_43' title='bbox 1226 734 1383 800; x_wconf 86' lang='lat' dir='ltr'><strong>reiectum</strong></span> <span class='ocrx_word' id='word_1_44' title='bbox 1417 733 1521 800; x_wconf 80' lang='lat' dir='ltr'><strong>fuisse</strong></span> <span class='ocrx_word' id='word_1_45' title='bbox 1552 735 1708 818; x_wconf 91' lang='lat' dir='ltr'><strong>populum</strong></span> <span class='ocrx_word' id='word_1_46' title='bbox 1743 744 1844 817; x_wconf 90' lang='lat' dir='ltr'><strong>atque</strong></span> <span class='ocrx_word' id='word_1_47' title='bbox 1876 756 1937 802; x_wconf 86' lang='lat' dir='ltr'><strong>sua</strong></span> <span class='ocrx_word' id='word_1_48' title='bbox 1965 737 2062 822; x_wconf 89' lang='lat' dir='ltr'><strong>culpa</strong></span> <span class='ocrx_word' id='word_1_49' title='bbox 2093 743 2200 824; x_wconf 88' lang='lat' dir='ltr'><strong>perire</strong></span> 
     </span>
     <span class='ocr_line' id='line_1_5' title="bbox 199 818 2199 913; baseline 0.001 -21"><span class='ocrx_word' id='word_1_50' title='bbox 199 829 230 908; x_wconf 86' lang='lat'><strong>4,</strong></span> <span class='ocrx_word' id='word_1_51' title='bbox 252 827 324 913; x_wconf 80' lang='lat'><strong>33),</strong></span> <span class='ocrx_word' id='word_1_52' title='bbox 359 826 447 891; x_wconf 91' lang='lat' dir='ltr'><strong>ullus</strong></span> <span class='ocrx_word' id='word_1_53' title='bbox 476 844 622 907; x_wconf 90' lang='lat' dir='ltr'><strong>unquam</strong></span> <span class='ocrx_word' id='word_1_54' title='bbox 652 823 791 907; x_wconf 90' lang='lat' dir='ltr'><strong>populus</strong></span> <span class='ocrx_word' id='word_1_55' title='bbox 821 831 869 888; x_wconf 94' lang='lat' dir='ltr'><strong>tot</strong></span> <span class='ocrx_word' id='word_1_56' title='bbox 894 823 990 905; x_wconf 90' lang='lat' dir='ltr'><strong>signa</strong></span> <span class='ocrx_word' id='word_1_57' title='bbox 1011 821 1109 894; x_wconf 85' lang='lat' dir='ltr'><strong>vidit,</strong></span> <span class='ocrx_word' id='word_1_58' title='bbox 1139 826 1174 885; x_wconf 88' lang='lat' dir='ltr'><strong>et</strong></span> <span class='ocrx_word' id='word_1_59' title='bbox 1225 818 1414 899; x_wconf 87' lang='lat' dir='ltr'><strong>ostenderit,</strong></span> <span class='ocrx_word' id='word_1_60' title='bbox 1433 820 1518 902; x_wconf 92' lang='lat' dir='ltr'><strong>quod</strong></span> <span class='ocrx_word' id='word_1_61' title='bbox 1537 823 1635 886; x_wconf 89' lang='lat' dir='ltr'><strong>etiam</strong></span> <span class='ocrx_word' id='word_1_62' title='bbox 1653 821 1846 887; x_wconf 76' lang='lat' dir='ltr'><strong>liberatione</strong></span> <span class='ocrx_word' id='word_1_63' title='bbox 1863 820 2037 907; x_wconf 91' lang='lat' dir='ltr'><strong>indignum</strong></span> <span class='ocrx_word' id='word_1_64' title='bbox 2055 845 2091 890; x_wconf 90' lang='lat' dir='ltr'><strong>se</strong></span> <span class='ocrx_word' id='word_1_65' title='bbox 2108 846 2199 910; x_wconf 75' lang='lat' dir='ltr'><strong>prae-</strong></span> 
     </span>
     <span class='ocr_line' id='line_1_6' title="bbox 200 903 2198 995; baseline -0.001 -16"><span class='ocrx_word' id='word_1_66' title='bbox 200 932 312 980; x_wconf 85' lang='lat' dir='ltr'><strong>vocem</strong></span> <span class='ocrx_word' id='word_1_67' title='bbox 328 913 391 978; x_wconf 88' lang='lat' dir='ltr'><strong>Dei</strong></span> <span class='ocrx_word' id='word_1_68' title='bbox 409 910 571 995; x_wconf 91' lang='lat' dir='ltr'><strong>loquentis</strong></span> <span class='ocrx_word' id='word_1_69' title='bbox 589 909 723 988; x_wconf 82' lang='lat' dir='ltr'><strong>audivit,</strong></span> <span class='ocrx_word' id='word_1_70' title='bbox 742 918 781 974; x_wconf 91' lang='lat' dir='ltr'><strong>ut</strong></span> <span class='ocrx_word' id='word_1_71' title='bbox 799 907 937 990; x_wconf 91' lang='lat' dir='ltr'><strong>populus</strong></span> <span class='ocrx_word' id='word_1_72' title='bbox 955 907 1037 974; x_wconf 79' lang='lat' dir='ltr'><strong>ista?</strong></span> <span class='ocrx_word' id='word_1_73' title='bbox 1061 905 1173 987; x_wconf 80' lang='lat' dir='ltr'><strong>Quum</strong></span> <span class='ocrx_word' id='word_1_74' title='bbox 1226 903 1328 984; x_wconf 87' lang='lat' dir='ltr'><strong>beret,</strong></span> <span class='ocrx_word' id='word_1_75' title='bbox 1359 913 1468 970; x_wconf 90' lang='lat' dir='ltr'><strong>tamen</strong></span> <span class='ocrx_word' id='word_1_76' title='bbox 1490 906 1652 972; x_wconf 90' lang='lat' dir='ltr'><strong>auxilium</strong></span> <span class='ocrx_word' id='word_1_77' title='bbox 1674 907 1704 971; x_wconf 88' lang='lat' dir='ltr'><strong>ei</strong></span> <span class='ocrx_word' id='word_1_78' title='bbox 1727 908 1898 989; x_wconf 89' lang='lat' dir='ltr'><strong>promittit.</strong></span> <span class='ocrx_word' id='word_1_79' title='bbox 1942 907 2044 976; x_wconf 91' lang='lat' dir='ltr'><strong>Porro</strong></span> <span class='ocrx_word' id='word_1_80' title='bbox 2066 911 2143 993; x_wconf 90' lang='lat' dir='ltr'><strong>quia</strong></span> <span class='ocrx_word' id='word_1_81' title='bbox 2163 914 2198 978; x_wconf 91' lang='lat' dir='ltr'><strong>in</strong></span> 
     </span>
     <span class='ocr_line' id='line_1_7' title="bbox 199 989 2199 1081; baseline 0 -18"><span class='ocrx_word' id='word_1_82' title='bbox 199 999 264 1066; x_wconf 84' lang='lat' dir='ltr'><strong>illis</strong></span> <span class='ocrx_word' id='word_1_83' title='bbox 287 997 370 1062; x_wconf 91' lang='lat' dir='ltr'><strong>nihil</strong></span> <span class='ocrx_word' id='word_1_84' title='bbox 393 996 551 1081; x_wconf 80' lang='lat' dir='ltr'>profuerit</span> <span class='ocrx_word' id='word_1_85' title='bbox 573 995 703 1060; x_wconf 85' lang='lat' dir='ltr'><strong>assidua</strong></span> <span class='ocrx_word' id='word_1_86' title='bbox 724 993 886 1073; x_wconf 81' lang='lat' dir='ltr'><strong>inritatio,</strong></span> <span class='ocrx_word' id='word_1_87' title='bbox 908 992 985 1058; x_wconf 91' lang='lat' dir='ltr'><strong>dum</strong></span> <span class='ocrx_word' id='word_1_88' title='bbox 1007 993 1174 1077; x_wconf 88' lang='lat' dir='ltr'><strong>proposita</strong></span> <span class='ocrx_word' id='word_1_89' title='bbox 1225 1011 1262 1056; x_wconf 93' lang='lat' dir='ltr'><strong>re</strong></span> <span class='ocrx_word' id='word_1_90' title='bbox 1281 989 1407 1055; x_wconf 87' lang='lat' dir='ltr'><strong>difficili</strong></span> <span class='ocrx_word' id='word_1_91' title='bbox 1429 990 1556 1056; x_wconf 89' lang='lat' dir='ltr'><strong>creditu</strong></span> <span class='ocrx_word' id='word_1_92' title='bbox 1578 994 1762 1059; x_wconf 86' lang='lat' dir='ltr'><strong>necessaria</strong></span> <span class='ocrx_word' id='word_1_93' title='bbox 1783 1002 1854 1058; x_wconf 90' lang='lat' dir='ltr'><strong>arat</strong></span> <span class='ocrx_word' id='word_1_94' title='bbox 1876 994 2054 1077; x_wconf 89' lang='lat' dir='ltr'><strong>singularis</strong></span> <span class='ocrx_word' id='word_1_95' title='bbox 2075 999 2199 1063; x_wconf 90' lang='lat' dir='ltr'><strong>autori·</strong></span> 
     </span>
     <span class='ocr_line' id='line_1_8' title="bbox 200 1077 2198 1168; baseline 0 -18"><span class='ocrx_word' id='word_1_96' title='bbox 200 1104 257 1168; x_wconf 89' lang='lat' dir='ltr'><strong>spa</strong></span> <span class='ocrx_word' id='word_1_97' title='bbox 280 1085 396 1149; x_wconf 89' lang='lat' dir='ltr'><strong>veniae</strong></span> <span class='ocrx_word' id='word_1_98' title='bbox 418 1102 473 1147; x_wconf 89' lang='lat' dir='ltr'><strong>eos</strong></span> <span class='ocrx_word' id='word_1_99' title='bbox 495 1081 535 1146; x_wconf 93' lang='lat' dir='ltr'><strong>ad</strong></span> <span class='ocrx_word' id='word_1_100' title='bbox 565 1080 797 1164; x_wconf 89' lang='lat' dir='ltr'><strong>poenitentiam</strong></span> <span class='ocrx_word' id='word_1_101' title='bbox 826 1078 978 1144; x_wconf 78' lang='lat' dir='ltr'><strong>hortatus</strong></span> <span class='ocrx_word' id='word_1_102' title='bbox 1007 1089 1073 1157; x_wconf 90' lang='lat' dir='ltr'><strong>est,</strong></span> <span class='ocrx_word' id='word_1_103' title='bbox 1106 1097 1173 1141; x_wconf 93' lang='lat' dir='ltr'><strong>non</strong></span> <span class='ocrx_word' id='word_1_104' title='bbox 1226 1083 1286 1156; x_wconf 88' lang='lat' dir='ltr'><strong>tas,</strong></span> <span class='ocrx_word' id='word_1_105' title='bbox 1312 1077 1479 1159; x_wconf 79' lang='lat' dir='ltr'><strong>praefatur</strong></span> <span class='ocrx_word' id='word_1_106' title='bbox 1500 1097 1535 1141; x_wconf 89' lang='lat' dir='ltr'><strong>se</strong></span> <span class='ocrx_word' id='word_1_107' title='bbox 1558 1077 1716 1143; x_wconf 81' lang='lat' dir='ltr'><strong>divinitus</strong></span> <span class='ocrx_word' id='word_1_108' title='bbox 1736 1079 1872 1144; x_wconf 91' lang='lat' dir='ltr'><strong>missurn</strong></span> <span class='ocrx_word' id='word_1_109' title='bbox 1896 1098 1975 1158; x_wconf 87' lang='lat' dir='ltr'><strong>esse,</strong></span> <span class='ocrx_word' id='word_1_110' title='bbox 2005 1093 2038 1146; x_wconf 87' lang='lat' dir='ltr'><strong>at</strong></span> <span class='ocrx_word' id='word_1_111' title='bbox 2059 1082 2198 1150; x_wconf 90' lang='lat' dir='ltr'><strong>instruc·</strong></span> 
     </span>
     <span class='ocr_line' id='line_1_9' title="bbox 200 1162 2198 1251; baseline 0 -17"><span class='ocrx_word' id='word_1_112' title='bbox 200 1171 258 1235; x_wconf 88' lang='lat' dir='ltr'><strong>abs</strong></span> <span class='ocrx_word' id='word_1_113' title='bbox 279 1189 315 1235; x_wconf 90' lang='lat' dir='ltr'><strong>re</strong></span> <span class='ocrx_word' id='word_1_114' title='bbox 338 1179 496 1251; x_wconf 88' lang='lat' dir='ltr'><strong>tanquam</strong></span> <span class='ocrx_word' id='word_1_115' title='bbox 523 1165 563 1231; x_wconf 89' lang='lat' dir='ltr'><strong>de</strong></span> <span class='ocrx_word' id='word_1_116' title='bbox 584 1186 621 1232; x_wconf 88' lang='lat' dir='ltr'><strong>re</strong></span> <span class='ocrx_word' id='word_1_117' title='bbox 648 1165 835 1249; x_wconf 87' lang='lat' dir='ltr'><strong>prodigiosa</strong></span> <span class='ocrx_word' id='word_1_118' title='bbox 862 1165 990 1246; x_wconf 89' lang='lat' dir='ltr'><strong>quaerit</strong></span> <span class='ocrx_word' id='word_1_119' title='bbox 1019 1185 1076 1230; x_wconf 91' lang='lat' dir='ltr'><strong>cur</strong></span> <span class='ocrx_word' id='word_1_120' title='bbox 1106 1182 1173 1226; x_wconf 94' lang='lat' dir='ltr'><strong>non</strong></span> <span class='ocrx_word' id='word_1_121' title='bbox 1227 1173 1296 1226; x_wconf 91' lang='lat' dir='ltr'><strong>turn</strong></span> <span class='ocrx_word' id='word_1_122' title='bbox 1326 1162 1368 1226; x_wconf 94' lang='lat' dir='ltr'><strong>ad</strong></span> <span class='ocrx_word' id='word_1_123' title='bbox 1397 1164 1605 1244; x_wconf 89' lang='lat' dir='ltr'><strong>exsequenda</strong></span> <span class='ocrx_word' id='word_1_124' title='bbox 1633 1163 1796 1228; x_wconf 90' lang='lat' dir='ltr'><strong>mandata.</strong></span> <span class='ocrx_word' id='word_1_125' title='bbox 1841 1164 1951 1249; x_wconf 83' lang='lat' dir='ltr'>Vulgo</span> <span class='ocrx_word' id='word_1_126' title='bbox 1978 1166 2066 1233; x_wconf 92' lang='lat' dir='ltr'><strong>hunc</strong></span> <span class='ocrx_word' id='word_1_127' title='bbox 2091 1167 2198 1234; x_wconf 91' lang='lat' dir='ltr'><strong>locum</strong></span> 
     </span>
     <span class='ocr_line' id='line_1_10' title="bbox 200 1246 2197 1337; baseline 0.001 -18"><span class='ocrx_word' id='word_1_128' title='bbox 200 1256 298 1320; x_wconf 86' lang='lat' dir='ltr'><strong>luerit</strong></span> <span class='ocrx_word' id='word_1_129' title='bbox 320 1262 486 1337; x_wconf 84' lang='lat' dir='ltr'><strong>exceptus.</strong></span> <span class='ocrx_word' id='word_1_130' title='bbox 520 1250 671 1318; x_wconf 82' lang='lat' dir='ltr'><strong>Convicti</strong></span> <span class='ocrx_word' id='word_1_131' title='bbox 692 1251 803 1333; x_wconf 89' lang='lat' dir='ltr'><strong>itaque</strong></span> <span class='ocrx_word' id='word_1_132' title='bbox 824 1259 980 1315; x_wconf 86' lang='lat' dir='ltr'><strong>tenentur</strong></span> <span class='ocrx_word' id='word_1_133' title='bbox 997 1247 1173 1332; x_wconf 89' lang='lat' dir='ltr'><strong>ingratitu·</strong></span> <span class='ocrx_word' id='word_1_134' title='bbox 1227 1246 1266 1312; x_wconf 90' lang='lat' dir='ltr'><strong>da</strong></span> <span class='ocrx_word' id='word_1_135' title='bbox 1289 1246 1423 1313; x_wconf 90' lang='lat' dir='ltr'><strong>Christo</strong></span> <span class='ocrx_word' id='word_1_136' title='bbox 1445 1258 1624 1330; x_wconf 87' lang='lat' dir='ltr'><strong>exponunt,</strong></span> <span class='ocrx_word' id='word_1_137' title='bbox 1649 1249 1736 1315; x_wconf 91' lang='lat' dir='ltr'><strong>acsi</strong></span> <span class='ocrx_word' id='word_1_138' title='bbox 1758 1248 1934 1333; x_wconf 87' lang='lat' dir='ltr'><strong>prophetae</strong></span> <span class='ocrx_word' id='word_1_139' title='bbox 1956 1272 2022 1317; x_wconf 93' lang='lat' dir='ltr'><strong>non</strong></span> <span class='ocrx_word' id='word_1_140' title='bbox 2044 1257 2197 1321; x_wconf 88' lang='lat' dir='ltr'><strong>conveni·</strong></span> 
     </span>
     <span class='ocr_line' id='line_1_11' title="bbox 202 1332 2196 1422; baseline 0 -16"><span class='ocrx_word' id='word_1_141' title='bbox 202 1342 298 1421; x_wconf 92' lang='lat' dir='ltr'><strong>dinis,</strong></span> <span class='ocrx_word' id='word_1_142' title='bbox 327 1339 412 1422; x_wconf 92' lang='lat' dir='ltr'><strong>quod</strong></span> <span class='ocrx_word' id='word_1_143' title='bbox 443 1357 544 1421; x_wconf 92' lang='lat' dir='ltr'><strong>quum</strong></span> <span class='ocrx_word' id='word_1_144' title='bbox 566 1337 628 1419; x_wconf 91' lang='lat' dir='ltr'><strong>ipsi</strong></span> <span class='ocrx_word' id='word_1_145' title='bbox 650 1336 759 1401; x_wconf 89' lang='lat' dir='ltr'><strong>Deum</strong></span> <span class='ocrx_word' id='word_1_146' title='bbox 789 1355 944 1418; x_wconf 88' lang='lat' dir='ltr'><strong>quaerere</strong></span> <span class='ocrx_word' id='word_1_147' title='bbox 973 1333 1172 1407; x_wconf 76' lang='lat' dir='ltr'><strong>debuissent,</strong></span> <span class='ocrx_word' id='word_1_148' title='bbox 1226 1343 1293 1412; x_wconf 90' lang='lat' dir='ltr'><strong>ret,</strong></span> <span class='ocrx_word' id='word_1_149' title='bbox 1320 1332 1407 1416; x_wconf 92' lang='lat' dir='ltr'><strong>quod</strong></span> <span class='ocrx_word' id='word_1_150' title='bbox 1435 1344 1548 1416; x_wconf 83' lang='lat' dir='ltr'><strong>postea</strong></span> <span class='ocrx_word' id='word_1_151' title='bbox 1572 1333 1716 1416; x_wconf 76' lang='lat' dir='ltr'><strong>colaphis</strong></span> <span class='ocrx_word' id='word_1_152' title='bbox 1744 1355 1874 1400; x_wconf 90' lang='lat' dir='ltr'><strong>caesum</strong></span> <span class='ocrx_word' id='word_1_153' title='bbox 1904 1356 1940 1401; x_wconf 89' lang='lat' dir='ltr'><strong>se</strong></span> <span class='ocrx_word' id='word_1_154' title='bbox 1965 1338 2065 1405; x_wconf 82' lang='lat' dir='ltr'><strong>fuisse</strong></span> <span class='ocrx_word' id='word_1_155' title='bbox 2093 1338 2196 1407; x_wconf 91' lang='lat' dir='ltr'><strong>dicat:</strong></span> 
     </span>
     <span class='ocr_line' id='line_1_12' title="bbox 200 1417 2196 1511; baseline 0.001 -20"><span class='ocrx_word' id='word_1_156' title='bbox 200 1448 242 1491; x_wconf 92' lang='lat' dir='ltr'><strong>ne</strong></span> <span class='ocrx_word' id='word_1_157' title='bbox 271 1425 359 1490; x_wconf 91' lang='lat' dir='ltr'><strong>ultro</strong></span> <span class='ocrx_word' id='word_1_158' title='bbox 392 1423 521 1508; x_wconf 87' lang='lat' dir='ltr'><strong>quidem</strong></span> <span class='ocrx_word' id='word_1_159' title='bbox 551 1423 697 1488; x_wconf 85' lang='lat' dir='ltr'><strong>venienti</strong></span> <span class='ocrx_word' id='word_1_160' title='bbox 724 1421 934 1487; x_wconf 89' lang='lat' dir='ltr'><strong>occurrerint.</strong></span> <span class='ocrx_word' id='word_1_161' title='bbox 986 1419 1071 1485; x_wconf 88' lang='lat' dir='ltr'><strong>Nam</strong></span> <span class='ocrx_word' id='word_1_162' title='bbox 1098 1417 1173 1501; x_wconf 89' lang='lat' dir='ltr'><strong>plus</strong></span> <span class='ocrx_word' id='word_1_163' title='bbox 1226 1417 1311 1500; x_wconf 91' lang='lat' dir='ltr'><strong>quod</strong></span> <span class='ocrx_word' id='word_1_164' title='bbox 1334 1439 1496 1502; x_wconf 88' lang='lat' dir='ltr'><strong>nusquam</strong></span> <span class='ocrx_word' id='word_1_165' title='bbox 1520 1420 1560 1484; x_wconf 88' lang='lat' dir='ltr'><strong>de</strong></span> <span class='ocrx_word' id='word_1_166' title='bbox 1581 1419 1669 1486; x_wconf 86' lang='lat' dir='ltr'><strong>Ieaia</strong></span> <span class='ocrx_word' id='word_1_167' title='bbox 1690 1419 1821 1503; x_wconf 90' lang='lat' dir='ltr'><strong>legitur.</strong></span> <span class='ocrx_word' id='word_1_168' title='bbox 1864 1421 1990 1486; x_wconf 87' lang='lat' dir='ltr'><strong>Verum</strong></span> <span class='ocrx_word' id='word_1_169' title='bbox 2014 1423 2075 1491; x_wconf 84' lang='lat' dir='ltr'><strong>hoc</strong></span> <span class='ocrx_word' id='word_1_170' title='bbox 2099 1445 2196 1511; x_wconf 88' lang='lat' dir='ltr'><strong>argu-</strong></span> 
     </span>
     <span class='ocr_line' id='line_1_13' title="bbox 202 1504 2197 1595; baseline 0.001 -19"><span class='ocrx_word' id='word_1_171' title='bbox 202 1533 300 1595; x_wconf 90' lang='lat' dir='ltr'><strong>quam</strong></span> <span class='ocrx_word' id='word_1_172' title='bbox 323 1510 444 1595; x_wconf 82' lang='lat' dir='ltr'><strong>ingrati</strong></span> <span class='ocrx_word' id='word_1_173' title='bbox 466 1517 517 1574; x_wconf 85' lang='lat' dir='ltr'><strong>eet</strong></span> <span class='ocrx_word' id='word_1_174' title='bbox 538 1509 639 1573; x_wconf 89' lang='lat' dir='ltr'><strong>animi</strong></span> <span class='ocrx_word' id='word_1_175' title='bbox 661 1506 746 1572; x_wconf 90' lang='lat' dir='ltr'><strong>ultro</strong></span> <span class='ocrx_word' id='word_1_176' title='bbox 776 1506 918 1571; x_wconf 90' lang='lat' dir='ltr'><strong>oblatam</strong></span> <span class='ocrx_word' id='word_1_177' title='bbox 941 1506 1004 1571; x_wconf 91' lang='lat' dir='ltr'><strong>Dei</strong></span> <span class='ocrx_word' id='word_1_178' title='bbox 1033 1504 1174 1589; x_wconf 89' lang='lat' dir='ltr'><strong>gratiam</strong></span> <span class='ocrx_word' id='word_1_179' title='bbox 1225 1512 1374 1569; x_wconf 90' lang='lat' dir='ltr'><strong>mentum</strong></span> <span class='ocrx_word' id='word_1_180' title='bbox 1397 1504 1486 1569; x_wconf 93' lang='lat' dir='ltr'><strong>haud</strong></span> <span class='ocrx_word' id='word_1_181' title='bbox 1508 1506 1588 1571; x_wconf 90' lang='lat' dir='ltr'><strong>satis</strong></span> <span class='ocrx_word' id='word_1_182' title='bbox 1609 1507 1740 1570; x_wconf 91' lang='lat' dir='ltr'><strong>firmum</strong></span> <span class='ocrx_word' id='word_1_183' title='bbox 1763 1515 1828 1570; x_wconf 88' lang='lat' dir='ltr'><strong>est:</strong></span> <span class='ocrx_word' id='word_1_184' title='bbox 1859 1526 1936 1571; x_wconf 90' lang='lat' dir='ltr'><strong>nam</strong></span> <span class='ocrx_word' id='word_1_185' title='bbox 1958 1508 2067 1574; x_wconf 89' lang='lat' dir='ltr'><strong>David</strong></span> <span class='ocrx_word' id='word_1_186' title='bbox 2096 1509 2197 1595; x_wconf 88' lang='lat' dir='ltr'><strong>(Psal.</strong></span> 
     </span>
     <span class='ocr_line' id='line_1_14' title="bbox 202 1588 2197 1680; baseline 0.001 -19"><span class='ocrx_word' id='word_1_187' title='bbox 202 1598 290 1663; x_wconf 88' lang='lat' dir='ltr'><strong>nolle</strong></span> <span class='ocrx_word' id='word_1_188' title='bbox 311 1595 473 1678; x_wconf 88' lang='lat' dir='ltr'><strong>amplecti.</strong></span> <span class='ocrx_word' id='word_1_189' title='bbox 506 1593 547 1659; x_wconf 94' lang='lat' dir='ltr'><strong>In</strong></span> <span class='ocrx_word' id='word_1_190' title='bbox 570 1592 670 1658; x_wconf 89' lang='lat' dir='ltr'><strong>verbo</strong></span> <span class='ocrx_word' id='word_1_191' title='bbox 691 1592 824 1658; x_wconf 73' lang='lat' dir='ltr'><strong>comedi</strong></span> <span class='ocrx_word' id='word_1_192' title='bbox 844 1591 994 1673; x_wconf 87' lang='lat' dir='ltr'><strong>repetitio</strong></span> <span class='ocrx_word' id='word_1_193' title='bbox 1017 1601 1067 1654; x_wconf 92' lang='lat' dir='ltr'><strong>est</strong></span> <span class='ocrx_word' id='word_1_194' title='bbox 1088 1591 1173 1654; x_wconf 88' lang='lat' dir='ltr'><strong>eius·</strong></span> <span class='ocrx_word' id='word_1_195' title='bbox 1226 1589 1282 1668; x_wconf 78' lang='lat'><strong>22,</strong></span> <span class='ocrx_word' id='word_1_196' title='bbox 1306 1588 1360 1674; x_wconf 83' lang='lat'><strong>19)</strong></span> <span class='ocrx_word' id='word_1_197' title='bbox 1394 1592 1541 1673; x_wconf 90' lang='lat' dir='ltr'><strong>queritur</strong></span> <span class='ocrx_word' id='word_1_198' title='bbox 1571 1589 1692 1656; x_wconf 88' lang='lat' dir='ltr'><strong>divisas</strong></span> <span class='ocrx_word' id='word_1_199' title='bbox 1721 1591 1821 1656; x_wconf 84' lang='lat' dir='ltr'><strong>fuisse</strong></span> <span class='ocrx_word' id='word_1_200' title='bbox 1849 1600 1956 1658; x_wconf 87' lang='lat' dir='ltr'><strong>vestes</strong></span> <span class='ocrx_word' id='word_1_201' title='bbox 1985 1614 2078 1678; x_wconf 88' lang='lat' dir='ltr'><strong>suas,</strong></span> <span class='ocrx_word' id='word_1_202' title='bbox 2111 1598 2197 1680; x_wconf 90' lang='lat' dir='ltr'><strong>quod</strong></span> 
     </span>
     <span class='ocr_line' id='line_1_15' title="bbox 202 1672 2197 1761; baseline 0.001 -14"><span class='ocrx_word' id='word_1_203' title='bbox 202 1683 276 1748; x_wconf 91' lang='lat' dir='ltr'><strong>dem</strong></span> <span class='ocrx_word' id='word_1_204' title='bbox 310 1680 495 1746; x_wconf 89' lang='lat' dir='ltr'><strong>sententiae</strong></span> <span class='ocrx_word' id='word_1_205' title='bbox 528 1678 667 1744; x_wconf 83' lang='lat' dir='ltr'><strong>diversis</strong></span> <span class='ocrx_word' id='word_1_206' title='bbox 697 1678 815 1743; x_wconf 88' lang='lat' dir='ltr'><strong>verbis.</strong></span> <span class='ocrx_word' id='word_1_207' title='bbox 856 1677 1004 1742; x_wconf 87' lang='lat' dir='ltr'><strong>Vocante</strong></span> <span class='ocrx_word' id='word_1_208' title='bbox 1031 1675 1103 1740; x_wconf 90' lang='lat' dir='ltr'><strong>Deo</strong></span> <span class='ocrx_word' id='word_1_209' title='bbox 1131 1672 1173 1737; x_wconf 87' lang='lat' dir='ltr'><strong>ad</strong></span> <span class='ocrx_word' id='word_1_210' title='bbox 1226 1677 1355 1758; x_wconf 88' lang='lat' dir='ltr'><strong>proprie</strong></span> <span class='ocrx_word' id='word_1_211' title='bbox 1377 1676 1411 1739; x_wconf 95' lang='lat' dir='ltr'><strong>in</strong></span> <span class='ocrx_word' id='word_1_212' title='bbox 1430 1675 1601 1742; x_wconf 78' lang='lat' dir='ltr'><strong>Christum</strong></span> <span class='ocrx_word' id='word_1_213' title='bbox 1624 1677 1788 1759; x_wconf 88' lang='lat' dir='ltr'><strong>competit.</strong></span> <span class='ocrx_word' id='word_1_214' title='bbox 1822 1677 1896 1742; x_wconf 93' lang='lat' dir='ltr'><strong>Non</strong></span> <span class='ocrx_word' id='word_1_215' title='bbox 1918 1679 2066 1761; x_wconf 88' lang='lat' dir='ltr'><strong>sequitur</strong></span> <span class='ocrx_word' id='word_1_216' title='bbox 2088 1693 2197 1748; x_wconf 89' lang='lat' dir='ltr'><strong>tamen</strong></span> 
     </span>
     <span class='ocr_line' id='line_1_16' title="bbox 201 1760 2197 1848; baseline 0.001 -16"><span class='ocrx_word' id='word_1_217' title='bbox 201 1768 418 1834; x_wconf 86' lang='lat' dir='ltr'><strong>obedientiam</strong></span> <span class='ocrx_word' id='word_1_218' title='bbox 451 1785 511 1830; x_wconf 90' lang='lat' dir='ltr'><strong>nos</strong></span> <span class='ocrx_word' id='word_1_219' title='bbox 543 1772 675 1848; x_wconf 91' lang='lat' dir='ltr'><strong>paratos</strong></span> <span class='ocrx_word' id='word_1_220' title='bbox 696 1772 730 1828; x_wconf 93' lang='lat' dir='ltr'><strong>et</strong></span> <span class='ocrx_word' id='word_1_221' title='bbox 751 1763 946 1844; x_wconf 89' lang='lat' dir='ltr'><strong>compositos</strong></span> <span class='ocrx_word' id='word_1_222' title='bbox 974 1782 1045 1827; x_wconf 90' lang='lat' dir='ltr'><strong>esse</strong></span> <span class='ocrx_word' id='word_1_223' title='bbox 1072 1761 1174 1825; x_wconf 91' lang='lat' dir='ltr'><strong>decet.</strong></span> <span class='ocrx_word' id='word_1_224' title='bbox 1227 1760 1289 1826; x_wconf 93' lang='lat' dir='ltr'><strong>hoc</strong></span> <span class='ocrx_word' id='word_1_225' title='bbox 1311 1781 1331 1825; x_wconf 95' lang='lat' dir='ltr'><strong>a</strong></span> <span class='ocrx_word' id='word_1_226' title='bbox 1352 1760 1481 1826; x_wconf 82' lang='lat' dir='ltr'><strong>Davide</strong></span> <span class='ocrx_word' id='word_1_227' title='bbox 1509 1762 1579 1844; x_wconf 93' lang='lat' dir='ltr'><strong>ipso</strong></span> <span class='ocrx_word' id='word_1_228' title='bbox 1600 1763 1701 1827; x_wconf 84' lang='lat' dir='ltr'><strong>fuisse</strong></span> <span class='ocrx_word' id='word_1_229' title='bbox 1723 1761 1874 1828; x_wconf 91' lang='lat' dir='ltr'><strong>alienum.</strong></span> <span class='ocrx_word' id='word_1_230' title='bbox 1919 1764 2005 1828; x_wconf 84' lang='lat' dir='ltr'><strong>Mihi</strong></span> <span class='ocrx_word' id='word_1_231' title='bbox 2027 1777 2115 1832; x_wconf 89' lang='lat' dir='ltr'><strong>certe</strong></span> <span class='ocrx_word' id='word_1_232' title='bbox 2137 1768 2197 1834; x_wconf 91' lang='lat' dir='ltr'><strong>du·</strong></span> 
     </span>
     <span class='ocr_line' id='line_1_17' title="bbox 201 1845 2197 1933; baseline -0.001 -14"><span class='ocrx_word' id='word_1_233' title='bbox 201 1853 293 1919; x_wconf 89' lang='lat' dir='ltr'><strong>Haec</strong></span> <span class='ocrx_word' id='word_1_234' title='bbox 315 1854 400 1918; x_wconf 88' lang='lat' dir='ltr'><strong>enim</strong></span> <span class='ocrx_word' id='word_1_235' title='bbox 423 1861 473 1917; x_wconf 89' lang='lat' dir='ltr'><strong>est</strong></span> <span class='ocrx_word' id='word_1_236' title='bbox 495 1850 664 1933; x_wconf 89' lang='lat' dir='ltr'><strong>responsio</strong></span> <span class='ocrx_word' id='word_1_237' title='bbox 694 1869 791 1931; x_wconf 89' lang='lat' dir='ltr'><strong>quam</strong></span> <span class='ocrx_word' id='word_1_238' title='bbox 814 1848 875 1913; x_wconf 94' lang='lat' dir='ltr'><strong>sibi</strong></span> <span class='ocrx_word' id='word_1_239' title='bbox 898 1858 1049 1931; x_wconf 89' lang='lat' dir='ltr'><strong>negatam</strong></span> <span class='ocrx_word' id='word_1_240' title='bbox 1075 1847 1174 1911; x_wconf 90' lang='lat' dir='ltr'><strong>l&#39;uisse</strong></span> <span class='ocrx_word' id='word_1_241' title='bbox 1226 1845 1317 1910; x_wconf 92' lang='lat' dir='ltr'><strong>bium</strong></span> <span class='ocrx_word' id='word_1_242' title='bbox 1338 1866 1404 1914; x_wconf 92' lang='lat' dir='ltr'><strong>non</strong></span> <span class='ocrx_word' id='word_1_243' title='bbox 1427 1860 1477 1911; x_wconf 88' lang='lat' dir='ltr'><strong>est</strong></span> <span class='ocrx_word' id='word_1_244' title='bbox 1498 1850 1578 1929; x_wconf 90' lang='lat' dir='ltr'><strong>quin</strong></span> <span class='ocrx_word' id='word_1_245' title='bbox 1596 1848 1698 1914; x_wconf 83' lang='lat' dir='ltr'><strong>Isaiae</strong></span> <span class='ocrx_word' id='word_1_246' title='bbox 1720 1850 1755 1911; x_wconf 94' lang='lat' dir='ltr'><strong>in</strong></span> <span class='ocrx_word' id='word_1_247' title='bbox 1775 1849 1919 1914; x_wconf 89' lang='lat' dir='ltr'><strong>medium</strong></span> <span class='ocrx_word' id='word_1_248' title='bbox 1941 1849 2084 1931; x_wconf 88' lang='lat' dir='ltr'><strong>prodeat,</strong></span> <span class='ocrx_word' id='word_1_249' title='bbox 2106 1854 2197 1920; x_wconf 83' lang='lat' dir='ltr'><strong>velut</strong></span> 
     </span>
     <span class='ocr_line' id='line_1_18' title="bbox 202 1932 2197 2021; baseline 0.001 -18"><span class='ocrx_word' id='word_1_250' title='bbox 202 1939 423 2021; x_wconf 77' lang='lat' dir='ltr'><strong>conqueritur,</strong></span> <span class='ocrx_word' id='word_1_251' title='bbox 457 1935 534 2000; x_wconf 89' lang='lat' dir='ltr'><strong>dum</strong></span> <span class='ocrx_word' id='word_1_252' title='bbox 564 1955 623 1999; x_wconf 91' lang='lat' dir='ltr'><strong>nos</strong></span> <span class='ocrx_word' id='word_1_253' title='bbox 653 1935 721 1999; x_wconf 89' lang='lat' dir='ltr'><strong>eius</strong></span> <span class='ocrx_word' id='word_1_254' title='bbox 744 1933 844 1999; x_wconf 83' lang='lat' dir='ltr'><strong>verbo</strong></span> <span class='ocrx_word' id='word_1_255' title='bbox 872 1942 956 1997; x_wconf 89' lang='lat' dir='ltr'><strong>totos</strong></span> <span class='ocrx_word' id='word_1_256' title='bbox 984 1932 1175 1997; x_wconf 76' lang='lat' dir='ltr'><strong>addicimus.</strong></span> <span class='ocrx_word' id='word_1_257' title='bbox 1227 1932 1256 1996; x_wconf 90' lang='lat' dir='ltr'><strong>is</strong></span> <span class='ocrx_word' id='word_1_258' title='bbox 1285 1932 1342 2013; x_wconf 92' lang='lat' dir='ltr'><strong>qui</strong></span> <span class='ocrx_word' id='word_1_259' title='bbox 1372 1933 1516 1996; x_wconf 90' lang='lat' dir='ltr'><strong>omnium</strong></span> <span class='ocrx_word' id='word_1_260' title='bbox 1546 1954 1716 1998; x_wconf 88' lang='lat' dir='ltr'><strong>servorum</strong></span> <span class='ocrx_word' id='word_1_261' title='bbox 1745 1932 1811 1998; x_wconf 92' lang='lat' dir='ltr'><strong>Dei</strong></span> <span class='ocrx_word' id='word_1_262' title='bbox 1843 1955 2015 2017; x_wconf 87' lang='lat' dir='ltr'><strong>personam</strong></span> <span class='ocrx_word' id='word_1_263' title='bbox 2048 1941 2197 2014; x_wconf 85' lang='lat' dir='ltr'><strong>sustinet,</strong></span> 
     </span>
     <span class='ocr_line' id='line_1_19' title="bbox 204 2017 2197 2103; baseline 0 -13"><span class='ocrx_word' id='word_1_264' title='bbox 204 2024 380 2090; x_wconf 79' lang='lat' dir='ltr'><strong>Caeterum</strong></span> <span class='ocrx_word' id='word_1_265' title='bbox 404 2023 444 2087; x_wconf 91' lang='lat' dir='ltr'><strong>ad</strong></span> <span class='ocrx_word' id='word_1_266' title='bbox 468 2020 745 2086; x_wconf 89' lang='lat' dir='ltr'><strong>circumstantiam</strong></span> <span class='ocrx_word' id='word_1_267' title='bbox 773 2018 834 2084; x_wconf 92' lang='lat' dir='ltr'><strong>loci</strong></span> <span class='ocrx_word' id='word_1_268' title='bbox 866 2018 995 2101; x_wconf 88' lang='lat' dir='ltr'><strong>proprie</strong></span> <span class='ocrx_word' id='word_1_269' title='bbox 1017 2037 1103 2083; x_wconf 91' lang='lat' dir='ltr'><strong>nunc</strong></span> <span class='ocrx_word' id='word_1_270' title='bbox 1125 2037 1176 2081; x_wconf 90' lang='lat' dir='ltr'><strong>re·</strong></span> <span class='ocrx_word' id='word_1_271' title='bbox 1227 2029 1259 2082; x_wconf 93' lang='lat' dir='ltr'><strong>et</strong></span> <span class='ocrx_word' id='word_1_272' title='bbox 1280 2017 1336 2099; x_wconf 89' lang='lat' dir='ltr'><strong>qui</strong></span> <span class='ocrx_word' id='word_1_273' title='bbox 1359 2017 1493 2081; x_wconf 84' lang='lat' dir='ltr'><strong>fuerunt</strong></span> <span class='ocrx_word' id='word_1_274' title='bbox 1514 2018 1556 2083; x_wconf 92' lang='lat' dir='ltr'><strong>ab</strong></span> <span class='ocrx_word' id='word_1_275' title='bbox 1577 2019 1680 2096; x_wconf 92' lang='lat' dir='ltr'><strong>initio,</strong></span> <span class='ocrx_word' id='word_1_276' title='bbox 1710 2031 1742 2083; x_wconf 92' lang='lat' dir='ltr'><strong>et</strong></span> <span class='ocrx_word' id='word_1_277' title='bbox 1765 2021 1821 2101; x_wconf 93' lang='lat' dir='ltr'><strong>qui</strong></span> <span class='ocrx_word' id='word_1_278' title='bbox 1842 2029 1955 2103; x_wconf 88' lang='lat' dir='ltr'><strong>postea</strong></span> <span class='ocrx_word' id='word_1_279' title='bbox 1983 2023 2086 2088; x_wconf 86' lang='lat' dir='ltr'><strong>futuri</strong></span> <span class='ocrx_word' id='word_1_280' title='bbox 2110 2038 2197 2092; x_wconf 88' lang='lat' dir='ltr'><strong>sunt.</strong></span> 
     </span>
     <span class='ocr_line' id='line_1_20' title="bbox 203 2101 2198 2192; baseline 0.002 -19"><span class='ocrx_word' id='word_1_281' title='bbox 203 2110 394 2192; x_wconf 88' lang='lat' dir='ltr'><strong>stringitur:</strong></span> <span class='ocrx_word' id='word_1_282' title='bbox 428 2106 504 2190; x_wconf 92' lang='lat' dir='ltr'><strong>quia</strong></span> <span class='ocrx_word' id='word_1_283' title='bbox 526 2105 618 2170; x_wconf 89' lang='lat' dir='ltr'><strong>Deus</strong></span> <span class='ocrx_word' id='word_1_284' title='bbox 650 2106 774 2169; x_wconf 88' lang='lat' dir='ltr'><strong>exitum</strong></span> <span class='ocrx_word' id='word_1_285' title='bbox 808 2104 902 2169; x_wconf 86' lang='lat' dir='ltr'><strong>malis</strong></span> <span class='ocrx_word' id='word_1_286' title='bbox 925 2123 1036 2169; x_wconf 90' lang='lat' dir='ltr'><strong>eorum</strong></span> <span class='ocrx_word' id='word_1_287' title='bbox 1059 2122 1175 2186; x_wconf 92' lang='lat' dir='ltr'><strong>propo·</strong></span> <span class='ocrx_word' id='word_1_288' title='bbox 1228 2101 1299 2168; x_wconf 84' lang='lat' dir='ltr'><strong>Sibi</strong></span> <span class='ocrx_word' id='word_1_289' title='bbox 1322 2123 1400 2167; x_wconf 90' lang='lat' dir='ltr'><strong>vero</strong></span> <span class='ocrx_word' id='word_1_290' title='bbox 1428 2103 1575 2186; x_wconf 77' lang='lat' dir='ltr'><strong>linquam</strong></span> <span class='ocrx_word' id='word_1_291' title='bbox 1596 2125 1615 2169; x_wconf 92' lang='lat' dir='ltr'><strong>a</strong></span> <span class='ocrx_word' id='word_1_292' title='bbox 1637 2104 1779 2169; x_wconf 91' lang='lat' dir='ltr'><strong>Domino</strong></span> <span class='ocrx_word' id='word_1_293' title='bbox 1809 2105 1919 2171; x_wconf 88' lang='lat' dir='ltr'><strong>datam</strong></span> <span class='ocrx_word' id='word_1_294' title='bbox 1946 2128 2016 2173; x_wconf 90' lang='lat' dir='ltr'><strong>esse</strong></span> <span class='ocrx_word' id='word_1_295' title='bbox 2044 2108 2133 2189; x_wconf 87' lang='lat' dir='ltr'><strong>dicit,</strong></span> <span class='ocrx_word' id='word_1_296' title='bbox 2162 2123 2198 2176; x_wconf 91' lang='lat' dir='ltr'><strong>ut</strong></span> 
     </span>
     <span class='ocr_line' id='line_1_21' title="bbox 204 2187 2198 2276; baseline 0.002 -19"><span class='ocrx_word' id='word_1_297' title='bbox 204 2214 287 2259; x_wconf 92' lang='lat' dir='ltr'><strong>nens</strong></span> <span class='ocrx_word' id='word_1_298' title='bbox 308 2194 470 2259; x_wconf 88' lang='lat' dir='ltr'><strong>obstinate</strong></span> <span class='ocrx_word' id='word_1_299' title='bbox 491 2200 696 2273; x_wconf 87' lang='lat' dir='ltr'><strong>contemptus</strong></span> <span class='ocrx_word' id='word_1_300' title='bbox 718 2190 827 2268; x_wconf 89' lang='lat' dir='ltr'><strong>luerit,</strong></span> <span class='ocrx_word' id='word_1_301' title='bbox 849 2210 886 2254; x_wconf 90' lang='lat' dir='ltr'><strong>ao</strong></span> <span class='ocrx_word' id='word_1_302' title='bbox 908 2192 937 2253; x_wconf 88' lang='lat' dir='ltr'><strong>si</strong></span> <span class='ocrx_word' id='word_1_303' title='bbox 958 2187 1046 2272; x_wconf 89' lang='lat' dir='ltr'><strong>apud</strong></span> <span class='ocrx_word' id='word_1_304' title='bbox 1068 2203 1176 2252; x_wconf 92' lang='lat' dir='ltr'><strong>mutos</strong></span> <span class='ocrx_word' id='word_1_305' title='bbox 1227 2189 1459 2271; x_wconf 89' lang='lat' dir='ltr'><strong>promissiones</strong></span> <span class='ocrx_word' id='word_1_306' title='bbox 1484 2188 1603 2271; x_wconf 92' lang='lat' dir='ltr'><strong>quibus</strong></span> <span class='ocrx_word' id='word_1_307' title='bbox 1624 2191 1781 2273; x_wconf 91' lang='lat' dir='ltr'><strong>populum</strong></span> <span class='ocrx_word' id='word_1_308' title='bbox 1804 2191 1915 2275; x_wconf 86' lang='lat' dir='ltr'><strong>erigit,</strong></span> <span class='ocrx_word' id='word_1_309' title='bbox 1945 2192 2020 2276; x_wconf 90' lang='lat' dir='ltr'><strong>plus</strong></span> <span class='ocrx_word' id='word_1_310' title='bbox 2041 2199 2198 2262; x_wconf 89' lang='lat' dir='ltr'><strong>momenti</strong></span> 
     </span>
     <span class='ocr_line' id='line_1_22' title="bbox 204 2273 2258 2358; baseline 0.002 -15"><span class='ocrx_word' id='word_1_311' title='bbox 204 2293 238 2344; x_wconf 90' lang='lat' dir='ltr'><strong>et</strong></span> <span class='ocrx_word' id='word_1_312' title='bbox 264 2278 381 2343; x_wconf 90' lang='lat' dir='ltr'><strong>surdos</strong></span> <span class='ocrx_word' id='word_1_313' title='bbox 410 2278 509 2343; x_wconf 90' lang='lat' dir='ltr'><strong>verba</strong></span> <span class='ocrx_word' id='word_1_314' title='bbox 537 2278 664 2341; x_wconf 83' lang='lat' dir='ltr'><strong>laceret.</strong></span> <span class='ocrx_word' id='word_1_315' title='bbox 710 2276 800 2340; x_wconf 90' lang='lat' dir='ltr'><strong>Hinc</strong></span> <span class='ocrx_word' id='word_1_316' title='bbox 829 2275 954 2358; x_wconf 80' lang='lat' dir='ltr'><strong>colligit</strong></span> <span class='ocrx_word' id='word_1_317' title='bbox 982 2273 1110 2355; x_wconf 92' lang='lat' dir='ltr'><strong>culpam</strong></span> <span class='ocrx_word' id='word_1_318' title='bbox 1140 2275 1175 2337; x_wconf 91' lang='lat' dir='ltr'><strong>in</strong></span> <span class='ocrx_word' id='word_1_319' title='bbox 1228 2273 1380 2339; x_wconf 85' lang='lat' dir='ltr'><strong>habeant.</strong></span> <span class='ocrx_word' id='word_1_320' title='bbox 1424 2274 1568 2340; x_wconf 86' lang='lat' dir='ltr'><strong>Vacillat</strong></span> <span class='ocrx_word' id='word_1_321' title='bbox 1597 2276 1683 2339; x_wconf 90' lang='lat' dir='ltr'><strong>enim</strong></span> <span class='ocrx_word' id='word_1_322' title='bbox 1712 2276 1793 2341; x_wconf 90' lang='lat' dir='ltr'><strong>fidos</strong></span> <span class='ocrx_word' id='word_1_323' title='bbox 1823 2285 1951 2355; x_wconf 91' lang='lat' dir='ltr'><strong>nostra,</strong></span> <span class='ocrx_word' id='word_1_324' title='bbox 1981 2279 2010 2342; x_wconf 89' lang='lat' dir='ltr'><strong>si</strong></span> <span class='ocrx_word' id='word_1_325' title='bbox 2031 2277 2198 2347; x_wconf 89' lang='lat' dir='ltr'><strong>hominem</strong></span> <span class='ocrx_word' id='word_1_326' title='bbox 2256 2286 2258 2289; x_wconf 80' lang='grc'><strong>’</strong></span> 
     </span>
     <span class='ocr_line' id='line_1_23' title="bbox 204 2359 2199 2448; baseline 0.002 -20"><span class='ocrx_word' id='word_1_327' title='bbox 204 2365 284 2448; x_wconf 89' lang='lat' dir='ltr'><strong>ipsis</strong></span> <span class='ocrx_word' id='word_1_328' title='bbox 303 2365 449 2440; x_wconf 88' lang='lat' dir='ltr'><strong>haerere,</strong></span> <span class='ocrx_word' id='word_1_329' title='bbox 473 2361 557 2445; x_wconf 92' lang='lat' dir='ltr'><strong>quod</strong></span> <span class='ocrx_word' id='word_1_330' title='bbox 575 2382 640 2427; x_wconf 93' lang='lat' dir='ltr'><strong>non</strong></span> <span class='ocrx_word' id='word_1_331' title='bbox 658 2361 754 2427; x_wconf 89' lang='lat' dir='ltr'><strong>citius</strong></span> <span class='ocrx_word' id='word_1_332' title='bbox 772 2359 898 2425; x_wconf 88' lang='lat' dir='ltr'><strong>liberati</strong></span> <span class='ocrx_word' id='word_1_333' title='bbox 917 2360 1054 2425; x_wconf 79' lang='lat' dir='ltr'><strong>luerint:</strong></span> <span class='ocrx_word' id='word_1_334' title='bbox 1077 2359 1176 2440; x_wconf 93' lang='lat' dir='ltr'><strong>idque</strong></span> <span class='ocrx_word' id='word_1_335' title='bbox 1228 2381 1269 2424; x_wconf 90' lang='lat' dir='ltr'><strong>ex</strong></span> <span class='ocrx_word' id='word_1_336' title='bbox 1298 2379 1333 2423; x_wconf 90' lang='lat' dir='ltr'><strong>se</strong></span> <span class='ocrx_word' id='word_1_337' title='bbox 1362 2359 1453 2442; x_wconf 91' lang='lat' dir='ltr'><strong>loqui</strong></span> <span class='ocrx_word' id='word_1_338' title='bbox 1486 2361 1698 2444; x_wconf 90' lang='lat' dir='ltr'><strong>suspicemur.</strong></span> <span class='ocrx_word' id='word_1_339' title='bbox 1748 2361 1857 2445; x_wconf 87' lang='lat' dir='ltr'><strong>Atque</strong></span> <span class='ocrx_word' id='word_1_340' title='bbox 1890 2361 1970 2428; x_wconf 91' lang='lat' dir='ltr'><strong>adeo</strong></span> <span class='ocrx_word' id='word_1_341' title='bbox 2002 2365 2102 2431; x_wconf 89' lang='lat' dir='ltr'><strong>miser</strong></span> <span class='ocrx_word' id='word_1_342' title='bbox 2129 2379 2199 2432; x_wconf 89' lang='lat' dir='ltr'><strong>erat</strong></span> 
     </span>
     <span class='ocr_line' id='line_1_24' title="bbox 203 2444 2197 2531; baseline 0.001 -15"><span class='ocrx_word' id='word_1_343' title='bbox 203 2451 376 2516; x_wconf 86' lang='lat' dir='ltr'><strong>confirmat</strong></span> <span class='ocrx_word' id='word_1_344' title='bbox 400 2447 560 2531; x_wconf 88' lang='lat' dir='ltr'><strong>prioribus</strong></span> <span class='ocrx_word' id='word_1_345' title='bbox 582 2446 830 2530; x_wconf 86' lang='lat' dir='ltr'><strong>experimentis:</strong></span> <span class='ocrx_word' id='word_1_346' title='bbox 853 2447 930 2530; x_wconf 87' lang='lat' dir='ltr'><strong>quia</strong></span> <span class='ocrx_word' id='word_1_347' title='bbox 952 2447 1031 2511; x_wconf 90' lang='lat' dir='ltr'><strong>satie</strong></span> <span class='ocrx_word' id='word_1_348' title='bbox 1052 2446 1123 2528; x_wconf 89' lang='lat' dir='ltr'><strong>opis</strong></span> <span class='ocrx_word' id='word_1_349' title='bbox 1140 2445 1175 2508; x_wconf 94' lang='lat' dir='ltr'><strong>in</strong></span> <span class='ocrx_word' id='word_1_350' title='bbox 1228 2444 1315 2510; x_wconf 93' lang='lat' dir='ltr'><strong>illius</strong></span> <span class='ocrx_word' id='word_1_351' title='bbox 1337 2446 1447 2527; x_wconf 91' lang='lat' dir='ltr'><strong>populi</strong></span> <span class='ocrx_word' id='word_1_352' title='bbox 1469 2456 1583 2523; x_wconf 89' lang='lat' dir='ltr'><strong>statue,</strong></span> <span class='ocrx_word' id='word_1_353' title='bbox 1605 2457 1645 2510; x_wconf 90' lang='lat' dir='ltr'><strong>ut</strong></span> <span class='ocrx_word' id='word_1_354' title='bbox 1664 2446 1764 2512; x_wconf 91' lang='lat' dir='ltr'><strong>nullis</strong></span> <span class='ocrx_word' id='word_1_355' title='bbox 1786 2449 1966 2514; x_wconf 89' lang='lat' dir='ltr'><strong>rationibus</strong></span> <span class='ocrx_word' id='word_1_356' title='bbox 1989 2448 2142 2518; x_wconf 90' lang='lat' dir='ltr'><strong>humanis</strong></span> <span class='ocrx_word' id='word_1_357' title='bbox 2163 2455 2197 2517; x_wconf 89' lang='lat' dir='ltr'><strong>in</strong></span> 
     </span>
     <span class='ocr_line' id='line_1_25' title="bbox 203 2530 2198 2617; baseline 0.001 -17"><span class='ocrx_word' id='word_1_358' title='bbox 203 2556 329 2602; x_wconf 88' lang='lat' dir='ltr'><strong>ecesse</strong></span> <span class='ocrx_word' id='word_1_359' title='bbox 351 2535 491 2617; x_wconf 90' lang='lat' dir='ltr'><strong>positum</strong></span> <span class='ocrx_word' id='word_1_360' title='bbox 514 2533 591 2598; x_wconf 90' lang='lat' dir='ltr'><strong>olim</strong></span> <span class='ocrx_word' id='word_1_361' title='bbox 615 2530 762 2615; x_wconf 90' lang='lat' dir='ltr'><strong>patribus</strong></span> <span class='ocrx_word' id='word_1_362' title='bbox 784 2530 971 2596; x_wconf 89' lang='lat' dir='ltr'><strong>ostenderit.</strong></span> <span class='ocrx_word' id='word_1_363' title='bbox 1011 2530 1115 2595; x_wconf 89' lang='lat' dir='ltr'><strong>Porro</strong></span> <span class='ocrx_word' id='word_1_364' title='bbox 1134 2550 1176 2594; x_wconf 89' lang='lat' dir='ltr'><strong>ne</strong></span> <span class='ocrx_word' id='word_1_365' title='bbox 1228 2550 1318 2613; x_wconf 90' lang='lat' dir='ltr'><strong>spem</strong></span> <span class='ocrx_word' id='word_1_366' title='bbox 1348 2530 1549 2596; x_wconf 90' lang='lat' dir='ltr'><strong>liberationis</strong></span> <span class='ocrx_word' id='word_1_367' title='bbox 1576 2531 1692 2596; x_wconf 89' lang='lat' dir='ltr'><strong>adduci</strong></span> <span class='ocrx_word' id='word_1_368' title='bbox 1715 2546 1833 2615; x_wconf 88' lang='lat' dir='ltr'><strong>posset.</strong></span> <span class='ocrx_word' id='word_1_369' title='bbox 1879 2532 2016 2599; x_wconf 81' lang='lat' dir='ltr'><strong>Summa</strong></span> <span class='ocrx_word' id='word_1_370' title='bbox 2037 2547 2095 2614; x_wconf 91' lang='lat' dir='ltr'><strong>est,</strong></span> <span class='ocrx_word' id='word_1_371' title='bbox 2125 2559 2198 2604; x_wconf 88' lang='lat' dir='ltr'><strong>coe·</strong></span> 
     </span>
     <span class='ocr_line' id='line_1_26' title="bbox 204 2614 2197 2706; baseline 0.002 -22"><span class='ocrx_word' id='word_1_372' title='bbox 204 2619 452 2706; x_wconf 86' lang='lat' dir='ltr'><strong>tergiversando</strong></span> <span class='ocrx_word' id='word_1_373' title='bbox 474 2630 631 2683; x_wconf 83' lang='lat' dir='ltr'><strong>excusent</strong></span> <span class='ocrx_word' id='word_1_374' title='bbox 652 2617 788 2682; x_wconf 91' lang='lat' dir='ltr'><strong>salutem</strong></span> <span class='ocrx_word' id='word_1_375' title='bbox 806 2637 841 2680; x_wconf 90' lang='lat' dir='ltr'><strong>se</strong></span> <span class='ocrx_word' id='word_1_376' title='bbox 859 2624 924 2680; x_wconf 92' lang='lat' dir='ltr'><strong>non</strong></span> <span class='ocrx_word' id='word_1_377' title='bbox 944 2637 1014 2680; x_wconf 90' lang='lat' dir='ltr'><strong>esee</strong></span> <span class='ocrx_word' id='word_1_378' title='bbox 1032 2616 1175 2699; x_wconf 89' lang='lat' dir='ltr'><strong>adeptos,</strong></span> <span class='ocrx_word' id='word_1_379' title='bbox 1228 2616 1309 2680; x_wconf 87' lang='lat' dir='ltr'><strong>leste</strong></span> <span class='ocrx_word' id='word_1_380' title='bbox 1329 2614 1394 2681; x_wconf 93' lang='lat' dir='ltr'><strong>illis</strong></span> <span class='ocrx_word' id='word_1_381' title='bbox 1416 2617 1527 2681; x_wconf 86' lang='lat' dir='ltr'><strong>afferri</strong></span> <span class='ocrx_word' id='word_1_382' title='bbox 1549 2616 1702 2683; x_wconf 90' lang='lat' dir='ltr'><strong>nuntium</strong></span> <span class='ocrx_word' id='word_1_383' title='bbox 1723 2620 1926 2701; x_wconf 89' lang='lat' dir='ltr'><strong>propinquae</strong></span> <span class='ocrx_word' id='word_1_384' title='bbox 1949 2619 2080 2686; x_wconf 88' lang='lat' dir='ltr'><strong>salutis:</strong></span> <span class='ocrx_word' id='word_1_385' title='bbox 2110 2624 2197 2704; x_wconf 93' lang='lat' dir='ltr'><strong>quod</strong></span> 
     </span>
     <span class='ocr_line' id='line_1_27' title="bbox 204 2700 2198 2788; baseline 0.001 -17"><span class='ocrx_word' id='word_1_386' title='bbox 204 2727 303 2788; x_wconf 91' lang='lat' dir='ltr'><strong>quum</strong></span> <span class='ocrx_word' id='word_1_387' title='bbox 327 2716 438 2769; x_wconf 91' lang='lat' dir='ltr'><strong>tamen</strong></span> <span class='ocrx_word' id='word_1_388' title='bbox 460 2703 549 2768; x_wconf 87' lang='lat' dir='ltr'><strong>cordi</strong></span> <span class='ocrx_word' id='word_1_389' title='bbox 571 2709 664 2782; x_wconf 89' lang='lat' dir='ltr'><strong>esset,</strong></span> <span class='ocrx_word' id='word_1_390' title='bbox 690 2723 730 2766; x_wconf 89' lang='lat' dir='ltr'><strong>ex</strong></span> <span class='ocrx_word' id='word_1_391' title='bbox 753 2702 891 2766; x_wconf 87' lang='lat' dir='ltr'><strong>adverso</strong></span> <span class='ocrx_word' id='word_1_392' title='bbox 912 2700 1079 2765; x_wconf 89' lang='lat' dir='ltr'><strong>contendit</strong></span> <span class='ocrx_word' id='word_1_393' title='bbox 1101 2720 1174 2764; x_wconf 92' lang='lat' dir='ltr'><strong>cau·</strong></span> <span class='ocrx_word' id='word_1_394' title='bbox 1228 2703 1256 2766; x_wconf 93' lang='lat' dir='ltr'><strong>si</strong></span> <span class='ocrx_word' id='word_1_395' title='bbox 1280 2702 1351 2783; x_wconf 90' lang='lat' dir='ltr'><strong>quie</strong></span> <span class='ocrx_word' id='word_1_396' title='bbox 1374 2720 1439 2765; x_wconf 96' lang='lat' dir='ltr'><strong>non</strong></span> <span class='ocrx_word' id='word_1_397' title='bbox 1462 2701 1627 2781; x_wconf 90' lang='lat' dir='ltr'><strong>admittat,</strong></span> <span class='ocrx_word' id='word_1_398' title='bbox 1657 2701 1729 2768; x_wconf 93' lang='lat' dir='ltr'><strong>Deo</strong></span> <span class='ocrx_word' id='word_1_399' title='bbox 1751 2723 1786 2767; x_wconf 90' lang='lat' dir='ltr'><strong>se</strong></span> <span class='ocrx_word' id='word_1_400' title='bbox 1808 2704 1961 2769; x_wconf 90' lang='lat' dir='ltr'><strong>rebellem</strong></span> <span class='ocrx_word' id='word_1_401' title='bbox 1991 2716 2023 2769; x_wconf 94' lang='lat' dir='ltr'><strong>et</strong></span> <span class='ocrx_word' id='word_1_402' title='bbox 2051 2707 2198 2772; x_wconf 90' lang='lat' dir='ltr'><strong>immori·</strong></span> 
     </span>
     <span class='ocr_line' id='line_1_28' title="bbox 204 2786 2198 2873; baseline 0.002 -17"><span class='ocrx_word' id='word_1_403' title='bbox 204 2812 272 2857; x_wconf 89' lang='lat' dir='ltr'><strong>sam</strong></span> <span class='ocrx_word' id='word_1_404' title='bbox 296 2788 486 2854; x_wconf 89' lang='lat' dir='ltr'><strong>mutationis</strong></span> <span class='ocrx_word' id='word_1_405' title='bbox 508 2787 585 2852; x_wconf 90' lang='lat' dir='ltr'><strong>alibi</strong></span> <span class='ocrx_word' id='word_1_406' title='bbox 607 2806 705 2869; x_wconf 89' lang='lat' dir='ltr'><strong>qnam</strong></span> <span class='ocrx_word' id='word_1_407' title='bbox 727 2786 761 2850; x_wconf 92' lang='lat' dir='ltr'><strong>in</strong></span> <span class='ocrx_word' id='word_1_408' title='bbox 785 2807 820 2850; x_wconf 91' lang='lat' dir='ltr'><strong>se</strong></span> <span class='ocrx_word' id='word_1_409' title='bbox 842 2786 1076 2867; x_wconf 88' lang='lat' dir='ltr'><strong>quaerendam:</strong></span> <span class='ocrx_word' id='word_1_410' title='bbox 1100 2787 1177 2868; x_wconf 89' lang='lat' dir='ltr'><strong>quia</strong></span> <span class='ocrx_word' id='word_1_411' title='bbox 1229 2807 1342 2871; x_wconf 89' lang='lat' dir='ltr'><strong>gerum</strong></span> <span class='ocrx_word' id='word_1_412' title='bbox 1366 2786 1490 2867; x_wconf 81' lang='lat' dir='ltr'><strong>prodet.</strong></span> <span class='ocrx_word' id='word_1_413' title='bbox 1525 2786 1721 2869; x_wconf 79' lang='lat' dir='ltr'><strong>Quanquam</strong></span> <span class='ocrx_word' id='word_1_414' title='bbox 1745 2800 1854 2854; x_wconf 90' lang='lat' dir='ltr'><strong>autem</strong></span> <span class='ocrx_word' id='word_1_415' title='bbox 1877 2790 2007 2873; x_wconf 91' lang='lat' dir='ltr'><strong>proprie</strong></span> <span class='ocrx_word' id='word_1_416' title='bbox 2029 2791 2126 2857; x_wconf 86' lang='lat' dir='ltr'><strong>fidem</strong></span> <span class='ocrx_word' id='word_1_417' title='bbox 2145 2793 2198 2861; x_wconf 92' lang='lat' dir='ltr'><strong>hic</strong></span> 
     </span>
     <span class='ocr_line' id='line_1_29' title="bbox 205 2870 2197 2958; baseline 0.003 -17"><span class='ocrx_word' id='word_1_418' title='bbox 205 2896 283 2941; x_wconf 88' lang='lat' dir='ltr'><strong>suae</strong></span> <span class='ocrx_word' id='word_1_419' title='bbox 310 2875 475 2957; x_wconf 90' lang='lat' dir='ltr'><strong>potentiae</strong></span> <span class='ocrx_word' id='word_1_420' title='bbox 504 2872 586 2937; x_wconf 92' lang='lat' dir='ltr'><strong>nihil</strong></span> <span class='ocrx_word' id='word_1_421' title='bbox 610 2873 794 2938; x_wconf 89' lang='lat' dir='ltr'><strong>decesserit.</strong></span> <span class='ocrx_word' id='word_1_422' title='bbox 840 2870 884 2936; x_wconf 83' lang='lat' dir='ltr'><strong>Se</strong></span> <span class='ocrx_word' id='word_1_423' title='bbox 907 2872 1009 2954; x_wconf 90' lang='lat' dir='ltr'><strong>igitur</strong></span> <span class='ocrx_word' id='word_1_424' title='bbox 1029 2873 1062 2935; x_wconf 90' lang='lat' dir='ltr'><strong>in</strong></span> <span class='ocrx_word' id='word_1_425' title='bbox 1086 2891 1178 2935; x_wconf 89' lang='lat' dir='ltr'><strong>mora</strong></span> <span class='ocrx_word' id='word_1_426' title='bbox 1227 2872 1290 2937; x_wconf 91' lang='lat' dir='ltr'><strong>sibi</strong></span> <span class='ocrx_word' id='word_1_427' title='bbox 1307 2872 1459 2937; x_wconf 89' lang='lat' dir='ltr'><strong>conciliat</strong></span> <span class='ocrx_word' id='word_1_428' title='bbox 1480 2874 1649 2956; x_wconf 88' lang='lat' dir='ltr'><strong>propheta,</strong></span> <span class='ocrx_word' id='word_1_429' title='bbox 1672 2873 1747 2938; x_wconf 88' lang='lat' dir='ltr'><strong>iude</strong></span> <span class='ocrx_word' id='word_1_430' title='bbox 1767 2884 1875 2940; x_wconf 72' lang='lat' dir='ltr'><strong>mmen</strong></span> <span class='ocrx_word' id='word_1_431' title='bbox 1897 2875 2050 2958; x_wconf 89' lang='lat' dir='ltr'><strong>colligere</strong></span> <span class='ocrx_word' id='word_1_432' title='bbox 2067 2876 2145 2945; x_wconf 90' lang='lat' dir='ltr'><strong>licet</strong></span> <span class='ocrx_word' id='word_1_433' title='bbox 2160 2881 2197 2945; x_wconf 91' lang='lat' dir='ltr'><strong>iu</strong></span> 
     </span>
     <span class='ocr_line' id='line_1_30' title="bbox 204 2955 2197 3048; baseline 0.003 -22"><span class='ocrx_word' id='word_1_434' title='bbox 204 2980 271 3027; x_wconf 86' lang='lat' dir='ltr'><strong>non</strong></span> <span class='ocrx_word' id='word_1_435' title='bbox 300 2961 368 3025; x_wconf 85' lang='lat' dir='ltr'><strong>iore</strong></span> <span class='ocrx_word' id='word_1_436' title='bbox 397 2960 571 3043; x_wconf 89' lang='lat' dir='ltr'><strong>quominus</strong></span> <span class='ocrx_word' id='word_1_437' title='bbox 602 2977 738 3022; x_wconf 90' lang='lat' dir='ltr'><strong>manum</strong></span> <span class='ocrx_word' id='word_1_438' title='bbox 767 2955 989 3023; x_wconf 87' lang='lat' dir='ltr'><strong>laborantibus</strong></span> <span class='ocrx_word' id='word_1_439' title='bbox 1019 2957 1177 3040; x_wconf 89' lang='lat' dir='ltr'><strong>porrigat,</strong></span> <span class='ocrx_word' id='word_1_440' title='bbox 1229 2978 1363 3042; x_wconf 88' lang='lat' dir='ltr'><strong>genere,</strong></span> <span class='ocrx_word' id='word_1_441' title='bbox 1393 2959 1556 3022; x_wconf 89' lang='lat' dir='ltr'><strong>neminem</strong></span> <span class='ocrx_word' id='word_1_442' title='bbox 1584 2958 1737 3024; x_wconf 90' lang='lat' dir='ltr'><strong>idoneum</strong></span> <span class='ocrx_word' id='word_1_443' title='bbox 1768 2980 1839 3025; x_wconf 89' lang='lat' dir='ltr'><strong>esse</strong></span> <span class='ocrx_word' id='word_1_444' title='bbox 1868 2962 1908 3025; x_wconf 92' lang='lat' dir='ltr'><strong>ad</strong></span> <span class='ocrx_word' id='word_1_445' title='bbox 1936 2961 2117 3027; x_wconf 88' lang='lat' dir='ltr'><strong>docendum</strong></span> <span class='ocrx_word' id='word_1_446' title='bbox 2141 2968 2197 3048; x_wconf 89' lang='lat' dir='ltr'><strong>qui</strong></span> 
     </span>
     <span class='ocr_line' id='line_1_31' title="bbox 204 3042 2196 3130; baseline 0.003 -19"><span class='ocrx_word' id='word_1_447' title='bbox 204 3047 268 3112; x_wconf 91' lang='lat' dir='ltr'><strong>nisi</strong></span> <span class='ocrx_word' id='word_1_448' title='bbox 291 3045 434 3130; x_wconf 88' lang='lat' dir='ltr'><strong>maligne</strong></span> <span class='ocrx_word' id='word_1_449' title='bbox 456 3044 615 3109; x_wconf 91' lang='lat' dir='ltr'><strong>auxilium</strong></span> <span class='ocrx_word' id='word_1_450' title='bbox 634 3042 831 3126; x_wconf 82' lang='lat' dir='ltr'><strong>refugerent.</strong></span> <span class='ocrx_word' id='word_1_451' title='bbox 861 3042 934 3106; x_wconf 91' lang='lat' dir='ltr'><strong>Hac</strong></span> <span class='ocrx_word' id='word_1_452' title='bbox 951 3051 1059 3107; x_wconf 88' lang='lat' dir='ltr'><strong>autem</strong></span> <span class='ocrx_word' id='word_1_453' title='bbox 1079 3043 1178 3106; x_wconf 91' lang='lat' dir='ltr'><strong>inter·</strong></span> <span class='ocrx_word' id='word_1_454' title='bbox 1229 3064 1295 3108; x_wconf 93' lang='lat' dir='ltr'><strong>non</strong></span> <span class='ocrx_word' id='word_1_455' title='bbox 1315 3042 1413 3108; x_wconf 84' lang='lat' dir='ltr'><strong>fuerit</strong></span> <span class='ocrx_word' id='word_1_456' title='bbox 1439 3043 1584 3125; x_wconf 91' lang='lat' dir='ltr'><strong>primum</strong></span> <span class='ocrx_word' id='word_1_457' title='bbox 1606 3063 1626 3106; x_wconf 88' lang='lat' dir='ltr'><strong>a</strong></span> <span class='ocrx_word' id='word_1_458' title='bbox 1648 3044 1790 3121; x_wconf 89' lang='lat' dir='ltr'><strong>Domino</strong></span> <span class='ocrx_word' id='word_1_459' title='bbox 1817 3045 1986 3112; x_wconf 75' lang='lat' dir='ltr'><strong>formatus.</strong></span> <span class='ocrx_word' id='word_1_460' title='bbox 2030 3046 2106 3130; x_wconf 79' lang='lat' dir='ltr'><strong>Quo</strong></span> <span class='ocrx_word' id='word_1_461' title='bbox 2129 3072 2196 3116; x_wconf 91' lang='lat' dir='ltr'><strong>mo·</strong></span> 
     </span>
     <span class='ocr_line' id='line_1_32' title="bbox 206 3128 2198 3219; baseline 0.003 -22"><span class='ocrx_word' id='word_1_462' title='bbox 206 3133 373 3217; x_wconf 89' lang='lat' dir='ltr'><strong>rogatione</strong></span> <span class='ocrx_word' id='word_1_463' title='bbox 401 3130 552 3196; x_wconf 85' lang='lat' dir='ltr'><strong>fiduciam</strong></span> <span class='ocrx_word' id='word_1_464' title='bbox 586 3129 744 3193; x_wconf 89' lang='lat' dir='ltr'><strong>maiorem</strong></span> <span class='ocrx_word' id='word_1_465' title='bbox 778 3128 947 3210; x_wconf 87' lang='lat' dir='ltr'><strong>exprimit,</strong></span> <span class='ocrx_word' id='word_1_466' title='bbox 981 3129 1075 3210; x_wconf 90' lang='lat' dir='ltr'><strong>quasi</strong></span> <span class='ocrx_word' id='word_1_467' title='bbox 1108 3148 1177 3191; x_wconf 88' lang='lat' dir='ltr'><strong>rem</strong></span> <span class='ocrx_word' id='word_1_468' title='bbox 1229 3138 1347 3194; x_wconf 89' lang='lat' dir='ltr'><strong>nentur</strong></span> <span class='ocrx_word' id='word_1_469' title='bbox 1367 3129 1413 3211; x_wconf 92' lang='lat' dir='ltr'><strong>pii</strong></span> <span class='ocrx_word' id='word_1_470' title='bbox 1435 3147 1550 3193; x_wconf 87' lang='lat' dir='ltr'><strong>omnes</strong></span> <span class='ocrx_word' id='word_1_471' title='bbox 1571 3128 1719 3195; x_wconf 87' lang='lat' dir='ltr'><strong>doctores</strong></span> <span class='ocrx_word' id='word_1_472' title='bbox 1735 3152 1755 3195; x_wconf 88' lang='lat' dir='ltr'><strong>a</strong></span> <span class='ocrx_word' id='word_1_473' title='bbox 1771 3132 1887 3213; x_wconf 87' lang='lat' dir='ltr'><strong>spiritu</strong></span> <span class='ocrx_word' id='word_1_474' title='bbox 1900 3131 1963 3196; x_wconf 91' lang='lat' dir='ltr'><strong>Dei</strong></span> <span class='ocrx_word' id='word_1_475' title='bbox 1981 3145 2091 3217; x_wconf 89' lang='lat' dir='ltr'><strong>petere</strong></span> <span class='ocrx_word' id='word_1_476' title='bbox 2113 3137 2198 3219; x_wconf 93' lang='lat' dir='ltr'><strong>quod</strong></span> 
     </span>
     <span class='ocr_line' id='line_1_33' title="bbox 206 3211 2196 3303; baseline 0.003 -21"><span class='ocrx_word' id='word_1_477' title='bbox 206 3218 341 3282; x_wconf 89' lang='lat' dir='ltr'><strong>minime</strong></span> <span class='ocrx_word' id='word_1_478' title='bbox 371 3217 503 3281; x_wconf 90' lang='lat' dir='ltr'><strong>dubiam</strong></span> <span class='ocrx_word' id='word_1_479' title='bbox 526 3234 685 3280; x_wconf 85' lang='lat' dir='ltr'><strong>asserens.</strong></span> <span class='ocrx_word' id='word_1_480' title='bbox 729 3212 813 3293; x_wconf 79' lang='lat' dir='ltr'><strong>Quis</strong></span> <span class='ocrx_word' id='word_1_481' title='bbox 833 3215 920 3278; x_wconf 89' lang='lat' dir='ltr'><strong>enim</strong></span> <span class='ocrx_word' id='word_1_482' title='bbox 942 3212 1016 3278; x_wconf 91' lang='lat' dir='ltr'><strong>Deo</strong></span> <span class='ocrx_word' id='word_1_483' title='bbox 1038 3211 1177 3277; x_wconf 88' lang='lat' dir='ltr'><strong>obiicere</strong></span> <span class='ocrx_word' id='word_1_484' title='bbox 1228 3214 1347 3295; x_wconf 91' lang='lat' dir='ltr'><strong>alioqui</strong></span> <span class='ocrx_word' id='word_1_485' title='bbox 1377 3214 1512 3278; x_wconf 91' lang='lat' dir='ltr'><strong>minime</strong></span> <span class='ocrx_word' id='word_1_486' title='bbox 1534 3223 1731 3297; x_wconf 87' lang='lat' dir='ltr'><strong>suppeteret.</strong></span> <span class='ocrx_word' id='word_1_487' title='bbox 1775 3215 1972 3283; x_wconf 87' lang='lat' dir='ltr'><strong>Adhibenda</strong></span> <span class='ocrx_word' id='word_1_488' title='bbox 1993 3228 2043 3283; x_wconf 91' lang='lat' dir='ltr'><strong>est</strong></span> <span class='ocrx_word' id='word_1_489' title='bbox 2065 3221 2196 3303; x_wconf 90' lang='lat' dir='ltr'><strong>quidem</strong></span> 
     </span>
     <span class='ocr_line' id='line_1_34' title="bbox 206 3297 2196 3385; baseline 0.003 -18"><span class='ocrx_word' id='word_1_490' title='bbox 206 3304 341 3379; x_wconf 86' lang='lat' dir='ltr'><strong>audeat,</strong></span> <span class='ocrx_word' id='word_1_491' title='bbox 375 3303 582 3366; x_wconf 89' lang='lat' dir='ltr'><strong>imminutam</strong></span> <span class='ocrx_word' id='word_1_492' title='bbox 611 3319 682 3364; x_wconf 88' lang='lat' dir='ltr'><strong>esse</strong></span> <span class='ocrx_word' id='word_1_493' title='bbox 710 3299 889 3381; x_wconf 88' lang='lat' dir='ltr'><strong>potentiam</strong></span> <span class='ocrx_word' id='word_1_494' title='bbox 917 3297 1043 3381; x_wconf 83' lang='lat' dir='ltr'><strong>ipsius?</strong></span> <span class='ocrx_word' id='word_1_495' title='bbox 1078 3297 1176 3364; x_wconf 90' lang='lat' dir='ltr'><strong>Com·</strong></span> <span class='ocrx_word' id='word_1_496' title='bbox 1228 3298 1399 3377; x_wconf 89' lang='lat' dir='ltr'><strong>sedulitas,</strong></span> <span class='ocrx_word' id='word_1_497' title='bbox 1429 3320 1471 3363; x_wconf 91' lang='lat' dir='ltr'><strong>no</strong></span> <span class='ocrx_word' id='word_1_498' title='bbox 1492 3311 1683 3383; x_wconf 87' lang='lat' dir='ltr'><strong>suggestum</strong></span> <span class='ocrx_word' id='word_1_499' title='bbox 1712 3300 1881 3367; x_wconf 81' lang='lat' dir='ltr'><strong>nisibeno</strong></span> <span class='ocrx_word' id='word_1_500' title='bbox 1907 3305 2014 3385; x_wconf 87' lang='lat' dir='ltr'><strong>parati</strong></span> <span class='ocrx_word' id='word_1_501' title='bbox 2043 3324 2196 3374; x_wconf 87' lang='lat' dir='ltr'><strong>conscen-</strong></span> 
     </span>
     <span class='ocr_line' id='line_1_35' title="bbox 206 3383 2196 3473; baseline 0.003 -20"><span class='ocrx_word' id='word_1_502' title='bbox 206 3398 365 3453; x_wconf 88' lang='lat' dir='ltr'><strong>memorat</strong></span> <span class='ocrx_word' id='word_1_503' title='bbox 397 3388 499 3470; x_wconf 90' lang='lat' dir='ltr'><strong>igitur</strong></span> <span class='ocrx_word' id='word_1_504' title='bbox 529 3404 625 3468; x_wconf 89' lang='lat' dir='ltr'><strong>quam</strong></span> <span class='ocrx_word' id='word_1_505' title='bbox 654 3392 804 3467; x_wconf 88' lang='lat' dir='ltr'><strong>potenter</strong></span> <span class='ocrx_word' id='word_1_506' title='bbox 832 3385 989 3466; x_wconf 90' lang='lat' dir='ltr'><strong>eripuerit</strong></span> <span class='ocrx_word' id='word_1_507' title='bbox 1016 3385 1176 3466; x_wconf 91' lang='lat' dir='ltr'><strong>populum</strong></span> <span class='ocrx_word' id='word_1_508' title='bbox 1229 3385 1322 3450; x_wconf 91' lang='lat' dir='ltr'><strong>dant:</strong></span> <span class='ocrx_word' id='word_1_509' title='bbox 1352 3383 1409 3450; x_wconf 91' lang='lat' dir='ltr'><strong>sed</strong></span> <span class='ocrx_word' id='word_1_510' title='bbox 1431 3384 1609 3449; x_wconf 89' lang='lat' dir='ltr'><strong>tenendum</strong></span> <span class='ocrx_word' id='word_1_511' title='bbox 1630 3399 1680 3451; x_wconf 93' lang='lat' dir='ltr'><strong>est</strong></span> <span class='ocrx_word' id='word_1_512' title='bbox 1701 3386 1782 3451; x_wconf 94' lang='lat' dir='ltr'><strong>illud</strong></span> <span class='ocrx_word' id='word_1_513' title='bbox 1804 3388 2011 3470; x_wconf 89' lang='lat' dir='ltr'><strong>principium,</strong></span> <span class='ocrx_word' id='word_1_514' title='bbox 2033 3410 2196 3473; x_wconf 88' lang='lat' dir='ltr'><strong>quaeeun-</strong></span> 
     </span>
     <span class='ocr_line' id='line_1_36' title="bbox 205 3469 2197 3557; baseline 0.002 -19"><span class='ocrx_word' id='word_1_515' title='bbox 205 3494 302 3538; x_wconf 88' lang='lat' dir='ltr'><strong>suum</strong></span> <span class='ocrx_word' id='word_1_516' title='bbox 325 3493 366 3537; x_wconf 88' lang='lat' dir='ltr'><strong>ex</strong></span> <span class='ocrx_word' id='word_1_517' title='bbox 385 3473 547 3556; x_wconf 86' lang='lat' dir='ltr'><strong>Aegypto,</strong></span> <span class='ocrx_word' id='word_1_518' title='bbox 570 3491 612 3535; x_wconf 89' lang='lat' dir='ltr'><strong>ne</strong></span> <span class='ocrx_word' id='word_1_519' title='bbox 634 3469 730 3534; x_wconf 91' lang='lat' dir='ltr'><strong>hodie</strong></span> <span class='ocrx_word' id='word_1_520' title='bbox 751 3470 859 3552; x_wconf 91' lang='lat' dir='ltr'><strong>ipsum</strong></span> <span class='ocrx_word' id='word_1_521' title='bbox 880 3469 989 3534; x_wconf 89' lang='lat' dir='ltr'><strong>minus</strong></span> <span class='ocrx_word' id='word_1_522' title='bbox 1011 3479 1175 3552; x_wconf 91' lang='lat' dir='ltr'><strong>potentem</strong></span> <span class='ocrx_word' id='word_1_523' title='bbox 1228 3491 1290 3552; x_wconf 91' lang='lat' dir='ltr'><strong>que</strong></span> <span class='ocrx_word' id='word_1_524' title='bbox 1312 3470 1353 3534; x_wconf 91' lang='lat' dir='ltr'><strong>ad</strong></span> <span class='ocrx_word' id='word_1_525' title='bbox 1376 3470 1561 3534; x_wconf 88' lang='lat' dir='ltr'><strong>obeundum</strong></span> <span class='ocrx_word' id='word_1_526' title='bbox 1588 3492 1708 3537; x_wconf 91' lang='lat' dir='ltr'><strong>munus</strong></span> <span class='ocrx_word' id='word_1_527' title='bbox 1731 3475 1913 3539; x_wconf 88' lang='lat' dir='ltr'><strong>necessaria</strong></span> <span class='ocrx_word' id='word_1_528' title='bbox 1939 3485 2034 3552; x_wconf 90' lang='lat' dir='ltr'><strong>sunt,</strong></span> <span class='ocrx_word' id='word_1_529' title='bbox 2063 3477 2197 3557; x_wconf 89' lang='lat' dir='ltr'><strong>spiritus</strong></span> 
     </span>
     <span class='ocr_line' id='line_1_37' title="bbox 205 3554 2196 3639; baseline 0.003 -16"><span class='ocrx_word' id='word_1_530' title='bbox 205 3580 277 3624; x_wconf 86' lang='lat' dir='ltr'><strong>osee</strong></span> <span class='ocrx_word' id='word_1_531' title='bbox 299 3558 509 3634; x_wconf 88' lang='lat' dir='ltr'><strong>arbitrentur,</strong></span> <span class='ocrx_word' id='word_1_532' title='bbox 532 3555 589 3621; x_wconf 89' lang='lat' dir='ltr'><strong>sed</strong></span> <span class='ocrx_word' id='word_1_533' title='bbox 612 3556 692 3620; x_wconf 82' lang='lat' dir='ltr'><strong>vitia</strong></span> <span class='ocrx_word' id='word_1_534' title='bbox 714 3576 773 3620; x_wconf 88' lang='lat' dir='ltr'><strong>sua</strong></span> <span class='ocrx_word' id='word_1_535' title='bbox 795 3554 959 3620; x_wconf 88' lang='lat' dir='ltr'><strong>obstaculo</strong></span> <span class='ocrx_word' id='word_1_536' title='bbox 981 3574 1053 3619; x_wconf 85' lang='lat' dir='ltr'><strong>esee</strong></span> <span class='ocrx_word' id='word_1_537' title='bbox 1075 3575 1175 3637; x_wconf 88' lang='lat' dir='ltr'><strong>agno·</strong></span> <span class='ocrx_word' id='word_1_538' title='bbox 1228 3557 1333 3621; x_wconf 90' lang='lat' dir='ltr'><strong>sancti</strong></span> <span class='ocrx_word' id='word_1_539' title='bbox 1355 3555 1441 3620; x_wconf 89' lang='lat' dir='ltr'><strong>dona</strong></span> <span class='ocrx_word' id='word_1_540' title='bbox 1464 3575 1543 3620; x_wconf 85' lang='lat' dir='ltr'><strong>cese.</strong></span> <span class='ocrx_word' id='word_1_541' title='bbox 1589 3557 1634 3621; x_wconf 86' lang='lat' dir='ltr'><strong>Et</strong></span> <span class='ocrx_word' id='word_1_542' title='bbox 1657 3578 1735 3621; x_wconf 91' lang='lat' dir='ltr'><strong>sane</strong></span> <span class='ocrx_word' id='word_1_543' title='bbox 1756 3579 1885 3623; x_wconf 92' lang='lat' dir='ltr'><strong>summa</strong></span> <span class='ocrx_word' id='word_1_544' title='bbox 1907 3568 1993 3623; x_wconf 90' lang='lat' dir='ltr'><strong>esset</strong></span> <span class='ocrx_word' id='word_1_545' title='bbox 2020 3563 2196 3639; x_wconf 87' lang='lat' dir='ltr'><strong>temeritas,</strong></span> 
     </span>
     <span class='ocr_line' id='line_1_38' title="bbox 204 3640 2197 3725; baseline 0.002 -16"><span class='ocrx_word' id='word_1_546' title='bbox 204 3653 308 3709; x_wconf 88' lang='lat' dir='ltr'><strong>scant.</strong></span> <span class='ocrx_word' id='word_1_547' title='bbox 352 3644 440 3709; x_wconf 89' lang='lat' dir='ltr'><strong>Dicit</strong></span> <span class='ocrx_word' id='word_1_548' title='bbox 462 3641 683 3724; x_wconf 85' lang='lat' dir='ltr'><strong>increpatione</strong></span> <span class='ocrx_word' id='word_1_549' title='bbox 705 3661 765 3705; x_wconf 89' lang='lat' dir='ltr'><strong>sua</strong></span> <span class='ocrx_word' id='word_1_550' title='bbox 786 3641 941 3706; x_wconf 87' lang='lat' dir='ltr'><strong>siccatum</strong></span> <span class='ocrx_word' id='word_1_551' title='bbox 962 3660 1061 3716; x_wconf 90' lang='lat' dir='ltr'><strong>mare,</strong></span> <span class='ocrx_word' id='word_1_552' title='bbox 1084 3640 1176 3723; x_wconf 90' lang='lat' dir='ltr'><strong>quasi</strong></span> <span class='ocrx_word' id='word_1_553' title='bbox 1229 3642 1291 3705; x_wconf 93' lang='lat' dir='ltr'><strong>nisi</strong></span> <span class='ocrx_word' id='word_1_554' title='bbox 1309 3640 1443 3722; x_wconf 89' lang='lat' dir='ltr'><strong>spiritus</strong></span> <span class='ocrx_word' id='word_1_555' title='bbox 1460 3642 1565 3707; x_wconf 88' lang='lat' dir='ltr'><strong>sancti</strong></span> <span class='ocrx_word' id='word_1_556' title='bbox 1584 3654 1693 3707; x_wconf 87' lang='lat' dir='ltr'><strong>essent</strong></span> <span class='ocrx_word' id='word_1_557' title='bbox 1710 3663 1840 3725; x_wconf 84' lang='lat' dir='ltr'><strong>organa,</strong></span> <span class='ocrx_word' id='word_1_558' title='bbox 1860 3643 1989 3725; x_wconf 91' lang='lat' dir='ltr'><strong>prodire</strong></span> <span class='ocrx_word' id='word_1_559' title='bbox 2004 3647 2039 3708; x_wconf 92' lang='lat' dir='ltr'><strong>in</strong></span> <span class='ocrx_word' id='word_1_560' title='bbox 2054 3646 2197 3713; x_wconf 89' lang='lat' dir='ltr'><strong>medium</strong></span> 
     </span>
     <span class='ocr_line' id='line_1_39' title="bbox 203 3726 1454 3807; baseline -0.003 -14"><span class='ocrx_word' id='word_1_561' title='bbox 203 3741 362 3794; x_wconf 88' lang='lat' dir='ltr'><strong>terrorem</strong></span> <span class='ocrx_word' id='word_1_562' title='bbox 390 3728 565 3795; x_wconf 90' lang='lat' dir='ltr'><strong>incusserit</strong></span> <span class='ocrx_word' id='word_1_563' title='bbox 586 3726 675 3791; x_wconf 89' lang='lat' dir='ltr'><strong>velut</strong></span> <span class='ocrx_word' id='word_1_564' title='bbox 696 3726 947 3791; x_wconf 89' lang='lat' dir='ltr'><strong>comminatione</strong></span> <span class='ocrx_word' id='word_1_565' title='bbox 974 3727 1174 3807; x_wconf 86' lang='lat' dir='ltr'><strong>interposita.</strong></span> <span class='ocrx_word' id='word_1_566' title='bbox 1228 3726 1293 3790; x_wconf 90' lang='lat' dir='ltr'><strong>Dei</strong></span> <span class='ocrx_word' id='word_1_567' title='bbox 1314 3726 1454 3789; x_wconf 90' lang='lat' dir='ltr'><strong>nomine.</strong></span> 
     </span>
     <span class='ocr_line' id='line_1_40' title="bbox 205 3808 2198 3900; baseline 0.003 -22"><span class='ocrx_word' id='word_1_568' title='bbox 205 3816 288 3879; x_wconf 78' lang='lat' dir='ltr'><strong>Eius</strong></span> <span class='ocrx_word' id='word_1_569' title='bbox 305 3816 393 3879; x_wconf 88' lang='lat' dir='ltr'><strong>enirn</strong></span> <span class='ocrx_word' id='word_1_570' title='bbox 412 3816 502 3879; x_wconf 89' lang='lat' dir='ltr'><strong>iussu</strong></span> <span class='ocrx_word' id='word_1_571' title='bbox 517 3822 551 3877; x_wconf 89' lang='lat' dir='ltr'><strong>et</strong></span> <span class='ocrx_word' id='word_1_572' title='bbox 565 3813 701 3896; x_wconf 90' lang='lat' dir='ltr'><strong>imperio</strong></span> <span class='ocrx_word' id='word_1_573' title='bbox 721 3811 826 3875; x_wconf 84' lang='lat' dir='ltr'><strong>divisa</strong></span> <span class='ocrx_word' id='word_1_574' title='bbox 844 3820 921 3875; x_wconf 88' lang='lat' dir='ltr'><strong>eunt</strong></span> <span class='ocrx_word' id='word_1_575' title='bbox 939 3810 1050 3886; x_wconf 88' lang='lat' dir='ltr'><strong>maria,</strong></span> <span class='ocrx_word' id='word_1_576' title='bbox 1071 3818 1107 3873; x_wconf 93' lang='lat' dir='ltr'><strong>ut</strong></span> <span class='ocrx_word' id='word_1_577' title='bbox 1122 3810 1176 3875; x_wconf 89' lang='lat' dir='ltr'><strong>via</strong></span> <span class='ocrx_word' id='word_1_578' title='bbox 1313 3808 1373 3896; x_wconf 83' lang='lat' dir='ltr'><strong>(Ul</strong></span> <span class='ocrx_word' id='word_1_579' title='bbox 1404 3809 1524 3895; x_wconf 67' lang='lat' dir='ltr'><strong>suom.)</strong></span> <span class='ocrx_word' id='word_1_580' title='bbox 1578 3810 1643 3876; x_wconf 90' lang='lat' dir='ltr'><strong>Hic</strong></span> <span class='ocrx_word' id='word_1_581' title='bbox 1676 3811 1797 3894; x_wconf 90' lang='lat' dir='ltr'><strong>aliquid</strong></span> <span class='ocrx_word' id='word_1_582' title='bbox 1836 3812 2096 3882; x_wconf 90' lang='lat' dir='ltr'><strong>subaudiendum</strong></span> <span class='ocrx_word' id='word_1_583' title='bbox 2136 3831 2198 3900; x_wconf 90' lang='lat' dir='ltr'><strong>est,</strong></span> 
     </span>
     <span class='ocr_line' id='line_1_41' title="bbox 205 3894 2194 3983; baseline 0.003 -19"><span class='ocrx_word' id='word_1_584' title='bbox 205 3901 382 3983; x_wconf 87' lang='lat' dir='ltr'><strong>patefieret,</strong></span> <span class='ocrx_word' id='word_1_585' title='bbox 399 3908 431 3962; x_wconf 88' lang='lat' dir='ltr'><strong>et</strong></span> <span class='ocrx_word' id='word_1_586' title='bbox 445 3898 602 3963; x_wconf 90' lang='lat' dir='ltr'><strong>Iordanes</strong></span> <span class='ocrx_word' id='word_1_587' title='bbox 619 3906 799 3962; x_wconf 90' lang='lat' dir='ltr'><strong>retrorsum</strong></span> <span class='ocrx_word' id='word_1_588' title='bbox 817 3903 909 3961; x_wconf 90' lang='lat' dir='ltr'><strong>actus</strong></span> <span class='ocrx_word' id='word_1_589' title='bbox 924 3906 983 3960; x_wconf 90' lang='lat' dir='ltr'><strong>est.</strong></span> <span class='ocrx_word' id='word_1_590' title='bbox 1012 3895 1062 3960; x_wconf 91' lang='lat' dir='ltr'><strong>Ita</strong></span> <span class='ocrx_word' id='word_1_591' title='bbox 1079 3894 1177 3960; x_wconf 88' lang='lat' dir='ltr'><strong>fiebat</strong></span> <span class='ocrx_word' id='word_1_592' title='bbox 1229 3917 1356 3980; x_wconf 91' lang='lat' dir='ltr'><strong>nempe,</strong></span> <span class='ocrx_word' id='word_1_593' title='bbox 1386 3895 1623 3973; x_wconf 87' lang='lat' dir='ltr'><strong>administrare,</strong></span> <span class='ocrx_word' id='word_1_594' title='bbox 1653 3897 1707 3962; x_wconf 85' lang='lat' dir='ltr'><strong>vel</strong></span> <span class='ocrx_word' id='word_1_595' title='bbox 1735 3918 1921 3981; x_wconf 88' lang='lat' dir='ltr'><strong>proponere.</strong></span> <span class='ocrx_word' id='word_1_596' title='bbox 1966 3899 2099 3968; x_wconf 83' lang='lat' dir='ltr'><strong>Sciendi</strong></span> <span class='ocrx_word' id='word_1_597' title='bbox 2120 3925 2194 3970; x_wconf 88' lang='lat' dir='ltr'><strong>ver·</strong></span> 
     </span>
     <span class='ocr_line' id='line_1_42' title="bbox 207 3981 2195 4074; baseline 0.002 -23"><span class='ocrx_word' id='word_1_598' title='bbox 207 3997 243 4051; x_wconf 93' lang='lat' dir='ltr'><strong>ut</strong></span> <span class='ocrx_word' id='word_1_599' title='bbox 262 3985 368 4069; x_wconf 89' lang='lat' dir='ltr'><strong>pisces</strong></span> <span class='ocrx_word' id='word_1_600' title='bbox 388 4005 472 4066; x_wconf 91' lang='lat' dir='ltr'><strong>aqua</strong></span> <span class='ocrx_word' id='word_1_601' title='bbox 493 3983 640 4047; x_wconf 90' lang='lat' dir='ltr'><strong>destituti</strong></span> <span class='ocrx_word' id='word_1_602' title='bbox 660 3983 834 4053; x_wconf 87' lang='lat' dir='ltr'><strong>interirent</strong></span> <span class='ocrx_word' id='word_1_603' title='bbox 854 4001 891 4046; x_wconf 88' lang='lat' dir='ltr'><strong>ac</strong></span> <span class='ocrx_word' id='word_1_604' title='bbox 909 3982 1131 4063; x_wconf 88' lang='lat' dir='ltr'><strong>putrefierent.</strong></span> <span class='ocrx_word' id='word_1_605' title='bbox 1228 3983 1304 4047; x_wconf 89' lang='lat' dir='ltr'><strong>bum</strong></span> <span class='ocrx_word' id='word_1_606' title='bbox 1327 3981 1550 4063; x_wconf 89' lang='lat' dir='ltr'><strong>complectitur</strong></span> <span class='ocrx_word' id='word_1_607' title='bbox 1570 3981 1781 4064; x_wconf 89' lang='lat' dir='ltr'><strong>prudentiam</strong></span> <span class='ocrx_word' id='word_1_608' title='bbox 1804 4004 1841 4048; x_wconf 92' lang='lat' dir='ltr'><strong>ao</strong></span> <span class='ocrx_word' id='word_1_609' title='bbox 1863 3983 2099 4067; x_wconf 88' lang='lat' dir='ltr'><strong>dexteritatem,</strong></span> <span class='ocrx_word' id='word_1_610' title='bbox 2130 4011 2195 4074; x_wconf 90' lang='lat' dir='ltr'><strong>qua</strong></span> 
     </span>
     <span class='ocr_line' id='line_1_43' title="bbox 291 4066 2194 4156; baseline 0.002 -21"><span class='ocrx_word' id='word_1_611' title='bbox 291 4072 321 4137; x_wconf 86' lang='lat'><strong>3.</strong></span> <span class='ocrx_word' id='word_1_612' title='bbox 355 4070 473 4156; x_wconf 79' lang='lat' dir='ltr'><strong>(Indae</strong></span> <span class='ocrx_word' id='word_1_613' title='bbox 494 4067 614 4153; x_wconf 79' lang='lat' dir='ltr'><strong>coetos.)</strong></span> <span class='ocrx_word' id='word_1_614' title='bbox 657 4066 901 4133; x_wconf 76' lang='lat' dir='ltr'><strong>Commemorat</strong></span> <span class='ocrx_word' id='word_1_615' title='bbox 930 4066 1028 4131; x_wconf 89' lang='lat' dir='ltr'><strong>etiam</strong></span> <span class='ocrx_word' id='word_1_616' title='bbox 1058 4067 1176 4132; x_wconf 89' lang='lat' dir='ltr'><strong>densas</strong></span> <span class='ocrx_word' id='word_1_617' title='bbox 1228 4068 1407 4133; x_wconf 91' lang='lat' dir='ltr'><strong>instructus</strong></span> <span class='ocrx_word' id='word_1_618' title='bbox 1429 4066 1523 4131; x_wconf 89' lang='lat' dir='ltr'><strong>debet</strong></span> <span class='ocrx_word' id='word_1_619' title='bbox 1551 4086 1621 4131; x_wconf 87' lang='lat' dir='ltr'><strong>esee</strong></span> <span class='ocrx_word' id='word_1_620' title='bbox 1650 4080 1778 4149; x_wconf 89' lang='lat' dir='ltr'><strong>pastor,</strong></span> <span class='ocrx_word' id='word_1_621' title='bbox 1812 4079 1851 4132; x_wconf 93' lang='lat' dir='ltr'><strong>ut</strong></span> <span class='ocrx_word' id='word_1_622' title='bbox 1883 4070 2022 4137; x_wconf 90' lang='lat' dir='ltr'><strong>fideliter</strong></span> <span class='ocrx_word' id='word_1_623' title='bbox 2054 4084 2087 4137; x_wconf 91' lang='lat' dir='ltr'><strong>et</strong></span> <span class='ocrx_word' id='word_1_624' title='bbox 2120 4096 2194 4141; x_wconf 91' lang='lat' dir='ltr'><strong>cum</strong></span> 
     </span>
     <span class='ocr_line' id='line_1_44' title="bbox 205 4150 2193 4238; baseline 0.003 -17"><span class='ocrx_word' id='word_1_625' title='bbox 205 4156 278 4223; x_wconf 89' lang='lat' dir='ltr'><strong>illas</strong></span> <span class='ocrx_word' id='word_1_626' title='bbox 300 4157 461 4236; x_wconf 90' lang='lat' dir='ltr'><strong>tenebras,</strong></span> <span class='ocrx_word' id='word_1_627' title='bbox 488 4174 571 4238; x_wconf 90' lang='lat' dir='ltr'><strong>quae</strong></span> <span class='ocrx_word' id='word_1_628' title='bbox 595 4155 695 4217; x_wconf 88' lang='lat' dir='ltr'><strong>trium</strong></span> <span class='ocrx_word' id='word_1_629' title='bbox 720 4153 845 4218; x_wconf 89' lang='lat' dir='ltr'><strong>dierum</strong></span> <span class='ocrx_word' id='word_1_630' title='bbox 868 4153 973 4235; x_wconf 90' lang='lat' dir='ltr'><strong>spatio</strong></span> <span class='ocrx_word' id='word_1_631' title='bbox 994 4174 1054 4235; x_wconf 89' lang='lat' dir='ltr'><strong>per</strong></span> <span class='ocrx_word' id='word_1_632' title='bbox 1075 4162 1174 4216; x_wconf 89' lang='lat' dir='ltr'><strong>totam</strong></span> <span class='ocrx_word' id='word_1_633' title='bbox 1227 4154 1333 4217; x_wconf 83' lang='lat' dir='ltr'><strong>fructu</strong></span> <span class='ocrx_word' id='word_1_634' title='bbox 1367 4152 1503 4217; x_wconf 89' lang='lat' dir='ltr'><strong>verbum</strong></span> <span class='ocrx_word' id='word_1_635' title='bbox 1525 4150 1589 4216; x_wconf 90' lang='lat' dir='ltr'><strong>Dei</strong></span> <span class='ocrx_word' id='word_1_636' title='bbox 1620 4153 1842 4218; x_wconf 85' lang='lat' dir='ltr'><strong>administret:</strong></span> <span class='ocrx_word' id='word_1_637' title='bbox 1876 4157 1971 4237; x_wconf 89' lang='lat' dir='ltr'><strong>quasi</strong></span> <span class='ocrx_word' id='word_1_638' title='bbox 2004 4158 2125 4225; x_wconf 88' lang='lat' dir='ltr'><strong>diceret</strong></span> <span class='ocrx_word' id='word_1_639' title='bbox 2158 4183 2193 4226; x_wconf 89' lang='lat' dir='ltr'><strong>ec</strong></span> 
     </span>
     <span class='ocr_line' id='line_1_45' title="bbox 206 4238 2193 4327; baseline 0.001 -18"><span class='ocrx_word' id='word_1_640' title='bbox 206 4243 395 4327; x_wconf 83' lang='lat' dir='ltr'><strong>Aegyptum</strong></span> <span class='ocrx_word' id='word_1_641' title='bbox 426 4242 550 4306; x_wconf 88' lang='lat' dir='ltr'><strong>effusae</strong></span> <span class='ocrx_word' id='word_1_642' title='bbox 578 4249 673 4304; x_wconf 91' lang='lat' dir='ltr'><strong>sunt:</strong></span> <span class='ocrx_word' id='word_1_643' title='bbox 707 4249 786 4304; x_wconf 91' lang='lat' dir='ltr'><strong>tunc</strong></span> <span class='ocrx_word' id='word_1_644' title='bbox 818 4240 905 4303; x_wconf 88' lang='lat' dir='ltr'><strong>enim</strong></span> <span class='ocrx_word' id='word_1_645' title='bbox 933 4239 1059 4304; x_wconf 86' lang='lat' dir='ltr'><strong>coelum</strong></span> <span class='ocrx_word' id='word_1_646' title='bbox 1087 4238 1177 4302; x_wconf 88' lang='lat' dir='ltr'><strong>velut</strong></span> <span class='ocrx_word' id='word_1_647' title='bbox 1227 4238 1326 4321; x_wconf 91' lang='lat' dir='ltr'><strong>probe</strong></span> <span class='ocrx_word' id='word_1_648' title='bbox 1347 4238 1495 4303; x_wconf 88' lang='lat' dir='ltr'><strong>edoctum</strong></span> <span class='ocrx_word' id='word_1_649' title='bbox 1515 4238 1614 4303; x_wconf 85' lang='lat' dir='ltr'><strong>fuisse</strong></span> <span class='ocrx_word' id='word_1_650' title='bbox 1636 4239 1669 4302; x_wconf 94' lang='lat' dir='ltr'><strong>in</strong></span> <span class='ocrx_word' id='word_1_651' title='bbox 1691 4239 1802 4306; x_wconf 90' lang='lat' dir='ltr'><strong>schola</strong></span> <span class='ocrx_word' id='word_1_652' title='bbox 1822 4238 1896 4316; x_wconf 92' lang='lat' dir='ltr'><strong>Dei,</strong></span> <span class='ocrx_word' id='word_1_653' title='bbox 1920 4252 2017 4325; x_wconf 90' lang='lat' dir='ltr'><strong>atque</strong></span> <span class='ocrx_word' id='word_1_654' title='bbox 2039 4246 2084 4309; x_wconf 90' lang='lat' dir='ltr'><strong>ita</strong></span> <span class='ocrx_word' id='word_1_655' title='bbox 2105 4258 2193 4309; x_wconf 87' lang='lat' dir='ltr'><strong>certo</strong></span> 
     </span>
     <span class='ocr_line' id='line_1_46' title="bbox 208 4320 2194 4413; baseline 0.002 -22"><span class='ocrx_word' id='word_1_656' title='bbox 208 4329 318 4394; x_wconf 92' lang='lat' dir='ltr'><strong>habitu</strong></span> <span class='ocrx_word' id='word_1_657' title='bbox 346 4328 477 4413; x_wconf 84' lang='lat' dir='ltr'><strong>lugubri</strong></span> <span class='ocrx_word' id='word_1_658' title='bbox 499 4325 651 4390; x_wconf 90' lang='lat' dir='ltr'><strong>indutum</strong></span> <span class='ocrx_word' id='word_1_659' title='bbox 674 4335 753 4390; x_wconf 89' lang='lat' dir='ltr'><strong>erat.</strong></span> <span class='ocrx_word' id='word_1_660' title='bbox 796 4324 880 4388; x_wconf 89' lang='lat' dir='ltr'><strong>Nam</strong></span> <span class='ocrx_word' id='word_1_661' title='bbox 904 4323 1176 4406; x_wconf 90' lang='lat' dir='ltr'><strong>quemadmodum</strong></span> <span class='ocrx_word' id='word_1_662' title='bbox 1229 4331 1340 4388; x_wconf 89' lang='lat' dir='ltr'><strong>tenere</strong></span> <span class='ocrx_word' id='word_1_663' title='bbox 1362 4322 1440 4404; x_wconf 92' lang='lat' dir='ltr'><strong>quid</strong></span> <span class='ocrx_word' id='word_1_664' title='bbox 1462 4323 1589 4389; x_wconf 89' lang='lat' dir='ltr'><strong>miserie</strong></span> <span class='ocrx_word' id='word_1_665' title='bbox 1611 4332 1644 4388; x_wconf 89' lang='lat' dir='ltr'><strong>et</strong></span> <span class='ocrx_word' id='word_1_666' title='bbox 1665 4324 1727 4389; x_wconf 90' lang='lat' dir='ltr'><strong>sub</strong></span> <span class='ocrx_word' id='word_1_667' title='bbox 1749 4344 1846 4390; x_wconf 89' lang='lat' dir='ltr'><strong>onere</strong></span> <span class='ocrx_word' id='word_1_668' title='bbox 1868 4320 2074 4409; x_wconf 83' lang='lat' dir='ltr'><strong>gementibus</strong></span> <span class='ocrx_word' id='word_1_669' title='bbox 2096 4350 2194 4412; x_wconf 88' lang='lat' dir='ltr'><strong>expe·</strong></span> 
     </span>
     <span class='ocr_line' id='line_1_47' title="bbox 205 4407 2194 4492; baseline 0.002 -15"><span class='ocrx_word' id='word_1_670' title='bbox 205 4416 363 4480; x_wconf 91' lang='lat' dir='ltr'><strong>serenitas</strong></span> <span class='ocrx_word' id='word_1_671' title='bbox 385 4413 466 4480; x_wconf 87' lang='lat' dir='ltr'><strong>coeli</strong></span> <span class='ocrx_word' id='word_1_672' title='bbox 488 4413 573 4478; x_wconf 86' lang='lat' dir='ltr'><strong>laeta</strong></span> <span class='ocrx_word' id='word_1_673' title='bbox 595 4423 653 4486; x_wconf 87' lang='lat' dir='ltr'><strong>est,</strong></span> <span class='ocrx_word' id='word_1_674' title='bbox 678 4410 724 4473; x_wconf 89' lang='lat' dir='ltr'><strong>ita</strong></span> <span class='ocrx_word' id='word_1_675' title='bbox 746 4409 850 4491; x_wconf 92' lang='lat' dir='ltr'><strong>caligo</strong></span> <span class='ocrx_word' id='word_1_676' title='bbox 873 4420 906 4474; x_wconf 90' lang='lat' dir='ltr'><strong>et</strong></span> <span class='ocrx_word' id='word_1_677' title='bbox 928 4409 1080 4475; x_wconf 89' lang='lat' dir='ltr'><strong>tenebrae</strong></span> <span class='ocrx_word' id='word_1_678' title='bbox 1103 4410 1174 4474; x_wconf 91' lang='lat' dir='ltr'><strong>tris·</strong></span> <span class='ocrx_word' id='word_1_679' title='bbox 1228 4408 1305 4474; x_wconf 88' lang='lat' dir='ltr'><strong>diat.</strong></span> <span class='ocrx_word' id='word_1_680' title='bbox 1347 4407 1464 4474; x_wconf 80' lang='lat' dir='ltr'><strong>Lassus</strong></span> <span class='ocrx_word' id='word_1_681' title='bbox 1485 4417 1582 4476; x_wconf 84' lang='lat' dir='ltr'><strong>vocat</strong></span> <span class='ocrx_word' id='word_1_682' title='bbox 1603 4429 1658 4475; x_wconf 91' lang='lat' dir='ltr'><strong>eos</strong></span> <span class='ocrx_word' id='word_1_683' title='bbox 1679 4410 1735 4492; x_wconf 92' lang='lat' dir='ltr'><strong>qui</strong></span> <span class='ocrx_word' id='word_1_684' title='bbox 1764 4410 1876 4476; x_wconf 90' lang='lat' dir='ltr'><strong>multis</strong></span> <span class='ocrx_word' id='word_1_685' title='bbox 1904 4415 2070 4479; x_wconf 89' lang='lat' dir='ltr'><strong>aerumnis</strong></span> <span class='ocrx_word' id='word_1_686' title='bbox 2099 4416 2194 4481; x_wconf 84' lang='lat' dir='ltr'><strong>fracti</strong></span> 
     </span>
     <span class='ocr_line' id='line_1_48' title="bbox 207 4494 2192 4578; baseline 0.003 -17"><span class='ocrx_word' id='word_1_687' title='bbox 207 4499 313 4562; x_wconf 91' lang='lat' dir='ltr'><strong>titiam</strong></span> <span class='ocrx_word' id='word_1_688' title='bbox 343 4499 496 4564; x_wconf 86' lang='lat' dir='ltr'><strong>afferunt.</strong></span> <span class='ocrx_word' id='word_1_689' title='bbox 540 4497 619 4562; x_wconf 85' lang='lat' dir='ltr'><strong>Ideo</strong></span> <span class='ocrx_word' id='word_1_690' title='bbox 642 4496 742 4560; x_wconf 90' lang='lat' dir='ltr'><strong>veluti</strong></span> <span class='ocrx_word' id='word_1_691' title='bbox 766 4514 857 4560; x_wconf 89' lang='lat' dir='ltr'><strong>sacco</strong></span> <span class='ocrx_word' id='word_1_692' title='bbox 887 4505 945 4560; x_wconf 89' lang='lat' dir='ltr'><strong>aut</strong></span> <span class='ocrx_word' id='word_1_693' title='bbox 972 4495 1062 4577; x_wconf 90' lang='lat' dir='ltr'><strong>pulla</strong></span> <span class='ocrx_word' id='word_1_694' title='bbox 1084 4505 1175 4560; x_wconf 84' lang='lat' dir='ltr'><strong>veste</strong></span> <span class='ocrx_word' id='word_1_695' title='bbox 1228 4503 1322 4574; x_wconf 89' lang='lat' dir='ltr'><strong>sunt,</strong></span> <span class='ocrx_word' id='word_1_696' title='bbox 1354 4504 1392 4559; x_wconf 92' lang='lat' dir='ltr'><strong>ut</strong></span> <span class='ocrx_word' id='word_1_697' title='bbox 1422 4495 1514 4576; x_wconf 90' lang='lat' dir='ltr'><strong>prius</strong></span> <span class='ocrx_word' id='word_1_698' title='bbox 1541 4494 1700 4578; x_wconf 83' lang='lat' dir='ltr'><strong>vidimus,</strong></span> <span class='ocrx_word' id='word_1_699' title='bbox 1734 4495 1800 4576; x_wconf 78' lang='lat' dir='ltr'><strong>Qui</strong></span> <span class='ocrx_word' id='word_1_700' title='bbox 1830 4496 1886 4561; x_wconf 89' lang='lat' dir='ltr'><strong>dat</strong></span> <span class='ocrx_word' id='word_1_701' title='bbox 1913 4497 1998 4564; x_wconf 90' lang='lat' dir='ltr'><strong>lasso</strong></span> <span class='ocrx_word' id='word_1_702' title='bbox 2024 4502 2192 4566; x_wconf 88' lang='lat' dir='ltr'><strong>virtutem.</strong></span> 
     </span>
     <span class='ocr_line' id='line_1_49' title="bbox 207 4578 2193 4667; baseline 0.001 -18"><span class='ocrx_word' id='word_1_703' title='bbox 207 4595 337 4667; x_wconf 88' lang='lat' dir='ltr'><strong>opertos</strong></span> <span class='ocrx_word' id='word_1_704' title='bbox 366 4585 471 4649; x_wconf 91' lang='lat' dir='ltr'><strong>coelos</strong></span> <span class='ocrx_word' id='word_1_705' title='bbox 503 4583 603 4648; x_wconf 86' lang='lat' dir='ltr'><strong>inisse</strong></span> <span class='ocrx_word' id='word_1_706' title='bbox 633 4582 725 4659; x_wconf 90' lang='lat' dir='ltr'><strong>dicit,</strong></span> <span class='ocrx_word' id='word_1_707' title='bbox 759 4580 853 4663; x_wconf 91' lang='lat' dir='ltr'><strong>quasi</strong></span> <span class='ocrx_word' id='word_1_708' title='bbox 882 4582 978 4663; x_wconf 89' lang='lat' dir='ltr'><strong>signa</strong></span> <span class='ocrx_word' id='word_1_709' title='bbox 1002 4590 1034 4645; x_wconf 89' lang='lat' dir='ltr'><strong>et</strong></span> <span class='ocrx_word' id='word_1_710' title='bbox 1056 4581 1176 4645; x_wconf 90' lang='lat' dir='ltr'><strong>indicia</strong></span> <span class='ocrx_word' id='word_1_711' title='bbox 1228 4578 1285 4648; x_wconf 81' lang='lat' dir='ltr'><strong>Sic</strong></span> <span class='ocrx_word' id='word_1_712' title='bbox 1307 4580 1407 4645; x_wconf 89' lang='lat' dir='ltr'><strong>etiam</strong></span> <span class='ocrx_word' id='word_1_713' title='bbox 1429 4580 1572 4663; x_wconf 90' lang='lat' dir='ltr'><strong>loquitur</strong></span> <span class='ocrx_word' id='word_1_714' title='bbox 1595 4579 1761 4646; x_wconf 87' lang='lat' dir='ltr'><strong>Christus:</strong></span> <span class='ocrx_word' id='word_1_715' title='bbox 1795 4581 1916 4648; x_wconf 88' lang='lat' dir='ltr'><strong>Venite</strong></span> <span class='ocrx_word' id='word_1_716' title='bbox 1946 4585 1986 4648; x_wconf 88' lang='lat' dir='ltr'><strong>sd</strong></span> <span class='ocrx_word' id='word_1_717' title='bbox 2009 4606 2061 4650; x_wconf 91' lang='lat' dir='ltr'><strong>me</strong></span> <span class='ocrx_word' id='word_1_718' title='bbox 2082 4605 2193 4651; x_wconf 89' lang='lat' dir='ltr'><strong>omues</strong></span> 
     </span>
     <span class='ocr_line' id='line_1_50' title="bbox 208 4664 2191 4752; baseline 0 -17"><span class='ocrx_word' id='word_1_719' title='bbox 208 4671 316 4735; x_wconf 87' lang='lat' dir='ltr'><strong>luctus</strong></span> <span class='ocrx_word' id='word_1_720' title='bbox 349 4680 468 4735; x_wconf 88' lang='lat' dir='ltr'><strong>essent.</strong></span> <span class='ocrx_word' id='word_1_721' title='bbox 519 4667 557 4733; x_wconf 77' lang='lat' dir='ltr'><strong>si</strong></span> <span class='ocrx_word' id='word_1_722' title='bbox 588 4669 660 4751; x_wconf 90' lang='lat' dir='ltr'><strong>quis</strong></span> <span class='ocrx_word' id='word_1_723' title='bbox 694 4665 863 4751; x_wconf 89' lang='lat' dir='ltr'><strong>generales</strong></span> <span class='ocrx_word' id='word_1_724' title='bbox 895 4668 1072 4732; x_wconf 88' lang='lat' dir='ltr'><strong>sententias</strong></span> <span class='ocrx_word' id='word_1_725' title='bbox 1104 4687 1175 4731; x_wconf 90' lang='lat' dir='ltr'><strong>esse</strong></span> <span class='ocrx_word' id='word_1_726' title='bbox 1227 4666 1282 4749; x_wconf 91' lang='lat' dir='ltr'><strong>qui</strong></span> <span class='ocrx_word' id='word_1_727' title='bbox 1304 4664 1381 4731; x_wconf 90' lang='lat' dir='ltr'><strong>lassi</strong></span> <span class='ocrx_word' id='word_1_728' title='bbox 1403 4673 1436 4730; x_wconf 92' lang='lat' dir='ltr'><strong>et</strong></span> <span class='ocrx_word' id='word_1_729' title='bbox 1452 4666 1579 4731; x_wconf 91' lang='lat' dir='ltr'><strong>onerati</strong></span> <span class='ocrx_word' id='word_1_730' title='bbox 1597 4666 1685 4730; x_wconf 88' lang='lat' dir='ltr'><strong>estis.</strong></span> <span class='ocrx_word' id='word_1_731' title='bbox 1719 4665 1892 4751; x_wconf 81' lang='lat' dir='ltr'><strong>Significat</strong></span> <span class='ocrx_word' id='word_1_732' title='bbox 1908 4688 1985 4752; x_wconf 90' lang='lat' dir='ltr'><strong>ergo</strong></span> <span class='ocrx_word' id='word_1_733' title='bbox 2003 4670 2064 4735; x_wconf 90' lang='lat' dir='ltr'><strong>sibi</strong></span> <span class='ocrx_word' id='word_1_734' title='bbox 2082 4669 2191 4735; x_wconf 87' lang='lat' dir='ltr'><strong>Deum</strong></span> 
     </span>
     <span class='ocr_line' id='line_1_51' title="bbox 206 4749 2193 4835; baseline 0.001 -14"><span class='ocrx_word' id='word_1_735' title='bbox 206 4755 309 4833; x_wconf 91' lang='lat' dir='ltr'><strong>malit,</strong></span> <span class='ocrx_word' id='word_1_736' title='bbox 339 4755 470 4819; x_wconf 83' lang='lat' dir='ltr'><strong>fruatur</strong></span> <span class='ocrx_word' id='word_1_737' title='bbox 491 4774 551 4820; x_wconf 91' lang='lat' dir='ltr'><strong>suo</strong></span> <span class='ocrx_word' id='word_1_738' title='bbox 572 4754 700 4819; x_wconf 90' lang='lat' dir='ltr'><strong>iudicio.</strong></span> <span class='ocrx_word' id='word_1_739' title='bbox 745 4751 811 4819; x_wconf 85' lang='lat' dir='ltr'><strong>Sed</strong></span> <span class='ocrx_word' id='word_1_740' title='bbox 835 4749 914 4816; x_wconf 93' lang='lat' dir='ltr'><strong>mihi</strong></span> <span class='ocrx_word' id='word_1_741' title='bbox 939 4751 1103 4835; x_wconf 89' lang='lat' dir='ltr'><strong>probabile</strong></span> <span class='ocrx_word' id='word_1_742' title='bbox 1125 4761 1177 4817; x_wconf 92' lang='lat' dir='ltr'><strong>est</strong></span> <span class='ocrx_word' id='word_1_743' title='bbox 1227 4751 1330 4817; x_wconf 85' lang='lat' dir='ltr'><strong>fuisse</strong></span> <span class='ocrx_word' id='word_1_744' title='bbox 1352 4751 1515 4817; x_wconf 90' lang='lat' dir='ltr'><strong>doctorem</strong></span> <span class='ocrx_word' id='word_1_745' title='bbox 1536 4761 1569 4815; x_wconf 87' lang='lat' dir='ltr'><strong>at</strong></span> <span class='ocrx_word' id='word_1_746' title='bbox 1591 4751 1801 4835; x_wconf 89' lang='lat' dir='ltr'><strong>magistrum,</strong></span> <span class='ocrx_word' id='word_1_747' title='bbox 1830 4762 1868 4817; x_wconf 91' lang='lat' dir='ltr'><strong>ut</strong></span> <span class='ocrx_word' id='word_1_748' title='bbox 1890 4755 2024 4820; x_wconf 90' lang='lat' dir='ltr'><strong>miseros</strong></span> <span class='ocrx_word' id='word_1_749' title='bbox 2046 4755 2193 4822; x_wconf 89' lang='lat' dir='ltr'><strong>homiues</strong></span> 
     </span>
     <span class='ocr_line' id='line_1_52' title="bbox 206 4836 2192 4924; baseline -0.001 -18"><span class='ocrx_word' id='word_1_750' title='bbox 206 4841 377 4906; x_wconf 85' lang='lat' dir='ltr'><strong>historiam</strong></span> <span class='ocrx_word' id='word_1_751' title='bbox 411 4839 646 4920; x_wconf 89' lang='lat' dir='ltr'><strong>redemptionis</strong></span> <span class='ocrx_word' id='word_1_752' title='bbox 679 4839 813 4923; x_wconf 89' lang='lat' dir='ltr'><strong>attingi,</strong></span> <span class='ocrx_word' id='word_1_753' title='bbox 853 4859 895 4902; x_wconf 86' lang='lat' dir='ltr'><strong>ex</strong></span> <span class='ocrx_word' id='word_1_754' title='bbox 927 4858 991 4921; x_wconf 89' lang='lat' dir='ltr'><strong>qua</strong></span> <span class='ocrx_word' id='word_1_755' title='bbox 1023 4837 1176 4921; x_wconf 89' lang='lat' dir='ltr'><strong>colligere</strong></span> <span class='ocrx_word' id='word_1_756' title='bbox 1228 4846 1304 4920; x_wconf 90' lang='lat' dir='ltr'><strong>apta</strong></span> <span class='ocrx_word' id='word_1_757' title='bbox 1326 4837 1545 4901; x_wconf 90' lang='lat' dir='ltr'><strong>consolatione</strong></span> <span class='ocrx_word' id='word_1_758' title='bbox 1566 4836 1737 4903; x_wconf 84' lang='lat' dir='ltr'><strong>sublevare</strong></span> <span class='ocrx_word' id='word_1_759' title='bbox 1757 4838 1873 4920; x_wconf 91' lang='lat' dir='ltr'><strong>possit,</strong></span> <span class='ocrx_word' id='word_1_760' title='bbox 1906 4861 1970 4922; x_wconf 91' lang='lat' dir='ltr'><strong>qua</strong></span> <span class='ocrx_word' id='word_1_761' title='bbox 1991 4841 2084 4906; x_wconf 86' lang='lat' dir='ltr'><strong>fracti</strong></span> <span class='ocrx_word' id='word_1_762' title='bbox 2106 4841 2192 4924; x_wconf 92' lang='lat' dir='ltr'><strong>ipso·</strong></span> 
     </span>
     <span class='ocr_line' id='line_1_53' title="bbox 207 4921 2192 5010; baseline 0.001 -20"><span class='ocrx_word' id='word_1_763' title='bbox 207 4937 397 5010; x_wconf 91' lang='lat' dir='ltr'><strong>promptum</strong></span> <span class='ocrx_word' id='word_1_764' title='bbox 414 4932 485 4991; x_wconf 89' lang='lat' dir='ltr'><strong>erat</strong></span> <span class='ocrx_word' id='word_1_765' title='bbox 499 4923 618 5004; x_wconf 68' lang='lat' dir='ltr'><strong>Deunu</strong></span> <span class='ocrx_word' id='word_1_766' title='bbox 635 4927 690 5008; x_wconf 92' lang='lat' dir='ltr'><strong>qui</strong></span> <span class='ocrx_word' id='word_1_767' title='bbox 707 4935 775 4989; x_wconf 92' lang='lat' dir='ltr'><strong>tam</strong></span> <span class='ocrx_word' id='word_1_768' title='bbox 790 4923 982 4988; x_wconf 88' lang='lat' dir='ltr'><strong>mirabiliter</strong></span> <span class='ocrx_word' id='word_1_769' title='bbox 999 4923 1176 4988; x_wconf 89' lang='lat' dir='ltr'><strong>auxiliatus</strong></span> <span class='ocrx_word' id='word_1_770' title='bbox 1227 4943 1303 4987; x_wconf 91' lang='lat' dir='ltr'><strong>rum</strong></span> <span class='ocrx_word' id='word_1_771' title='bbox 1326 4923 1425 4987; x_wconf 90' lang='lat' dir='ltr'><strong>animi</strong></span> <span class='ocrx_word' id='word_1_772' title='bbox 1447 4922 1488 4986; x_wconf 90' lang='lat' dir='ltr'><strong>ad</strong></span> <span class='ocrx_word' id='word_1_773' title='bbox 1510 4921 1749 4988; x_wconf 90' lang='lat' dir='ltr'><strong>misericordiae</strong></span> <span class='ocrx_word' id='word_1_774' title='bbox 1771 4922 1834 4988; x_wconf 88' lang='lat' dir='ltr'><strong>Dei</strong></span> <span class='ocrx_word' id='word_1_775' title='bbox 1856 4945 1986 4990; x_wconf 92' lang='lat' dir='ltr'><strong>sensum</strong></span> <span class='ocrx_word' id='word_1_776' title='bbox 2014 4926 2192 5009; x_wconf 90' lang='lat' dir='ltr'><strong>erigantur.</strong></span> 
     </span>
     <span class='ocr_line' id='line_1_54' title="bbox 189 5007 2193 5096; baseline 0.002 -25"><span class='ocrx_word' id='word_1_777' title='bbox 189 5014 315 5078; x_wconf 71' lang='lat' dir='ltr'><strong>‚tonat</strong></span> <span class='ocrx_word' id='word_1_778' title='bbox 344 5011 505 5096; x_wconf 90' lang='lat' dir='ltr'><strong>patribus,</strong></span> <span class='ocrx_word' id='word_1_779' title='bbox 539 5031 651 5075; x_wconf 89' lang='lat' dir='ltr'><strong>eorum</strong></span> <span class='ocrx_word' id='word_1_780' title='bbox 685 5008 922 5094; x_wconf 88' lang='lat' dir='ltr'><strong>ingratitudine</strong></span> <span class='ocrx_word' id='word_1_781' title='bbox 955 5008 1102 5090; x_wconf 91' lang='lat' dir='ltr'><strong>excludi,</strong></span> <span class='ocrx_word' id='word_1_782' title='bbox 1134 5029 1177 5074; x_wconf 92' lang='lat' dir='ltr'><strong>ne</strong></span> <span class='ocrx_word' id='word_1_783' title='bbox 1227 5007 1324 5075; x_wconf 91' lang='lat' dir='ltr'><strong>Unde</strong></span> <span class='ocrx_word' id='word_1_784' title='bbox 1357 5007 1537 5090; x_wconf 88' lang='lat' dir='ltr'><strong>colligimus</strong></span> <span class='ocrx_word' id='word_1_785' title='bbox 1570 5007 1631 5072; x_wconf 92' lang='lat' dir='ltr'><strong>hoc</strong></span> <span class='ocrx_word' id='word_1_786' title='bbox 1670 5009 1875 5093; x_wconf 89' lang='lat' dir='ltr'><strong>potissimum</strong></span> <span class='ocrx_word' id='word_1_787' title='bbox 1914 5009 2100 5077; x_wconf 90' lang='lat' dir='ltr'><strong>incumbere</strong></span> <span class='ocrx_word' id='word_1_788' title='bbox 2131 5014 2193 5076; x_wconf 91' lang='lat' dir='ltr'><strong>mi·</strong></span> 
     </span>
     <span class='ocr_line' id='line_1_55' title="bbox 208 5091 2192 5181; baseline -0.001 -18"><span class='ocrx_word' id='word_1_789' title='bbox 208 5097 434 5181; x_wconf 88' lang='lat' dir='ltr'><strong>praesentibus</strong></span> <span class='ocrx_word' id='word_1_790' title='bbox 456 5096 597 5163; x_wconf 88' lang='lat' dir='ltr'><strong>miseriis</strong></span> <span class='ocrx_word' id='word_1_791' title='bbox 619 5105 833 5162; x_wconf 88' lang='lat' dir='ltr'><strong>succurreret.</strong></span> <span class='ocrx_word' id='word_1_792' title='bbox 1229 5094 1342 5160; x_wconf 90' lang='lat' dir='ltr'><strong>nistris</strong></span> <span class='ocrx_word' id='word_1_793' title='bbox 1363 5091 1471 5172; x_wconf 85' lang='lat' dir='ltr'><strong>verbi,</strong></span> <span class='ocrx_word' id='word_1_794' title='bbox 1504 5102 1541 5158; x_wconf 92' lang='lat' dir='ltr'><strong>ut</strong></span> <span class='ocrx_word' id='word_1_795' title='bbox 1563 5094 1698 5160; x_wconf 89' lang='lat' dir='ltr'><strong>miseros</strong></span> <span class='ocrx_word' id='word_1_796' title='bbox 1719 5104 1753 5159; x_wconf 92' lang='lat' dir='ltr'><strong>et</strong></span> <span class='ocrx_word' id='word_1_797' title='bbox 1781 5094 1899 5160; x_wconf 87' lang='lat' dir='ltr'><strong>fractos</strong></span> <span class='ocrx_word' id='word_1_798' title='bbox 1925 5097 2105 5176; x_wconf 88' lang='lat' dir='ltr'><strong>aerumnis,</strong></span> <span class='ocrx_word' id='word_1_799' title='bbox 2139 5098 2192 5162; x_wconf 85' lang='lat' dir='ltr'><strong>vel</strong></span> 
     </span>
     <span class='ocr_line' id='line_1_56' title="bbox 294 5178 2193 5268; baseline -0.001 -19"><span class='ocrx_word' id='word_1_800' title='bbox 294 5186 324 5249; x_wconf 91' lang='grc'><strong>4.</strong></span> <span class='ocrx_word' id='word_1_801' title='bbox 358 5182 533 5268; x_wconf 79' lang='lat' dir='ltr'><strong>(Dominae</strong></span> <span class='ocrx_word' id='word_1_802' title='bbox 557 5180 696 5266; x_wconf 74' lang='lat' dir='ltr'><strong>Ithaco.)</strong></span> <span class='ocrx_word' id='word_1_803' title='bbox 739 5180 916 5263; x_wconf 90' lang='lat' dir='ltr'><strong>Postquam</strong></span> <span class='ocrx_word' id='word_1_804' title='bbox 945 5180 1099 5262; x_wconf 91' lang='lat' dir='ltr'><strong>populum</strong></span> <span class='ocrx_word' id='word_1_805' title='bbox 1129 5179 1177 5245; x_wconf 93' lang='lat' dir='ltr'><strong>bis</strong></span> <span class='ocrx_word' id='word_1_806' title='bbox 1229 5178 1291 5247; x_wconf 90' lang='lat' dir='ltr'><strong>sub</strong></span> <span class='ocrx_word' id='word_1_807' title='bbox 1313 5199 1423 5246; x_wconf 91' lang='lat' dir='ltr'><strong>earum</strong></span> <span class='ocrx_word' id='word_1_808' title='bbox 1445 5178 1529 5243; x_wconf 89' lang='lat' dir='ltr'><strong>mole</strong></span> <span class='ocrx_word' id='word_1_809' title='bbox 1547 5189 1699 5245; x_wconf 80' lang='lat' dir='ltr'><strong>curvatos</strong></span> <span class='ocrx_word' id='word_1_810' title='bbox 1721 5180 1870 5245; x_wconf 90' lang='lat' dir='ltr'><strong>homines</strong></span> <span class='ocrx_word' id='word_1_811' title='bbox 1891 5180 2112 5247; x_wconf 87' lang='lat' dir='ltr'><strong>consolentur:</strong></span> <span class='ocrx_word' id='word_1_812' title='bbox 2140 5183 2193 5248; x_wconf 87' lang='lat' dir='ltr'><strong>de·</strong></span> 
     </span>
     <span class='ocr_line' id='line_1_57' title="bbox 208 5263 2193 5354; baseline 0.001 -20"><span class='ocrx_word' id='word_1_813' title='bbox 208 5290 303 5336; x_wconf 90' lang='lat' dir='ltr'><strong>reum</strong></span> <span class='ocrx_word' id='word_1_814' title='bbox 325 5271 463 5354; x_wconf 88' lang='lat' dir='ltr'><strong>peregit,</strong></span> <span class='ocrx_word' id='word_1_815' title='bbox 485 5267 615 5335; x_wconf 87' lang='lat' dir='ltr'><strong>subiicit</strong></span> <span class='ocrx_word' id='word_1_816' title='bbox 635 5286 726 5333; x_wconf 89' lang='lat' dir='ltr'><strong>more</strong></span> <span class='ocrx_word' id='word_1_817' title='bbox 747 5288 807 5332; x_wconf 90' lang='lat' dir='ltr'><strong>suo</strong></span> <span class='ocrx_word' id='word_1_818' title='bbox 827 5264 1091 5332; x_wconf 87' lang='lat' dir='ltr'><strong>consolationem.</strong></span> <span class='ocrx_word' id='word_1_819' title='bbox 1123 5263 1179 5330; x_wconf 85' lang='lat' dir='ltr'><strong>Sic</strong></span> <span class='ocrx_word' id='word_1_820' title='bbox 1229 5265 1329 5348; x_wconf 91' lang='lat' dir='ltr'><strong>nique</strong></span> <span class='ocrx_word' id='word_1_821' title='bbox 1351 5275 1388 5330; x_wconf 91' lang='lat' dir='ltr'><strong>ut</strong></span> <span class='ocrx_word' id='word_1_822' title='bbox 1405 5263 1579 5330; x_wconf 89' lang='lat' dir='ltr'><strong>ostendant</strong></span> <span class='ocrx_word' id='word_1_823' title='bbox 1595 5285 1678 5347; x_wconf 91' lang='lat' dir='ltr'><strong>quae</strong></span> <span class='ocrx_word' id='word_1_824' title='bbox 1695 5265 1739 5330; x_wconf 91' lang='lat' dir='ltr'><strong>sit</strong></span> <span class='ocrx_word' id='word_1_825' title='bbox 1756 5284 1835 5330; x_wconf 81' lang='lat' dir='ltr'><strong>vera</strong></span> <span class='ocrx_word' id='word_1_826' title='bbox 1851 5267 1943 5348; x_wconf 89' lang='lat' dir='ltr'><strong>quies</strong></span> <span class='ocrx_word' id='word_1_827' title='bbox 1960 5277 1994 5333; x_wconf 90' lang='lat' dir='ltr'><strong>et</strong></span> <span class='ocrx_word' id='word_1_828' title='bbox 2010 5269 2193 5335; x_wconf 89' lang='lat' dir='ltr'><strong>animorum</strong></span> 
     </span>
    </p>
   </div>
   <div class='ocr_carea' id='block_1_3' title="bbox 0 0 2401 5970">
    <p class='ocr_par' dir='ltr' id='par_1_3' title="bbox 0 0 2401 5970">
     <span class='ocr_line' id='line_1_58' title="bbox 0 0 2401 5970; baseline 0 0"><span class='ocrx_word' id='word_1_829' title='bbox 0 0 2401 5970; x_wconf 95' lang='lat' dir='ltr'><strong> </strong></span> 
     </span>
    </p>
   </div>
  </div>
 </body>
</html>
