4784 5970
1082 352 1452 423 PROLEGOMENA.

267 545 421 628 crederer,
444 547 498 613 sesi
519 545 598 610 mibi
620 550 664 610 esi
686 544 776 610 abiud
798 545 952 628 ueooiium
973 564 1032 626 ouo
1054 549 1180 611 vocotus
1200 562 1272 611 sum
1293 543 1387 608 ebione
1404 546 1474 609 ovete
1495 541 1649 610 beoiiown
1670 577 1713 593 -
1736 543 1874 626 Reliqua
1894 545 1929 610 iu
1950 545 2131 611 uestinum
2156 579 2198 591 -
2221 543 2285 610 Sosi

267 675 331 720 uon
346 676 471 738 possem
492 675 576 722 nuuc
597 656 761 721 absolvere.
785 691 825 701 -
848 653 1010 721 Postremo
1033 655 1158 721 lectione
1179 660 1361 736 conquestus
1381 657 1426 719 esi
1442 654 1532 720 Deus
1554 690 1595 702 —
1619 652 1682 720 Sed
1703 654 1761 721 boc
1782 655 1820 720 de
1840 676 1875 722 re
1896 675 1968 723 oros
1989 654 2094 723 odbm
2114 656 2283 722 dicundum

268 766 330 828 erio
358 802 401 812 -
427 748 498 850 Ἐρο
520 786 582 830 uou
602 766 734 831 ulterius
757 766 951 848 prooredior
971 764 1007 830 ob
1028 766 1186 849 esoyobium
1215 765 1344 846 aliquod
1372 800 1414 811 —
1445 762 1526 829 Oros
1554 784 1616 829 uon
1645 764 1768 831 uocabit
1794 765 1895 848 beoore
1922 767 2000 849 quio
2027 766 2197 833 habebitur
2216 789 2284 835 cou-

267 875 441 942 sisborium.
465 914 507 925 —
530 876 683 943 Proximo
705 875 889 943 hebdomade
911 896 964 960 ooo
985 877 1084 961 leoam
1101 874 1206 941 Besae
1229 876 1293 942 loco
1315 912 1357 923 -
1381 873 1443 941 seo
1464 875 1532 941 iem
1553 881 1645 943 sonet
1663 876 1862 962 borolooium.
1887 912 1928 925 -
1950 876 2061 943 Miror
2081 877 2283 945 burensium

267 986 327 1051 cibo
349 989 508 1054 sonuisse:
529 1008 589 1054 uon
605 993 684 1069 puio
706 1008 754 1053 me
775 988 887 1071 booisse
907 988 1017 1053 iurem
1038 988 1191 1071 inicorum
1207 1024 1251 1034 -
1269 994 1330 1054 ebo.
1364 985 1416 1051 Ita
1433 985 1533 1051 etiem
1553 986 1644 1051 nullo
1664 986 1795 1071 negotio
1816 987 1970 1055 constitui
1990 996 2099 1071 potest
2121 1011 2283 1057 numerus

268 1097 446 1163 lectionum
469 1099 587 1182 quibus
610 1098 690 1166 hsec
712 1097 872 1164 Ieremias
894 1100 1083 1182 explanatio
1106 1099 1256 1164 absoluta
1278 1108 1337 1164 est.
1382 1097 1472 1164 Sunt
1494 1098 1650 1163 nimirum
1672 1098 1832 1165 ducentae
1854 1103 1887 1164 et
1909 1098 2070 1167 undecim.

423 1209 575 1293 Denique
597 1219 631 1275 et
653 1212 714 1276 hoo
745 1209 865 1275 addere
895 1231 963 1275 non
992 1211 1049 1277 sbs
1072 1231 1108 1276 re
1131 1212 1206 1289 crit,
1238 1209 1396 1276 Nostrum
1425 1230 1491 1275 non
1520 1210 1625 1275 solum
1657 1209 1850 1277 lectionibus
1880 1210 2073 1277 academicis
2101 1211 2281 1278 Ieremism

268 1319 466 1399 illustrasse,
498 1342 614 1387 verum
644 1326 743 1386 etism
773 1320 982 1387 concionibus
1003 1342 1021 1387 e
1044 1330 1201 1407 suggestu
1225 1341 1317 1387 sacro
1338 1320 1469 1387 habitis.
1514 1320 1673 1395 Notitiam
1703 1320 1862 1404 praebent
1890 1321 2029 1407 catologi
2059 1321 2281 1389 bibliothecae

270 1431 495 1498 Genevensis:
525 1431 721 1498 S'eusuiosub
742 1434 787 1498 bes
809 1431 955 1498 Sermone
976 1434 1032 1514 oui
1053 1438 1104 1498 out
1125 1438 1185 1499 este
1205 1433 1302 1513 sebois
1322 1432 1367 1498 les
1388 1432 1506 1498 subires
1526 1430 1614 1497 ioum
1632 1432 1670 1497 de
1690 1432 1724 1498 bo
1744 1432 1913 1514 scpneoiuc.
1956 1437 2055 1498 1549.
2102 1431 2279 1500 Promine-

268 1549 350 1609 mcub
377 1544 484 1608 susle
507 1545 585 1609 licre
615 1545 670 1610 dos
696 1544 880 1609 revelatione
907 1544 952 1609 du
977 1544 1124 1627 prophete
1146 1542 1279 1610 Ieremie
1303 1547 1342 1608 91
1364 1562 1502 1608 sermons
1528 1543 1655 1625 soumis
1684 1563 1719 1607 eo
1740 1544 1846 1609 moins
1872 1544 1911 1610 dc
1932 1542 1998 1610 Me.
2020 1543 2059 1609 bc
2081 1543 2283 1609 Normouds'e

270 1653 399 1740 (comune
428 1656 519 1719 aussi
548 1656 592 1721 los
620 1675 676 1719 sus
706 1654 852 1739 eserieie)
885 1655 929 1721 les
956 1655 1019 1720 debs
1047 1675 1186 1721 sermons
1214 1674 1277 1720 uon
1306 1655 1400 1720 selice
1427 1660 1456 1719 et
1482 1675 1543 1720 nou
1572 1656 1706 1721 suivans
1736 1654 1822 1738 buno
1848 1652 1971 1721 b’oubre
1999 1656 2284 1721 cosmueuoecutle

269 1770 302 1831 1Γ
323 1767 457 1831 o'ioeeebo
479 1766 506 1831 le
527 1767 633 1830 usosoe'
653 1770 699 1829 12
721 1768 793 1831 e'our
815 1767 853 1832 de
874 1765 1031 1831 novembro
1056 1770 1156 1832 1549.
1201 1765 1283 1831 Item
1305 1786 1360 1830 sus
1381 1764 1426 1830 bes
1447 1765 1684 1831 Lomeubotious
1704 1766 1743 1831 de
1760 1766 1892 1832 Iouernis
1913 1769 1962 1832 25
1983 1786 2124 1833 sermons
2147 1766 2283 1833 suioous

270 1877 357 1960 buno
381 1876 503 1942 l'oubbre
524 1882 551 1940 ei
572 1879 667 1942 robios
688 1898 726 1942 eu
746 1898 810 1960 uuo
832 1876 955 1943 volume
976 1897 1161 1944 oouemeuoee
1184 1879 1211 1943 lo
1234 1876 1361 1943 Somede'
1386 1882 1406 1941 6
1427 1877 1502 1941 iour
1522 1877 1560 1942 de
1583 1876 1757 1959 Septoubse
1777 1881 1878 1943 1550.

425 1987 466 2051 In
490 1986 630 2071 quodam
660 1987 806 2053 eiusdem
838 1987 1051 2054 bibliothecae
1081 1988 1189 2055 codice
1212 1987 1286 2054 MS.
1309 1987 1496 2054 invenimus
1525 1988 1614 2053 iuter
1641 1988 1706 2053 olis
1727 1988 1865 2072 triginta
1895 2007 2062 2054 sormones
2091 2006 2197 2072 super
2218 1987 2284 2053 Ior.

269 2119 341 2181 cop.
364 2097 610 2164 XV—XVIII.
642 2098 770 2165 habitos
793 2119 907 2164 mense
929 2098 1025 2165 Innio
1049 2099 1141 2165 1549.
1186 2099 1239 2164 De
1262 2097 1379 2183 quibus
1409 2098 1531 2165 hcbces
1559 2120 1642 2182 queo
1664 2099 1729 2164 iem
1752 2099 1882 2183 saepius
1911 2099 1951 2166 de
1973 2097 2137 2165 similibus
2161 2098 2283 2165 summi

270 2209 333 2275 viri
357 2210 504 2293 reliquiis
527 2209 722 2276 homileticis
746 2209 900 2275 diximus.
