4784 5970
188 336 251 403 615
993 331 1381 402 PRAaLuoulottus
2147 327 2210 394 616

186 526 355 609 popilium,
385 532 413 591 et
439 526 576 591 viduam.
620 524 694 590 Hoc
723 543 851 607 quoque
878 522 919 588 ad
946 523 1069 590 iudices
1092 543 1164 606 per·
1217 523 1273 588 sed
1296 523 1455 590 6666111616
1479 531 1587 592 vestra
1604 521 1749 608 polluitis
1767 521 1905 604 impuris
1924 517 2106 584 manibus.
2142 517 2212 602 Ego

191 615 281 677 tinet.
317 611 382 677 Sed
404 612 539 675 minime
562 610 698 675 dubium
719 621 770 675 est
791 609 871 693 quin
886 608 979 675 Deus
998 609 1052 674 hic
1067 630 1164 693 gene·
1217 610 1319 694 igitur
1345 609 1432 676 hanc
1453 611 1670 677 conditionem
1692 628 1758 672 non
1779 606 1932 673 admitto:
1963 603 2037 670 Sed
2059 609 2139 669 tanc
2159 602 2211 669 lto·

191 700 304 764 raliter
332 697 496 775 ostendat,
527 698 559 760 in
591 696 710 778 populo
739 715 880 778 regnare
909 696 1079 774 iustitiam,
1112 693 1166 759 uhi
1218 694 1586 778 bitareoosfact'ame'n
1607 694 1755 774 hocloco,
1785 694 1873 759 etin
1892 697 1986 757 terra
2010 711 2119 772 66666
2141 689 2213 756 dedi

191 784 419 850 crudelitatem
442 796 474 847 et
497 782 666 864 perfidiam
691 782 826 846 damnat
848 783 880 845 in
900 782 980 864 ipsis
994 779 1165 847 iudicibus.
1213 780 1361 864 66161666
1382 783 1503 862 vesun,
1525 784 1565 863 61,
1586 782 1649 846 666
1669 791 1729 856 666,
1751 779 1813 844 666
1831 777 1905 862 lege
1924 776 2060 855 addita,
2082 778 2211 842 616666

192 870 287 950 Quod
319 872 436 934 attinet
465 870 508 934 ad
530 869 721 950 peregrinos,
752 866 953 948 6166661166,
985 872 1014 933 61
1041 866 1166 944 616666,
1219 887 1343 932 mecum
1367 867 1527 934 redieritis
1545 869 1579 933 in
1597 868 1749 950 gratiam.
1782 865 1954 932 Postrema
1972 882 2060 947 pars
2082 883 2210 941 666666,

192 956 272 1020 6666
301 954 453 1037 16666661
485 957 569 1018 66616
592 958 781 1034 frequenter
802 955 960 1018 occurrit:
991 953 1068 1035 quie
1089 953 1165 1017 sub·
1218 952 1251 1016 A
1279 954 1403 1020 6666616
1434 955 1471 1020 in
1498 955 1673 1032 6666661666,
1702 951 1833 1017 contexi
1862 949 1958 1016 debet
1991 968 2073 1014 cum
2109 947 2210 1014 verbo

192 1040 282 1107 sidiis
297 1042 364 1105 iere
378 1040 528 1105 omnibns
544 1050 658 1105 carent
672 1049 740 1102 tam
758 1038 922 1122 peregrini
938 1059 1034 1122 quam
1051 1037 1167 1119 pupilli
1219 1051 1333 1118 totto,
1360 1040 1479 1121 1661666
1506 1061 1560 1106 oce
1589 1039 1732 1105 66616666
1758 1058 1780 1102 6
1807 1035 1930 1102 soeculo
1957 1037 1998 1101 in
2029 1033 2209 1113 saeculam,

193 1139 225 1191 et
245 1126 373 1202 viduae,
398 1139 430 1190 et
452 1125 585 1190 obnoxii
610 1136 687 1189 sunt
712 1124 889 1189 multorum
911 1124 1050 1206 iniuriis,
1073 1122 1167 1206 quasi
1191 1141 1195 1209 Ι
1220 1126 1362 1202 honest,
1388 1126 1482 1190 616661
1505 1125 1693 1192 habitarunt
1713 1134 1822 1207 patres
1843 1121 1947 1188 vestri
1969 1122 2043 1185 iam
2066 1120 2153 1185 olim
2177 1121 2208 1186 in

194 1226 304 1277 essent
332 1212 471 1294 expositi
501 1213 533 1274 in
565 1211 737 1293 praedam:
766 1210 839 1276 ideo
867 1211 993 1291 quoties
1016 1209 1056 1273 de
1078 1219 1166 1273 recta
1219 1211 1281 1277 hac
1304 1223 1400 1290 terra,
1422 1211 1470 1276 ita
1491 1212 1589 1277 etiam
1612 1210 1716 1294 quieti
1738 1208 1910 1274 manebitis
1931 1208 1968 1273 in
1990 1207 2058 1273 666
2077 1207 2209 1287 eadem,

192 1298 430 1382 gubernatione
460 1297 579 1379 agitur,
609 1297 703 1361 Deus
732 1295 881 1360 nominat
909 1296 1106 1378 peregrinos,
1135 1299 1186 1358 et'
1219 1310 1251 1361 et
1273 1296 1418 1362 manebit
1435 1297 1529 1363 66616
1548 1296 1723 1378 6666661116
1738 1294 1906 1378 possessio,
1928 1291 1988 1358 sed
2010 1313 2081 1358 non
2100 1292 2207 1357 aliter.

193 1384 319 1458 viduas,
350 1397 382 1448 et
408 1382 562 1465 pupillos:
593 1383 668 1466 quia
696 1382 774 1447 hino
803 1379 896 1446 166116
923 1390 1029 1464 potest
1052 1381 1166 1465 depre-
1219 1382 1376 1448 Tenenda
1402 1393 1451 1447 666
1472 1383 1646 1448 antithesis
1669 1402 1766 1465 quam
1789 1380 1860 1445 heri
1883 1379 2093 1445 notavimus.
2142 1378 2207 1443 De·

194 1469 293 1534 hendi
316 1470 421 1551 qualis
443 1471 485 1533 sit
507 1468 637 1551 publiea
659 1467 908 1533 administratio.
953 1468 1037 1532 Nam
1061 1467 1088 1532 si
1112 1465 1167 1530 alii
1220 1469 1350 1533 nuntiat
1371 1471 1459 1533 enim
1481 1468 1609 1552 oblique
1630 1467 1761 1533 Iudaeis
1783 1464 1947 1541 exsilium,
1970 1466 2055 1548 qnia
2079 1474 2206 1530 terram

195 1556 363 1620 obtineant
392 1555 443 1618 ius
470 1576 575 1632 suum,
607 1555 666 1619 hoe
694 1574 759 1616 non
783 1554 902 1617 mirum
926 1563 984 1630 est,
1014 1553 1166 1635 quoniam
1220 1555 1444 1621 contaminent
1476 1554 1544 1619 suis
1575 1552 1766 1632 sceleribus,
1800 1562 1832 1616 et
1864 1558 1994 1616 tantum
2031 1551 2206 1616 sacrifieiis

195 1641 315 1705 666666
334 1641 471 1723 6666661,
490 1642 544 1722 661
561 1660 690 1704 causam
707 1659 819 1704 eorum
836 1638 1026 1704 defendant:
1051 1637 1168 1703 deinde
1220 1640 1287 1707 suis
1309 1640 1503 1724 gloriantur.
1547 1639 1645 1705 Nunc
1667 1639 1823 1722 sequitur,
2067 1648 2075 1661 “

196 1728 291 1790 amici
321 1728 420 1790 etiam
450 1726 662 1790 advocantur.
707 1723 764 1791 Sic
794 1724 930 1807 quisque
956 1725 1033 1789 dum
1058 1733 1168 1788 tuetur

196 1832 288 1876 suam
312 1832 454 1889 causam,
476 1812 591 1876 saltem
616 1810 757 1892 aliquam
782 1819 907 1892 partem
930 1812 1010 1876 iuris
1033 1809 1167 1874 obtinet.
1305 1811 1335 1876 8.
1358 1810 1446 1888 Ecce,
1468 1831 1521 1876 cos
1539 1809 1689 1892 fiduciam
1711 1808 1850 1875 adiicitis
1867 1807 1910 1874 ad
1927 1806 2026 1873 cerba
2042 1808 2205 1874 6666666611

197 1896 263 1962 Sed
288 1898 342 1962 ubi
363 1897 538 1979 peregrini,
562 1909 594 1960 et
617 1896 746 1973 viduae,
769 1906 802 1960 et
823 1897 936 1978 pupilli
959 1917 1024 1961 uon
1048 1895 1168 1959 iniuste
1221 1896 1296 1983 (661,
1325 1896 1479 1963 fiduciam
1510 1895 1601 1961 vobis
1626 1895 1747 1979 ponitis
1769 1914 1867 1978 super
1889 1894 2000 1959 verbis
2024 1892 2205 1978 mendacii)

195 1993 388 2060 tractantur,
417 1982 478 2047 hoc
505 1983 635 2065 signum
658 1993 708 2046 est
729 2000 827 2046 66666
848 1982 1063 2064 integritatis:
1093 1981 1169 2063 quia
1220 2004 1300 2064 qnae
1316 1983 1457 2065 profemt
1479 1987 1592 2048 carent.

196 2069 274 2133 hinc
285 2069 451 2152 colligitur
463 2090 528 2132 666
540 2068 646 2132 661666
659 2067 744 2150 6666
757 2065 878 2131 1661666
886 2065 1169 2152 προσωποληψίαν.

197 2154 262 2221 Sed
293 2157 369 2236 6616
398 2155 476 2218 61161
504 2154 566 2218 666
594 2153 634 2217 66
656 2174 692 2217 66
712 2152 831 2218 dictum
855 2155 926 2232 1616,
956 2173 1017 2236 ego
1039 2165 1168 2217 tantum
1306 2154 1433 2219 Iterum
1470 2153 1614 2219 16661666
1651 2150 1736 2234 6666
1771 2150 1844 2215 6661
1877 2149 2040 2230 vidimus,
2087 2172 2203 2235 nempe

196 2242 314 2305 leviter
344 2241 481 2322 attingo.
527 2239 570 2303 Et
597 2239 784 2322 sangninem
808 2239 993 2305 innocentem
1015 2258 1076 2303 non
1097 2238 1171 2318 666·
1221 2238 1354 2305 stultam
1382 2260 1453 2305 esse
1475 2237 1587 2322 populi
1609 2237 1848 2323 gloriationem,
1876 2234 1955 2300 dnm
1976 2237 2152 2319 templum
2173 2252 2204 2303 66

196 2327 304 2391 dedis
331 2327 366 2389 in
394 2326 456 2390 loco
481 2325 544 2406 boc,
575 2326 690 2406 inquit.
735 2324 800 2388 Hic
823 2326 963 2389 atrocius
985 2325 1171 2404 insequitur
1222 2326 1383 2391 sacrificia
1414 2324 1485 2389 Deo
1517 2323 1704 2389 obtrudunt.
1755 2320 1858 2387 Vocat
1890 2321 1992 2386 verba
2026 2324 2202 2398 mendacii,

196 2411 356 2495 propheta
395 2410 534 2488 iudices,
575 2410 652 2474 dum
685 2419 782 2475 vocat
811 2409 1000 2475 homicidas.
1056 2409 1170 2491 Neque
1223 2410 1494 2494 quemadmodum
1521 2408 1746 2493 exposuimus,
1778 2405 1864 2491 quod
1893 2427 2030 2489 prorsus
2058 2410 2100 2473 in
2130 2430 2201 2474 con·

197 2509 306 2560 temen
336 2495 470 2560 dubium
501 2506 550 2559 est
580 2497 659 2578 quin
690 2515 819 2577 semper
847 2496 880 2559 in
912 2515 968 2561 ore
995 2495 1171 2561 habuerint
1223 2497 1360 2562 trarium
1392 2504 1560 2561 6666666666
1588 2514 1671 2577 6666
1692 2493 1785 2559 11666
1813 2493 2012 2558 instituerat.
2058 2492 2202 2560 Volebat

197 2584 323 2663 aliquos
346 2590 546 2662 praetextus,
570 2601 669 2662 quum
693 2581 741 2665 166
762 2579 936 2646 funderent
957 2601 1077 2665 purum
1095 2601 1169 2646 son·
1222 2585 1256 2648 in
1288 2581 1409 2665 templo
1438 2583 1499 2647 sibi
1527 2582 1637 2645 offerri
1668 2579 1838 2645 sacrificia:
1869 2578 2049 2661 quorsum?
2085 2600 2201 2663 nempe

197 2669 339 2750 guinem.
396 2665 463 2730 666
498 2666 655 2749 66666666
688 2667 840 2750 quoniam
874 2666 929 2732 hic
961 2668 1103 2750 loquitur
1136 2666 1169 2730 in
1223 2679 1260 2735 nt
1283 2670 1406 2735 1666666
1427 2668 1461 2732 16
1485 2674 1554 2732 6666
1576 2665 1697 2749 666616
1718 2664 1797 2730 fidei
1819 2666 1992 2730 unitatem.
2031 2664 2200 2732 Sacrificio

197 2773 336 2834 persona
360 2753 430 2831 Dei,
461 2764 494 2816 ct
523 2772 564 2816 ex
587 2752 724 2834 spiritus
746 2773 854 2827 sensu,
884 2764 988 2818 totum
1009 2752 1089 2817 illud
1113 2771 1169 2815 na·
1223 2761 1333 2821 autem
1366 2773 1430 2837 quo
1460 2751 1660 2818 tendebant?
1694 2762 1732 2815 ut
1761 2751 1901 2834 populus
1929 2748 2143 2832 expenderet
2169 2773 2199 2816 aa

198 2839 294 2921 gligit
313 2839 405 2919 quasi
424 2839 612 2917 evanidum,
634 2836 719 2920 qnod
736 2847 890 2920 putarent
908 2838 1030 2904 iudices
1047 2833 1171 2919 aliquid
1223 2861 1315 2906 reum
1344 2860 1414 2906 esse
1444 2846 1597 2905 aeternae
1627 2837 1756 2901 mortis:
1786 2835 1912 2914 deinde,
1941 2844 1979 2899 ut
2008 2838 2199 2921 confugeret

198 2923 259 2991 sibi
292 2945 362 2988 6666
402 2924 631 2988 excusationis.
690 2922 801 3004 Quum
835 2923 911 2990 dicit
943 2925 979 2989 in
1011 2924 1074 2989 loco
1106 2922 1171 3002 boc,
1223 2928 1264 2992 66
1286 2923 1540 2990 misericordiam
1562 2922 1646 2987 Dei:
1672 2921 1890 3006 expiationem
1913 2919 1992 2985 alibi
2015 2935 2197 3005 quaereret,

198 3009 341 3076 ostendit
372 3029 469 3090 quam
504 3010 604 3073 stulta
631 3010 673 3073 sit
703 3029 815 3074 eorum
847 3009 1057 3076 confidentia:
1091 3007 1168 3072 dum
1223 3032 1341 3094 nempe
1363 3012 1397 3074 16
1417 3010 1541 3076 Christi
1564 3009 1734 3092 sanguine.
1768 3008 1869 3090 Atqui
1887 3005 1977 3071 nulla
1995 3017 2071 3072 eret
2090 3008 2196 3091 poeni·

198 3096 385 3179 glorientur
413 3093 453 3158 66
481 3094 571 3159 66166
602 3093 666 3158 Dei
698 3106 730 3157 et
757 3095 936 3174 sacrificiis,
969 3105 1001 3159 at
1032 3095 1169 3175 templo:
1223 3099 1334 3174 tentia,
1357 3117 1422 3160 non
1441 3095 1656 3177 displicebant
1673 3094 1735 3159 sibi
1752 3093 1785 3157 in
1804 3093 1959 3176 peccatis:
1982 3093 2062 3170 imo,
2087 3115 2195 3177 quem·

199 3181 353 3261 quoniam
385 3179 541 3260 templum
568 3180 753 3261 polluerant
782 3180 850 3245 suis
879 3181 988 3262 impiis
1010 3180 1170 3245 caedibus.
1223 3182 1399 3248 admodum
1429 3182 1539 3245 atatim
1567 3180 1760 3259 videbimus,
1789 3179 1863 3261 plus
1891 3178 2047 3244 licentiae
2074 3180 2139 3244 sibi
2159 3201 2194 3245 ex

198 3265 329 3331 Deinde
357 3265 474 3328 transit
504 3264 544 3328 66
575 3265 714 3346 priorem
743 3264 825 3347 legis
851 3265 1011 3346 tabulam,
1042 3263 1080 3328 Si
1109 3283 1172 3327 nott
1223 3266 1434 3332 caeremoniis
1462 3264 1649 3343 sumebant,
1683 3286 1765 3347 quae
1794 3274 1906 3329 tamen
1932 3263 2103 3330 debebant
2131 3286 2195 3332 6666

198 3351 434 3417 ambulaveritis
461 3355 532 3434 post
564 3351 635 3415 deos
668 3348 801 3428 6166666,
835 3350 957 3432 166616,
987 3349 1024 3413 in
1052 3349 1172 3414 molant
1222 3352 1441 3434 poenitentiae
1470 3352 1632 3417 exercitia.
1677 3351 1829 3416 Fuerunt
1857 3350 1958 3432 igitur
1980 3349 2085 3415 verba
2109 3372 2194 3417 men·

199 3439 291 3502 66616.
337 3435 408 3502 Sub
435 3457 504 3501 una
525 3441 632 3519 specie
655 3456 713 3519 per
735 3434 961 3519 synecdochen
984 3435 1038 3501 hic
1060 3454 1172 3499 omnes
1224 3437 1322 3516 dacii,
1356 3456 1458 3519 quum
1485 3437 1580 3520 signa
1607 3458 1626 3500 a
1655 3457 1715 3501 suo
1743 3437 1808 3501 fine
1837 3435 2028 3502 evellerent.
2068 3437 2195 3502 Debent

199 3524 278 3588 alias
311 3523 488 3604 impietatis
524 3523 648 3604 species
682 3523 825 3587 damnat.
881 3520 969 3603 Quid
1003 3522 1088 3585 enim
1123 3526 1173 3584 est
1224 3523 1356 3606 quidem
1380 3522 1537 3605 distingui
1560 3522 1682 3587 6661666
1704 3533 1736 3587 66
1758 3522 1905 3605 signum:
1938 3521 1996 3585 666
2019 3520 2193 3588 divortium

199 3609 366 3672 ambulare
395 3617 469 3688 post
492 3608 568 3672 deos
590 3609 721 3684 6116666,
751 3608 815 3674 6161
838 3607 973 3674 deficere
996 3627 1016 3671 6
1036 3627 1118 3690 puro
1140 3614 1174 3671 et
1224 3610 1305 3674 illud
1334 3629 1400 3674 non
1422 3618 1473 3674 est
1494 3607 1672 3683 tolerabile,
1700 3628 1798 3690 quum
1822 3606 1969 3672 homines
1991 3607 2020 3671 si
2046 3629 2091 3673 na
2113 3609 2192 3674 6666

201 3693 345 3774 legitimo
378 3693 442 3756 Dei
475 3693 581 3772 cultu,
615 3706 648 3757 et
681 3714 887 3776 corrumpere
918 3695 1024 3776 ipsum
1058 3712 1172 3775 snper·
1225 3696 1398 3777 arripiunt,
1428 3708 1461 3759 et
1491 3693 1664 3778 negligunt
1693 3694 1741 3757 rei
1770 3693 1953 3758 veritatem.
2033 3695 2138 3759 eritas
2164 3696 2193 3757 iu

201 3777 411 3843 stitionibns?
446 3777 606 3843 Videmus
630 3800 707 3862 ergo
729 3779 807 3861 quid
825 3778 887 3843 sibi
906 3780 986 3844 velit
1002 3778 1172 3861 propheta.
1225 3781 1390 3846 sacrificiis
1408 3780 1464 3843 illa
1484 3780 1546 3844 1616
1561 3800 1658 3862 quam
1675 3799 1762 3844 nunc
1778 3777 1934 3856 dicebam,
1957 3786 1993 3842 ut
2008 3779 2192 3861 spectaculo

201 3865 348 3928 Revoeat
375 3863 513 3928 Iudaeos
544 3864 584 3927 66
614 3864 873 3929 observationem
903 3864 998 3948 legis,
1022 3873 1069 3928 ·ut
1097 3863 1172 3927 inde
1225 3866 1279 3931 illo
1311 3866 1566 3930 admonerentur
1605 3885 1641 3930 se
1673 3883 1746 3929 reos
1777 3885 1849 3928 6666
1880 3873 2033 3929 66666666
2065 3866 2194 3930 mortis:

200 3950 302 4031 666616
323 3949 397 4011 fieri
420 3961 544 4013 rectum
568 3949 723 4014 iudicium
742 3950 782 4013 de
799 3951 943 4031 ipsorum
962 3949 1172 4033 poenitentia.
1225 3951 1349 4028 deinde,
1380 3962 1418 4016 ut
1443 3951 1674 4033 poenitentiam
1701 3948 1947 4027 meditarentur,
1980 3959 2015 4013 et
2044 3951 2094 4014 ita
2124 3971 2193 4017 con·

200 4034 351 4112 Probata,
381 4035 496 4114 166616,
526 4056 584 4098 666
613 4035 786 4116 resipuisse
809 4057 849 4100 ex
873 4037 999 4100 animo:
1030 4033 1173 4100 ostendit
1224 4038 1376 4120 fugerent
1402 4035 1443 4102 66
1465 4035 1529 4099 Ι)61
1552 4034 1815 4101 misericordiam.
1861 4035 1972 4115 Quum
1993 4035 2090 4100 nulla
2116 4051 2196 4101 esset

201 4119 362 4185 rationem
385 4119 554 4199 probandi,
585 4139 701 4203 nempe
723 4121 750 4183 si
773 4120 879 4204 legem
901 4119 965 4186 Dei
987 4122 1171 4186 observent.
1225 4123 1351 4189 Christi
1374 4124 1466 4202 ratio,
1488 4121 1578 4186 nulla
1599 4141 1677 4187 6666
1698 4121 1950 4204 resipiscentiae,
1972 4121 2068 4185 nulla
2085 4121 2195 4204 displi-

201 4206 256 4280 66,
279 4204 552 4287 quemadmodum
575 4207 640 4270 iam
663 4207 739 4283 dixi,
763 4207 905 4288 priorem
928 4207 1009 4290 legis
1027 4206 1173 4272 tabulam
1224 4209 1331 4275 centia
1353 4209 1386 4272 in
1405 4209 1553 4291 peccetis,
1575 4206 1686 4271 nullus
1700 4208 1800 4270 timor
1815 4205 1888 4283 Dei,
1910 4204 2003 4271 66116
2019 4206 2195 4282 humilitas,

203 4291 352 4372 designat
373 4291 605 4373 synecdochice
627 4291 686 4356 sub
709 4311 775 4356 una
792 4292 908 4374 666616.
942 4291 1038 4374 Quod
1056 4293 1174 4358 attinet
1226 4296 1287 4360 hoc
1328 4294 1391 4359 1616
1431 4293 1568 4375 impium
1601 4291 1784 4370 divortium.
1838 4290 1934 4357 Nunc
1966 4312 2002 4355 er
2080 4292 2197 4360 clarius

203 4378 244 4442 66
267 4375 441 4442 secundam
474 4377 626 4455 tabulam,
658 4379 749 4459 ponit
771 4378 869 4443 etiam
891 4376 1018 4460 aliquas
1039 4379 1174 4462 species,
1226 4381 1374 4447 ridemus
1396 4401 1454 4445 cur
1475 4380 1634 4460 propheta
1655 4377 1796 4461 appellet
1816 4377 1910 4442 cerba
2068 4379 2100 4459 's’,
2128 4400 2196 4461 per·

204 4484 286 4545 quae
302 4474 410 4525 tamen
427 4460 490 4526 huc
507 4471 661 4543 spectant,
679 4474 717 4526 ut
727 4463 879 4529 ostendat
889 4463 1005 4529 violari
1017 4465 1174 4529 iustitiam
1227 4487 1355 4532 versam
1367 4466 1456 4529 illam
1473 4464 1696 4545 gloriationem
1712 4484 1809 4545 quam
1826 4462 2016 4546 hypocritae
2029 4472 2198 4549 opponunt

204 4563 236 4614 66
266 4548 465 4628 aequitatem
495 4547 579 4629 apud
609 4550 712 4632 ipsos:
741 4549 859 4614 661666
888 4548 1125 4615 crudelitatem¹
1141 4563 1176 4614 et
1226 4550 1307 4628 Deo,
1331 4551 1385 4615 ubi
1408 4550 1523 4614 volunt
1545 4551 1651 4634 ipsum
1675 4569 1747 4614 esse
1768 4556 1957 4615 contentum
1977 4549 2197 4616 6661666666

204 4634 390 4717 perfidiam,
424 4633 553 4697 fraudes
587 4642 620 4697 et
652 4636 782 4716 rapinas
812 4636 964 4720 grassari.
1017 4634 1176 4718 Sequitur
1227 4637 1353 4701 moniis.
1406 4635 1485 4699 Ideo
1518 4635 1667 4719 adiungit
1693 4633 1835 4716 profectu
1862 4653 1967 4701 curere
1993 4635 2092 4701 verba
2124 4636 2198 4703 itte.-

203 4719 363 4804 posterior
391 4741 481 4802 6666,
514 4719 617 4801 Tcnc,
650 4722 770 4803 inquit,
804 4720 944 4786 habitare
971 4741 1023 4784 vos
1047 4722 1174 4803 faciam.
1227 4722 1320 4803 quasi
1350 4720 1485 4784 diceret:
1519 4719 1623 4784 Sicuti
1654 4721 1755 4785 vultis
1788 4720 1899 4784 ludere
1928 4740 2003 4784 cum
2034 4721 2126 4801 Deo,
2155 4723 2198 4784 ita

204 4807 352 4889 Oppouit
375 4804 467 4870 Deus
496 4825 668 4888 perversae
698 4806 807 4890 populi
831 4806 967 4872 fiduciae
990 4806 1051 4872 hoc
1073 4829 1175 4872 mem·
1227 4808 1323 4871 etiam
1346 4806 1416 4888 ipsc
1440 4827 1497 4870 vos
1520 4806 1738 4869 frustrabitur.
1774 4806 1912 4870 Certum
1935 4807 2022 4869 enim
2043 4819 2105 4886 est,
2130 4809 2196 4872 Deo

204 4893 314 4957 brum:
341 4893 433 4973 quasi
451 4891 579 4966 diceret,
598 4890 708 4956 Vultis
725 4914 776 4958 me
792 4892 882 4957 vobis
898 4914 967 4958 6666
983 4895 1173 4975 propitium:
1226 4890 1372 4976 improbe
1402 4893 1499 4956 fuisse
1530 4893 1695 4965 mentitos,
1727 4912 1826 4973 quum
1857 4892 1927 4955 eius
1956 4890 2077 4957 iudicio
2109 4895 2197 4958 satis-

206 4978 261 5044 sed
294 4978 431 5042 illuditis
465 4978 560 5055 mihi,
599 4975 676 5040 dum
709 4979 832 5042 offertis
865 4980 1022 5043 sacrificia
1054 4979 1174 5061 absque
1227 4980 1333 5044 facere
1362 4977 1485 5044 6611666
1508 4977 1632 5060 frigidis
1655 4978 1875 5041 caeremoniis.
1920 4975 2078 5043 Ostendit
2101 4982 2199 5063 igitur

206 5066 323 5130 affectu
350 5064 466 5143 cordis,
494 5065 613 5144 absque
632 5064 698 5127 ulla
720 5064 856 5146 pietate:
886 5065 1024 5128 manetis
1047 5086 1174 5148 semper
1226 5063 1407 5129 mercedem
1431 5064 1496 5128 illis
1519 5084 1588 5128 esse
1611 5072 1768 5144 paratam,
1791 5063 1941 5145 quoniam
1965 5065 2113 5129 66661666
2132 5076 2199 5129 666-

207 5152 308 5214 666661
335 5150 470 5215 similes:
499 5150 624 5213 interea
647 5151 768 5231 putatis
790 5171 841 5215 me
863 5170 933 5214 esse
955 5149 1046 5215 vobis
1068 5151 1174 5232 placa·
1228 5152 1301 5216 dem
1332 5150 1413 5215 nihil
1441 5173 1476 5216 66
1498 5150 1625 5213 1666666
1649 5148 1767 5213 6616666
1789 5171 1831 5213 ex
1852 5150 1920 5213 suis
1943 5148 2094 5217 fallaciis.
2144 5151 2199 5218 Se·

206 5247 286 5310 tum,
311 5237 363 5301 ubi
386 5236 420 5300 in
442 5234 601 5317 templum
625 5236 746 5300 venitis
767 5254 839 5299 cum
862 5235 1014 5300 inanibus
1032 5238 1172 5319 pompis:
1227 5237 1350 5319 quitur,
