4784 5970
201 374 260 439 241
1067 374 1218 442 OAPU-'P
1240 370 1316 437 LII.
2124 376 2192 442 242

201 561 322 626 dietum
347 568 406 644 est,
429 562 550 628 Beatus
572 563 709 645 populus
737 562 829 629 ouius
851 562 974 629 Iehova
995 563 1087 629 Deus
1109 569 1167 628 est.
1221 557 1389 643 Siquidem
1422 555 1473 641 (ut
1499 557 1546 623 ait
1575 558 1699 625 Paulus
1735 559 1779 638 [2.
1800 559 1897 626 'Phae
1922 564 1950 642 1,
1972 561 2017 648 61)
2046 572 2188 647 aequum

200 646 401 728 Respondeo,
424 649 458 710 in
481 649 586 729 speeie
609 647 738 730 quidem
759 670 828 714 esse
851 651 1021 714 miseram:
1044 670 1082 714 ae
1102 648 1167 713 Do·
1220 654 1269 711 est
1291 645 1377 725 apud
1398 643 1523 720 Deum,
1551 641 1685 709 reddere
1707 643 1747 710 iis
1769 645 1823 727 qui
1852 666 1911 712 vos
1939 649 2107 733 affligunt,
2136 649 2186 714 al-

201 733 324 796 miunm
346 732 409 797 isto
430 733 561 798 nomine
588 733 693 814 ipsam
715 753 782 799 non
809 733 932 799 frustra
959 732 1166 817 compellare:
1219 730 1412 796 fliotiouem!
1446 738 1479 793 et
1509 727 1601 793 vobis
1626 730 1682 812 qui
1709 729 1916 813 affligamini,
1949 734 2185 800 relaxationem

177 817 363 902 quoniam,
395 825 434 881 ut
461 827 557 882 antea
578 818 729 896 diximus,
761 821 889 884 miseris
916 818 1102 901 opitulatur,
1135 828 1168 884 et
1219 815 1396 895 nobiseum,
1418 833 1518 896 quum
1536 813 1733 880 revelabitur
1750 816 1911 883 Dominus
1930 817 1970 882 de
1989 819 2087 897 eoelo,
2109 839 2185 885 oum

201 902 321 965 auxilio
353 901 526 967 destitutis.
577 902 674 984 Quod
707 904 825 970 mm
852 913 954 983 vooat,
988 904 1167 970 notandum
1219 900 1343 984 angelis
1365 899 1530 982 potentiae
1551 920 1638 979 suae,
1661 921 1734 965 oum
1756 901 1906 967 inoendio
1931 904 2098 982 flammae,
2128 906 2185 988 qui

201 997 250 1050 est
282 986 393 1052 fideles
427 1008 593 1071 nunquam
631 988 678 1053 ita
710 999 898 1054 oonstanter
930 991 1014 1055 ferre
1046 1010 1167 1072 poenas
1218 987 1339 1070 infligit
1369 985 1523 1050 ultionem
1553 985 1593 1050 iis
1623 986 1679 1067 qui
1707 1006 1771 1050 uon
1802 999 1963 1052 noverunt
1991 988 2118 1066 Deum,
2152 1000 2185 1055 et

200 1072 386 1154 quaeipsis
415 1073 613 1156 irrogantur,
648 1074 723 1156 quin
754 1094 986 1158 nonnunquam
1016 1075 1165 1156 obstupe·
1217 1073 1274 1153 qui
1307 1090 1373 1136 non
1406 1070 1563 1137 obediunt
1594 1072 1764 1154 evangelio
1796 1070 1932 1136 Domini
1971 1076 2073 1140 nostri
2106 1075 2184 1140 Iesu

200 1165 309 1222 soant:
338 1158 393 1222 sed
416 1159 566 1239 quamvis
588 1156 813 1243 obstupefeeti,
840 1160 1024 1225 meminisse
1047 1159 1167 1224 debent
1219 1156 1350 1223 Christi.
1395 1156 1625 1238 Temporariee
1646 1157 1748 1240 igitur
1770 1177 1903 1241 poenae,
1926 1180 2006 1240 quas
2028 1159 2109 1242 ipsis
2131 1161 2184 1223 in·

200 1262 235 1306 se
256 1243 358 1307 instas
381 1241 523 1307 Domino
551 1263 670 1325 poenas
700 1243 786 1320 dare,
819 1265 857 1310 ee
885 1255 1029 1310 statuere
1051 1243 1165 1309 Domi·
1217 1242 1301 1325 fligit
1330 1241 1437 1320 Deus,
1471 1240 1638 1323 praeludia
1666 1253 1744 1309 sunt
1772 1242 1896 1308 aeterni
1931 1244 2098 1327 supplieii,
2130 1246 2184 1312 oui

199 1347 278 1392 num
302 1329 381 1408 ipsis
403 1327 599 1394 adiuturum.
628 1329 696 1393 Neo
713 1330 800 1394 enim
822 1330 996 1413 alloquitur
1018 1330 1166 1396 robustos
1218 1328 1349 1393 tandem
1380 1326 1579 1392 addioeutur.
1625 1327 1670 1392 Et
1702 1348 1766 1411 quo
1799 1328 2005 1395 insolentiam
2039 1330 2182 1396 hostium

200 1424 258 1477 aut
290 1414 459 1477 florentes:
492 1413 548 1478 sed
580 1414 716 1494 debiles,
750 1414 900 1491 miseros,
933 1423 1164 1495 consternatos,
1204 1424 1250 1487 ¹et
1278 1413 1480 1496 superbiam,
1513 1413 1640 1494 qualem
1669 1413 1705 1477 in
1734 1413 1804 1479 dies
1832 1413 1894 1495 ipsi
1921 1415 1956 1478 in
1986 1414 2182 1482 adversariis

199 1504 298 1579 atque
319 1498 417 1562 ebriis
438 1497 568 1572 similes,
591 1500 694 1581 iisque
713 1521 749 1565 se
766 1500 1016 1565 oonsolationem
1038 1501 1165 1566 adferre
1217 1500 1337 1564 uostris
1365 1499 1568 1581 experimur,
1600 1497 1716 1563 melius
1746 1498 1903 1578 deoleret,
1935 1500 2036 1565 verba
2067 1521 2181 1567 eorum

200 1583 286 1647 dioit.
337 1583 488 1666 Denique
521 1583 582 1647 heo
614 1603 692 1649 voee
725 1586 850 1650 leniens
883 1586 952 1651 eius
984 1606 1164 1651 moerorem
1216 1585 1317 1649 refert
1344 1583 1461 1666 quibus
1493 1584 1725 1650 contumeliose
1757 1591 1922 1650 vexarunt
1953 1586 2089 1651 miseros
2117 1586 2182 1651 Dei

200 1667 330 1732 modum
352 1667 414 1733 sibi
432 1679 581 1734 oonetare
602 1668 704 1748 dooet,
726 1692 788 1753 quo
808 1670 993 1736 moderetur
1010 1672 1165 1737 extremis
1215 1668 1310 1734 filios.
1355 1669 1492 1752 Semper
1513 1670 1599 1734 enim
1623 1670 1796 1735 eoniuneta
1817 1677 1866 1735 est
1887 1671 2045 1753 impietati
2068 1692 2182 1754 super·

198 1752 377 1834 quibusque
398 1753 493 1818 malis
515 1753 738 1838 perditamque
760 1757 924 1839 restituat,
946 1758 1037 1838 quasi
1059 1757 1164 1840 putri·
1216 1754 1270 1818 bia
1291 1765 1323 1818 et
1344 1753 1528 1820 erudelitas.
1571 1754 1657 1818 Nam
1680 1764 1717 1820 ut
1738 1766 1925 1821 mansuetos
1946 1754 2054 1821 reddit
2076 1756 2181 1821 homi·

200 1839 276 1902 dum
298 1837 436 1902 oedaver
458 1839 624 1904 exeitaret.
1217 1860 1274 1904 nes
1308 1859 1385 1905 vera
1417 1840 1480 1905 Dei
1513 1840 1670 1924 cognitio,
1710 1841 1755 1904 ita
1785 1840 1947 1925 ignoratio
1988 1842 2110 1907 ferooes
2147 1850 2181 1906 et

283 1923 334 1987 22.
363 1921 431 2007 (Sie
449 1924 527 1989 oue
547 1924 756 2011 Domiuotor.)
800 1926 874 1991 Non
897 1934 1018 1991 temere
1047 1926 1088 1992 ad
1110 1948 1165 1991 no·
1217 1925 1419 1990 truculentos
1441 1924 1550 1990 efficit.
1582 1924 1654 1989 Sibi
1674 1926 1803 2006 plaoeut
1821 1927 1876 2007 qui
1892 1927 2045 2009 ignorant
2060 1927 2180 2006 Deum,

200 2029 274 2072 men
301 2008 444 2073 Iehovee
474 2010 537 2073 tria
565 2009 709 2093 epitheta
736 2011 900 2096 adiungit,
935 2033 1051 2094 nempe
1079 2012 1163 2094 quod
1216 2020 1355 2092 suntque
1376 2010 1410 2074 in
1433 2010 1539 2093 ipsum
1564 2021 1595 2073 et
1618 2031 1712 2074 veros
1734 2011 1804 2075 eins
1826 2011 1966 2076 eultores
1993 2013 2063 2077 sine
2084 2011 2180 2077 modo

199 2094 351 2157 dominus
383 2094 426 2156 sit
455 2094 506 2157 vel
534 2106 690 2175 patronus
723 2097 892 2175 eeolesiae,
926 2108 958 2162 et
990 2098 1097 2175 Deus,
1131 2103 1165 2162 et
1215 2095 1446 2162 oontumeliosi.
1497 2095 1570 2160 Hoe
1598 2095 1728 2178 quidem
1759 2096 1976 2160 miserrimum
2007 2104 2103 2178 atque
2133 2097 2183 2161 in·

200 2188 379 2260 prostremo
403 2178 533 2244 vindex.
585 2179 723 2263 Semper
751 2183 841 2253 enim
867 2183 1082 2265 reputandum
1115 2191 1164 2249 est
1216 2179 1441 2263 dignissimum
1475 2191 1540 2245 est:
1580 2180 1637 2246 sed
1667 2201 1767 2262 quum
1801 2201 1920 2246 nomen
1953 2201 2050 2245 suum
2083 2202 2179 2264 saepe

200 2265 304 2344 qualis
337 2264 379 2328 sit
412 2264 507 2328 nobis
539 2285 614 2329 oum
639 2267 711 2331 Deo
745 2268 963 2333 neoeesitudo:
996 2270 1071 2349 quia
1104 2289 1163 2333 nos
1215 2266 1388 2348 impiorum
1422 2267 1625 2332 contumeliis
1659 2267 1778 2348 exponi
1811 2267 1913 2341 sinat,
1949 2287 1989 2331 ne
2022 2267 2179 2332 miremur

199 2348 270 2413 ideo
293 2348 499 2413 familiariter
520 2350 700 2434 oompellat,
723 2352 808 2434 quod
831 2353 932 2418 semel
953 2353 987 2416 in
1006 2353 1162 2437 populum
1214 2372 1273 2415 nos
1299 2352 1426 2417 iniuriis
1457 2363 1589 2434 propter
1615 2353 1723 2434 ipsum
1753 2351 1848 2417 alfioi.
1892 2351 1960 2416 Nee
1990 2351 2077 2416 enim
2106 2352 2178 2434 ipso

198 2435 590 2584 tumultuetur.
609 2436 749 2587 illiti
765 2458 809 2587 25.
830 2439 933 2588 llll
952 2440 1162 2589 ⁰l¹¹³¹¹lgi¹¹l
1214 2435 2178 2588 tttltttltttt”ttffldtt‘ssltlfflltttlt

199 2541 507 2686 pleetipdubiterent
528 2605 613 2687 quod
636 2605 689 2671 hie
717 2544 1160 2689 promittitullr.aedeneadhlrln
1186 2546 1190 2732 l
1213 2607 1316 2670 utitur
1338 2606 1447 2672 David
1470 2605 1537 2692 (Ps.
1562 2609 1632 2685 129,
1655 2606 1697 2692 3),
1721 2573 1829 2690 quum·
1844 2606 2010 2672 ecelesiam
2033 2543 2111 2691 aglo
2134 2606 2178 2673 si-

199 2689 294 2755 hodie
316 2692 390 2753 nori
413 2689 521 2772 populi
552 2691 635 2754 ratio
665 2702 728 2767 est,
762 2714 856 2774 quem
881 2692 972 2758 Deus
1001 2695 1035 2758 in
1066 2694 1161 2761 fidem
1186 2740 1188 2799 ἱ
1213 2691 1322 2756 milem
1345 2713 1415 2758 esse
1437 2692 1514 2758 dieit
1536 2697 1590 2777 qui
1612 2691 1832 2776 proseinditur
1854 2702 1970 2772 aratro,
1998 2713 2036 2758 ao
2058 2693 2178 2777 subigi-

199 2787 232 2839 et
253 2775 466 2856 patrocinium
489 2794 583 2838 suum
606 2796 670 2839 non
700 2777 809 2843 minus
838 2780 969 2860 reoepit.
1012 2779 1161 2845 Vindiois
1185 2807 1188 2849 f
1213 2784 1284 2838 tur:
1320 2779 1448 2860 saepius
1482 2779 1569 2842 enim
1603 2778 1793 2860 proscissam
1826 2787 1923 2859 atque
1956 2777 2177 2861 prouuloetam

199 2872 307 2923 autem
342 2879 461 2924 munus
493 2860 555 2923 sibi
587 2860 742 2925 adsoribit
774 2863 950 2929 Dominus:
992 2873 1028 2928 ut
1060 2885 1159 2946 quum
1184 2860 1187 2947 l
1213 2881 1283 2925 esse
1305 2861 1412 2939 dooet,
1447 2884 1487 2926 ne
1510 2863 1671 2929 diversam
1693 2883 1763 2928 esse
1783 2861 2001 2929 uenditionem
2032 2874 2177 2929 nostram

199 2946 390 3028 gravissima
412 2944 553 3027 perieula
583 2945 768 3025 instabunt,
801 2957 834 3012 et
861 2963 968 3014 aetum
999 2949 1038 3014 de
1068 2950 1159 3014 nobis
1184 2954 1187 3051 Ι
1212 2946 1443 3014 existimemus.

198 3052 267 3096 esse
289 3029 462 3105 ridebitur,
486 3029 526 3092 ad
546 3030 629 3095 hano
651 3031 826 3097 enehorum
847 3035 1079 3116 oonlugiamns,
1110 3036 1160 3117 ip·

198 3136 269 3179 sum
292 3124 400 3179 tamen
423 3136 492 3178 esse
514 3115 676 3180 vindicem
699 3118 810 3201 populi
838 3120 898 3185 sui.
943 3119 1010 3185 Neo
1040 3119 1159 3184 solum·

197 3201 291 3264 modo
313 3220 412 3282 quum
436 3199 475 3263 ab
498 3202 642 3266 externis
663 3201 823 3279 hostibus,
854 3204 910 3270 sed
933 3224 1033 3287 quum
1057 3225 1076 3269 a
1098 3203 1159 3271 Sa·

199 3298 276 3350 tana
297 3285 494 3362 invadimur,
519 3286 578 3352 hoo
602 3286 710 3352 valere
731 3289 834 3354 debet.
1696 3341 1706 3371 ,

282 3369 375 3455 (Eece
405 3370 541 3456 obstuli.)
596 3372 753 3455 Proponit
784 3373 936 3459 sperandi
970 3374 1157 3440 materiam:
1538 3341 1729 3423 CAPUs
1757 3340 1848 3421 LH·

197 3456 273 3538 quia
305 3456 396 3520 Deus
429 3476 492 3519 non
526 3458 589 3521 uisi
623 3459 853 3540 temporalibus
886 3459 1025 3541 flagellis
1057 3459 1157 3526 eoele-

196 3544 277 3605 siam
312 3561 402 3606 suam
432 3542 576 3624 uestigat.
622 3542 717 3609 Unde
748 3544 845 3610 simul
879 3545 1066 3609 disoendum
1099 3547 1159 3610 fnit
1297 3543 1324 3607 1.
1357 3542 1522 3618 Exsiluere,
1552 3544 1700 3624 excitare,
1729 3543 1824 3607 indue
1848 3543 2062 3623 fortitudinem
2084 3548 2172 3606 tuom

196 3626 334 3701 Iudaeis,
358 3626 512 3709 quidquid
533 3629 755 3694 oalamitatum
777 3630 928 3711 instabat,
952 3631 1067 3695 iustam
1090 3651 1158 3695 see·
1183 3644 1186 3705 ῑ
1212 3627 1303 3705 Sion,
1342 3629 1436 3693 indue
1467 3631 1562 3691 vestes
1599 3627 1717 3692 decute
1754 3628 1802 3690 tui
1839 3627 2020 3706 queoleu,
2061 3627 2174 3692 ciuitas

198 3714 300 3776 lerum
323 3732 455 3776 suorum
478 3732 547 3777 esse
570 3714 765 3779 meroedem:
799 3716 875 3796 quia
905 3713 1014 3778 nullus
1046 3716 1159 3781 luisset
1182 3712 1185 3785 l
1209 3718 1332 3777 senua.-
1363 3714 1440 3794 quia
1461 3733 1521 3776 uon
1540 3711 1591 3790 fiet
1613 3711 1750 3792 amplius
1771 3717 1805 3776 ut
1832 3713 1934 3777 ueniet
1961 3713 1995 3776 in
2021 3717 2049 3778 te
2077 3713 2172 3778 uuir·

200 3799 274 3860 finis
296 3798 360 3860 nisi
382 3797 577 3862 reooneilioti
600 3809 709 3864 essent
731 3798 811 3862 Deo.
844 3797 982 3864 Summa
996 3812 1053 3876 eet,
1076 3801 1156 3864 iram
1183 3803 1185 3863 l
1209 3799 1362 3863 eumeleus
1396 3802 1423 3861 et
1454 3798 1643 3862 immundus.
1697 3797 1727 3861 2.
1762 3796 1880 3863 Excute
1912 3802 1940 3862 te
1970 3798 2008 3862 de
2033 3797 2173 3879 puluere,

202 3881 335 3945 Domini
360 3881 519 3963 plaoatum
543 3883 593 3960 iri,
613 3885 660 3947 ita
680 3895 716 3946 ut
736 3884 841 3967 plagis
863 3883 978 3966 quibus
1000 3885 1158 3950 haetenus
1183 3874 1185 3893 ’
1208 3903 1307 3967 ourqe,
1330 3883 1399 3948 sede
1420 3882 1609 3946 Ierusalem:
1641 3884 1758 3949 extrita
1780 3888 1807 3949 te
1829 3906 1850 3949 o
1875 3883 2008 3948 viucult'a
2036 3883 2105 3948 colli
2125 3885 2173 3948 lui

199 3967 351 4048 punierat
372 3965 538 4030 ecelesiam
561 3987 663 4045 suam,
686 3969 816 4034 modum
839 3981 871 4034 et
888 3970 986 4034 finem
1005 3971 1158 4052 imponat.
1208 3969 1331 4047 captiua
1350 3967 1419 4048 filio
1441 3965 1527 4031 Sion.
1571 3968 1601 4032 3.
1628 3969 1710 4049 Quia
1731 3969 1777 4034 sie
1798 3969 1873 4034 dieat
1895 3967 2027 4034 Ieleoeo:
2062 3968 2173 4033 Gratis

200 4053 250 4116 De
279 4050 468 4131 metaphora
496 4050 606 4116 caliois
636 4053 725 4134 priua
755 4054 875 4119 dietum
905 4066 953 4119 est
982 4055 1021 4118 ll
1046 4076 1157 4121 versu:
1210 4054 1325 4118 oeutditu'
1346 4054 1432 4118 estis:
1454 4052 1521 4117 ideo
1541 4055 1609 4118 siue
1625 4055 1763 4134 pecunie
1783 4054 1988 4119 redimeniui.
2033 4053 2063 4118 4.
2090 4054 2173 4135 Quia

139 4194 143 4199 .
198 4138 289 4202 euius
315 4136 579 4218 explicationem,
613 4138 739 4218 qualem
769 4139 952 4216 attulimus,
986 4139 1038 4206 hie
1071 4141 1158 4205 loeus
1208 4140 1255 4203 eie
1275 4138 1349 4202 uuit
1371 4137 1528 4202 Dominus
1550 4137 1678 4203 leluooo:
1700 4139 1744 4203 Iu
1765 4140 1939 4222 Aepyplum
1959 4139 2034 4204 olim
2054 4140 2175 4205 desom-

198 4224 277 4287 satis
306 4222 494 4295 oonlirmat,
528 4223 583 4286 ubi
614 4223 744 4289 oalioem
777 4224 895 4289 luroris
927 4227 978 4290 sui
1010 4228 1158 4290 nominet
1209 4223 1299 4287 deret
1325 4223 1462 4303 populus
1493 4244 1579 4288 uteus
1609 4229 1643 4288 ut
1668 4225 1925 4307 perepriuoretur
1952 4224 2034 4290 illie:
2066 4245 2173 4290 oerum

200 4309 297 4385 Deus,
319 4309 371 4389 qui
396 4316 504 4370 tamen
527 4309 728 4373 ooneusserit
749 4310 915 4374 eoelesiam
941 4330 979 4376 oo
1000 4312 1027 4376 si
1057 4312 1157 4376 verti·
1209 4309 1316 4373 Assur
1347 4307 1462 4389 ubsque
1492 4329 1589 4374 eausa
1621 4311 1774 4390 oppressit
1812 4329 1891 4374 eum.
1945 4310 1975 4375 5.
2009 4309 2053 4375 Et
2083 4329 2174 4385 eune,

199 4394 273 4473 gine
301 4399 449 4474 correpta
475 4403 569 4457 esset.
621 4392 815 4475 Quanquam
847 4395 933 4458 idem
963 4405 1013 4461 eet
1039 4417 1157 4461 nomen
1214 4393 1296 4473 Quid
1316 4392 1395 4457 mibi
1416 4393 1482 4474 bie,
1510 4394 1738 4476 osculatura,
1769 4399 1802 4458 ul
1823 4394 1946 4460 ablatem
1966 4396 2008 4460 sit
2031 4394 2172 4475 populus

198 4476 284 4559 quod
305 4488 381 4541 ante
404 4480 517 4559 posuit,
540 4463 668 4553 ebuso,
700 4477 783 4560 quod
805 4478 860 4543 alii
889 4492 1069 4562 stuporem,
1103 4483 1157 4546 alii
1209 4498 1294 4542 meus
1315 4479 1433 4561 qratia:
1463 4480 1567 4561 etqui
1589 4480 1623 4543 iu
1644 4499 1714 4544 eum
1734 4480 1936 4546 demittuntur
1962 4481 2081 4562 faciant
2102 4500 2172 4545 eum

198 4578 370 4626 tremorem
395 4573 535 4628 vertunt.
580 4563 749 4640 Faeeibus,
772 4573 809 4629 ut
831 4565 908 4644 dixi,
932 4566 1061 4647 plenam
1085 4567 1157 4631 vin·
1208 4563 1782 4649 uuare,ouu1etooa?etu9uer
1798 4570 1860 4630 toto
1876 4567 1927 4631 die
1943 4585 2052 4630 nomeu
2069 4585 2171 4629 meum

198 4648 303 4712 diotae
324 4668 509 4713 mensuram
532 4649 696 4732 designat,
726 4671 791 4732 qua
813 4649 905 4717 Deus
926 4674 985 4735 pro
1015 4671 1072 4716 sua
1102 4673 1157 4733 pa·
1208 4649 1408 4716 eoruuuteliee
1428 4651 1599 4729 expositum
1619 4651 1670 4714 sit.
1711 4651 1740 4716 6.
1762 4650 1928 4732 Propterea
1949 4652 2021 4717 sue
2036 4650 2174 4732 populus

197 4748 291 4798 terna
314 4732 513 4815 indulgentia
532 4744 703 4800 contentus
725 4746 783 4800 est.
1208 4755 1294 4798 meus
1314 4754 1422 4798 rtomeu
1442 4754 1558 4799 meum:
1583 4741 1747 4815 propterw
1768 4739 1802 4801 iu
1823 4736 1874 4802 die
1902 4736 1977 4815 ille,
2009 4736 2090 4818 quod
2119 4754 2173 4819 epo

282 4818 333 4883 23.
367 4815 424 4901 (Et
443 4819 591 4905 bodam.)
634 4821 784 4885 Alterum
807 4830 856 4886 est
880 4822 1059 4888 membrum
1083 4841 1158 4885 oon·
1208 4820 1291 4885 idem
1311 4820 1366 4900 qui
1387 4819 1503 4900 loquor,
1526 4839 1587 4885 eeee
1608 4821 1709 4887 adero.
1746 4823 1775 4886 ’1.
1801 4822 1903 4902 Qum
1923 4821 2057 4903 speeiosi
2077 4840 2174 4902 super

197 4903 373 4982 solutionis,
398 4902 452 4967 ubi
473 4906 632 4985 promittit
652 4906 737 4985 fore,
765 4927 830 4970 non
856 4907 960 4973 solum
982 4920 1020 4972 nt
1042 4907 1157 4972 Domi·
1208 4909 1323 4969 monus
1337 4906 1431 4986 pedes
1451 4906 1675 4988 aununtiantis,
1692 4906 1884 4987 puble'eoutis
1899 4925 2018 4988 potem,
2048 4925 2173 4971 annuu-

197 5009 258 5054 nue
291 4989 458 5054 ecelesiam
491 4989 606 5054 liberet
638 5011 657 5055 a
690 4992 790 5055 tantis
822 4992 930 5069 malis,
968 4991 1025 5058 sed
1058 4993 1157 5057 etiam
1208 4991 1317 5055 tioutu
1349 4990 1479 5069 bouum,
1508 4989 1700 5071 publieottis
1730 4992 1875 5069 salutem,
1907 4991 2035 5056 cluentis
2065 4989 2175 5056 Siout:

195 5072 395 5139 oelamitates
417 5074 532 5155 quibus
554 5075 675 5140 afflieta
696 5083 755 5153 est,
778 5077 812 5141 in
836 5077 945 5142 hostes
963 5078 1033 5142 eius
1051 5087 1157 5142 trans·
1209 5075 1331 5158 Repuot
1361 5075 1451 5140 Deus
1482 5079 1576 5141 ruet
1624 5076 1655 5140 8.
1684 5076 1751 5141 Voe
1782 5077 2006 5158 speculatorum
2038 5081 2172 5156 tuorum,

196 5161 289 5224 serat.
322 5160 411 5242 Ergo
432 5161 459 5223 si
482 5158 666 5244 affligimur,
688 5160 779 5226 brevi
802 5163 1028 5228 immutabitur
1045 5172 1158 5227 nostra
1207 5161 1383 5227 leuauerunt
1407 5179 1519 5238 vocent,
1548 5163 1671 5245 pariter
1691 5162 1880 5228 iubilobuut:
1910 5162 2058 5243 quouiom
2085 5163 2172 5230 oculo

196 5245 352 5322 eonditio,
381 5253 476 5327 atque
499 5244 708 5328 gravissimas
734 5247 843 5315 hostes
871 5267 992 5331 poenas
1022 5248 1155 5314 dabunt.
1207 5247 1247 5314 od
1284 5245 1403 5313 oculum
1442 5245 1600 5327 videbunt,
1639 5267 1734 5329 quum
1773 5246 1889 5313 Iebouo
1926 5246 2049 5315 reducet
2084 5248 2174 5316 Sion.

300 5346 409 5402 ouant
426 5361 518 5414 opera.
546 5347 601 5401 Vol.
619 5347 780 5404 XXXVII.
1937 5350 1971 5404 le
