4784 5970
174 329 255 430 aar
1038 326 1339 433 seruatum.
2120 362 2185 429 sae

195 553 303 618 minus
326 551 490 615 videretur
512 552 599 634 ipsos
620 572 639 616 e
662 553 755 617 domo
777 572 837 617 sua
858 552 1038 635 expulisse:
1065 563 1163 634 atque
1215 553 1360 636 ipsorum
1383 552 1422 618 iis
1444 552 1580 617 molesta
1602 573 1682 633 esse,
1704 573 1742 618 ao
1764 551 1885 617 bellum
1909 571 2022 636 gerere
2044 572 2111 618 non
2129 553 2184 617 de·
2284 556 2290 566 “

195 638 230 702 in
253 658 291 702 eo
314 637 436 702 similes
458 647 553 701 erant
575 637 737 720 gentibus.
777 636 889 718 Quum
911 637 1163 723 igiturabdioa·
1214 640 1307 704 sinet.
1354 638 1459 703 Deum
1492 658 1569 722 ergo
1598 638 1729 704 unieum
1758 637 1845 720 paeis
1874 647 2021 702 autorem
2049 638 2182 716 indueit,

196 724 293 789 tionis
325 722 412 788 illius
445 730 589 804 tempore
623 721 704 787 nibil
737 725 823 787 inter
855 723 941 806 ipsos
979 731 1012 788 et
1050 732 1164 807 gentes
1214 724 1270 804 qui
1293 722 1442 789 horribili
1473 724 1720 789 denuntiatione
1750 722 1877 788 delitias
1904 733 2097 805 extorqueat
2127 724 2182 788 Iu·

196 808 391 874 discriminis
412 817 514 873 esset:
547 808 662 872 merito
693 807 834 888 Paulus,
866 808 956 872 velut
985 809 1018 872 in
1050 807 1162 873 eodem
1215 809 1321 875 daeis:
1339 821 1373 872 et
1390 808 1497 873 Deum
1516 830 1612 874 suum
1633 819 1728 876 vooat
1745 809 1900 873 adversus
1918 809 2047 882 inanem
2063 809 2182 874 iaetan-

196 894 300 978 grada
330 904 484 976 utrosque
513 893 641 967 loeans.
669 893 743 958 illos
772 893 923 978 gentibus
953 893 1162 976 adaequavit:
1215 895 1295 959 tiam
1330 893 1461 960 illorum
1495 896 1549 978 qui
1583 895 1662 960 lalso
1694 915 1813 959 nomen
1847 894 1916 959 eius
1955 894 2182 960 obtendebant.

197 992 293 1062 atque
316 979 363 1043 ita
389 980 428 1043 iis
457 977 713 1044 aooommodavit
741 980 824 1061 quod
852 978 1011 1062 propheta
1040 981 1080 1044 do
1108 979 1162 1044 Iu·
1215 979 1284 1045 Neo
1306 979 1392 1046 enim
1415 989 1553 1062 possunt
1573 1000 1749 1064 agnoscere
1770 980 1894 1057 Deum,
1924 978 2078 1061 quamdiu
2108 1000 2182 1061 pro·

197 1066 285 1131 daeis
318 1066 507 1147 protulerat.
552 1064 655 1129 Siouti
691 1084 755 1128 non
789 1062 927 1129 absimili
961 1064 1056 1129 modo
1086 1064 1163 1130 alibi
1215 1065 1346 1164 phetam
1369 1067 1440 1131 eius
1462 1077 1495 1130 et
1517 1067 1697 1132 doetrinam
1720 1074 1884 1147 respuunt.
1925 1065 2003 1129 Ideo
2023 1065 2183 1148 propheta

196 1151 300 1217 losum
325 1150 455 1214 Heseae
476 1148 517 1214 ad
539 1161 654 1232 gentes
676 1150 832 1215 transfert
854 1149 963 1234 (Rom.
986 1149 1016 1229 9,
1039 1149 1104 1235 25).
1216 1151 1377 1234 intrepide
1403 1152 1595 1234 pronuntiat
1623 1173 1659 1216 se
1688 1152 1875 1216 mandatum
1905 1150 2026 1216 babere
2053 1171 2072 1215 a
2102 1150 2182 1232 Deo,

282 1236 334 1301 20.
363 1232 477 1320 (Impii
503 1234 631 1320 autem)
682 1234 794 1315 Quum
822 1235 912 1318 prius
941 1234 980 1299 de
1009 1256 1088 1318 paee
1117 1235 1164 1299 lo·
1216 1246 1252 1300 ut
1274 1237 1393 1303 bellum
1417 1238 1495 1321 ipsis
1518 1248 1710 1321 perpetuum
1732 1234 1863 1300 indieet.

197 1329 320 1406 qnutus
342 1322 385 1386 sit
406 1342 471 1403 qua
491 1322 535 1402 pii
563 1321 728 1398 fruentur,
761 1321 871 1403 impiis
899 1332 1014 1385 eontra
1043 1320 1163 1385 bellum

197 1407 361 1473 assiduum
396 1419 429 1470 et
462 1415 635 1489 perpetuas
667 1405 767 1470 animi
800 1407 1038 1490 exagitationes
1069 1417 1164 1488 atque

196 1491 458 1575 perturbationes
481 1491 666 1556 denuntiet:
690 1503 726 1555 ιιι
747 1491 868 1557 soilieet
890 1491 935 1573 pii
958 1492 1086 1575 insigna
1107 1512 1164 1574 pa·

197 1578 243 1644 eie
266 1577 457 1642 benefieium
482 1577 586 1659 pluris
608 1576 796 1642 aestiment:
830 1576 956 1656 deinde,
978 1586 1016 1641 ut
1037 1575 1165 1659 reprobi
1671 1632 1681 1663 ,

197 1664 303 1729 serant
322 1662 369 1728 sie
387 1662 460 1726 anu
480 1663 540 1727 uer
556 1662 702 1745 promam
723 1682 846 1744 paam,
870 1673 906 1727 a
928 1661 1029 1727 nisus
1052 1662 1166 1727 aanor
1514 1629 1704 1712 CAPUF
1732 1628 1885 1711 LVIII·

197 1769 307 1814 eorum
330 1746 472 1812 eonditio
496 1746 607 1811 futura
630 1748 682 1812 sit.
721 1746 881 1828 Quoniam
906 1758 1014 1813 autem
1038 1747 1163 1830 reprobi

196 1833 276 1899 falso
299 1832 481 1898 obtendunt
504 1853 622 1897 nomen
645 1833 726 1909 Dei,
755 1842 788 1897 et
809 1833 951 1898 inaniter
976 1835 1012 1899 in
1036 1854 1074 1898 oo
1095 1834 1165 1917 glo·
1302 1833 1330 1899 1.
1365 1831 1474 1899 Olama
1507 1832 1541 1896 ia
1571 1837 1713 1916 pallara,
1744 1852 1782 1897 ae
1808 1831 1963 1898 aalibeaa:
1994 1829 2184 1912 euastata

196 1920 339 1996 riantur,
371 1920 530 2002 propheta
551 1917 695 1983 ostendit
716 1918 839 1982 nullam
861 1939 931 1984 esse
951 1939 1082 1985 oausam
1105 1940 1164 1984 eur
1214 1919 1320 1985 exalta
1341 1938 1441 1984 oeeem
1460 1922 1563 1997 taam,
1591 1919 1794 1982 aaaaantia
1809 1916 1927 2000 papale
1944 1937 2009 1981 maa
2024 1920 2184 1997 ρειοαιιιιιι

197 2005 258 2070 sibi
280 2003 376 2068 huius
398 2004 621 2086 promissionis
644 2006 773 2069 nomine
796 2004 959 2087 pleasant,
992 2015 1051 2069 aut
1072 2002 1165 2086 quid·
1214 2026 1323 2088 mam,
1356 2010 1384 2069 et
1414 2005 1523 2070 (iamai
1554 2002 1649 2069 Iaaob
1680 2004 1877 2086 iniquitatem
1908 2022 2009 2066 suam
2065 2002 2095 2065 2.
2130 1999 2184 2065 Me

197 2111 295 2173 quam
317 2089 378 2155 sihi
401 2099 571 2173 arrogent,
601 2110 700 2171 quum
723 2091 810 2172 paeis
832 2090 923 2154 nullo
953 2090 1048 2156 modo
1070 2090 1165 2172 parti·
1215 2097 1317 2157 lamen
1338 2090 1473 2173 quotidie
1500 2093 1667 2171 quaerunt,
1695 2093 1723 2154 et
1751 2088 1831 2152 seire
1854 2088 1925 2152 aias
1952 2107 2039 2152 meas
2065 2087 2184 2150 voluat:

197 2177 284 2258 cipes
313 2196 385 2240 esse
412 2178 551 2256 possint:
591 2194 650 2240 nee
678 2176 725 2239 eis
755 2175 930 2258 quidquem
960 2176 1163 2258 profuturum
1214 2178 1308 2261 quasi
1327 2196 1402 2260 pens
1423 2196 1502 2257 quae
1522 2175 1675 2240 iristitiam
1694 2175 1809 2255 feeerit,
1832 2173 2031 2238 etiadieiam
2048 2171 2111 2237 Dei
2131 2171 2184 2235 sai

198 2264 256 2339 sit,
286 2260 370 2344 quod
394 2262 486 2325 Deus
509 2259 619 2343 populi
640 2260 691 2324 sui
714 2262 866 2326 misertus
891 2263 998 2344 ipsum
1030 2262 1165 2344 recipiat
1215 2284 1276 2328 aaa
1297 2261 1511 2328 intermiserit:
1542 2261 1741 2326 sciscitantur
1768 2279 1806 2324 ea
1826 2279 1874 2322 me
1894 2258 2013 2323 iadiaia
2035 2258 2182 2339 iustitiae,

197 2349 232 2413 in
254 2346 403 2430 gratiam,
426 2346 518 2428 eique
541 2348 650 2411 iubeat
672 2366 782 2427 paoem
805 2347 962 2411 nuntiari.
1216 2347 1470 2432 appropinquare
1490 2346 1557 2412 Deo
1578 2346 1688 2410 volunt.
1731 2342 1762 2410 3,
1789 2343 1893 2425 Quare
1913 2344 2134 2426 lassavimus,
2156 2347 2184 2407 et

282 2431 463 2516 (Tamquam
485 2431 594 2512 arare.)
638 2431 782 2514 Elegans
804 2441 853 2498 est
874 2432 937 2497 ista
958 2432 1058 2496 maris
1077 2432 1164 2497 simi·
1215 2453 1276 2499 aare
1307 2432 1504 2513 adspmisti?
1542 2431 1777 2496 humiliavimus
1813 2431 1938 2495 animas
1976 2434 2116 2509 rostras,
2155 2433 2185 2493 et

197 2517 311 2598 litudo,
340 2528 373 2582 et
394 2517 562 2599 aptissima
585 2517 625 2582 ad
648 2517 873 2599 explieandam
904 2517 1164 2600 inquietudinem
1215 2518 1378 2583 mesaiisti?
1420 2517 1500 2584 ane
1521 2537 1581 2598 quo
1602 2517 1653 2582 elie
1673 2516 1838 2595 ieiunatis,
1867 2515 2013 2580 invenitis
2042 2515 2182 2580 volanta-

196 2604 378 2686 impiornm.
420 2602 504 2667 Nam
528 2604 561 2667 in
584 2624 619 2668 so
641 2603 710 2684 ipso
734 2602 885 2666 turbatur
907 2621 1012 2666 mare:
1035 2604 1163 2667 tametsi
1216 2609 1285 2684 tem,
1307 2609 1336 2668 el
1356 2622 1460 2669 mames
1479 2602 1642 2683 sacedotes
1662 2607 1781 2667 vestras
1802 2601 1938 2683 arripitis.
1976 2601 2006 2663 4.
2030 2599 2118 2676 ane,
2141 2599 2184 2663 ad

197 2710 217 2755 a
252 2699 348 2753 vento
381 2709 445 2752 non
478 2688 669 2770 impellitur,
708 2687 955 2769 tempestatibus
993 2687 1165 2752 horrendis
1215 2688 1301 2753 litem
1328 2694 1355 2753 et
1382 2689 1597 2754 multationem
1622 2687 1787 2751 ιἐιιιιιιιιὶεε
1820 2691 1911 2767 atque
1940 2690 1975 2749 at
1998 2685 2183 2766 percutiatis

197 2777 355 2858 agitatur:
387 2774 505 2837 fluetus
526 2772 683 2853 reeiprooi
705 2773 767 2837 sibi
789 2773 822 2836 in
845 2793 883 2837 ao
905 2771 1025 2837 bellum
1048 2782 1164 2837 mutue
1210 2793 1320 2856 papae
1341 2774 1446 2854 impio.
1494 2772 1543 2837 Ne
1564 2772 1708 2837 alendis
1728 2772 1806 2836 sicat
1827 2771 1924 2852 lodie,
1947 2776 1980 2834 at
2003 2770 2112 2835 audiri
2132 2770 2183 2851 fa·

196 2868 327 2943 gerunt,
349 2870 383 2922 et
401 2858 483 2923 laeto
501 2859 593 2942 gravi
612 2858 735 2939 impetu
754 2878 824 2922 sese
842 2858 1006 2941 frangunt.
1040 2857 1163 2922 Eodem
1215 2860 1307 2925 aiatis
1328 2860 1363 2924 ia
1383 2859 1500 2924 erata
1520 2877 1619 2922 aecem
1640 2861 1781 2921 vestram.
1826 2856 1856 2920 5.
1878 2856 1933 2921 Aa
1958 2857 2020 2922 tale
2041 2861 2085 2920 est
2105 2856 2183 2921 ieiu-

197 2945 292 3010 modo
314 2943 404 3025 impii
427 2944 601 3008 turbantur
621 2943 774 3007 intestino
796 2943 891 3020 malo,
914 2942 999 3026 quod
1020 2944 1055 3006 in
1080 2944 1164 3026 ipso·
1215 2947 1304 3010 aiam
1325 2944 1406 3026 qaod
1427 2943 1528 3026 alepi?
1548 2947 1582 3007 al
1603 2943 1654 3008 die
1674 2942 1798 3023 aftliqat
1819 2941 1906 3008 lerna
1924 2942 2063 3006 animam
2081 2961 2181 3021 suam,

197 3052 270 3096 rum
293 3029 411 3093 animis
434 3028 576 3094 defixum
601 3037 660 3094 est.
693 3029 808 3093 Terret
832 3030 918 3092 enim
941 3038 975 3092 et
991 3028 1165 3094 oonturbat
1215 3036 1244 3095 et
1265 3029 1359 3112 quasi
1379 3030 1491 3094 teneas
1511 3029 1652 3094 demittat
1671 3031 1765 3112 caput
1784 3046 1894 3106 suam,
1924 3032 2040 3092 sternat
2060 3046 2183 3091 saraam

198 3118 284 3199 ipsos
305 3115 520 3181 oonsoientia:
554 3135 617 3196 qua
640 3113 764 3178 nullum
794 3115 926 3196 gravius
954 3124 1163 3193 tormentum,
1215 3113 1418 3182 demerem?
1449 3115 1504 3178 Aa
1525 3113 1579 3180 loa
1599 3112 1719 3177 maelis
1740 3113 1894 3177 iaaaiam
1915 3118 1944 3177 el
1964 3113 2046 3179 diem
2058 3117 2182 3195 probam

198 3201 307 3265 nullus
330 3200 456 3265 saevior
477 3199 625 3265 earniiex
647 3220 716 3265 esse
738 3209 853 3283 potest.
893 3199 1015 3264 Furiae
1037 3200 1164 3285 agitant
1216 3199 1371 3266 Ielooae?
1416 3200 1445 3265 6.
1481 3200 1596 3263 Aenea
1627 3197 1681 3264 loa
1711 3203 1756 3263 est
1787 3199 1939 3263 ieiunium
1968 3197 2052 3279 qaod
2076 3197 2181 3280 slepi?

198 3299 230 3351 et
251 3287 455 3350 inseetantur
476 3286 592 3367 impios
615 3307 681 3349 nou
704 3284 893 3350 ardentibus
917 3285 1041 3363 taedis,
1063 3295 1099 3350 ut
1128 3285 1163 3349 in
1215 3285 1330 3352 salvem
1349 3285 1557 3369 callipodium
1577 3284 1704 3367 impias,
1733 3284 1898 3350 dissolvere
1923 3284 2089 3365 fasmarlos
2108 3305 2183 3366 pra·

197 3371 326 3452 fabulis,
348 3369 404 3435 sed
427 3391 547 3454 angore
568 3371 794 3448 oonsoientiae,
816 3378 850 3435 et
867 3371 991 3435 fraudis
1008 3372 1162 3437 eruoiatu.
1214 3392 1276 3448 aes,
1299 3391 1462 3453 oppressos
1482 3370 1635 3436 dimittere
1655 3369 1776 3449 liberos,
1800 3375 1892 3451 atque
1912 3374 1947 3432 ut
1967 3389 2054 3434 omae
2074 3370 2182 3452 ispum

198 3457 283 3521 Nam
312 3477 371 3522 sua
399 3477 559 3538 quomque
586 3457 692 3532 fraus,
722 3467 756 3521 et
781 3476 860 3520 suus
890 3467 995 3521 terror
1024 3458 1164 3521 maxime
1215 3455 1433 3539 alrampatis?
1480 3456 1508 3520 7.
1531 3455 1649 3519 Aaron
1665 3459 1700 3519 ut
1715 3456 1875 3535 partiaris
1895 3454 2044 3518 murreali
2063 3474 2180 3535 ponera

198 3549 313 3607 vexat:
352 3563 446 3606 suum
481 3562 640 3625 quemque
672 3542 775 3606 aeolus
809 3542 925 3624 agitat,
959 3543 1163 3624 amentiaque
1213 3547 1310 3617 taam,
1332 3547 1360 3606 et
1375 3560 1533 3624 pauperes
1553 3561 1648 3623 vapos
1669 3541 1801 3603 iadaeas
1818 3540 1968 3604 domam
2004 3539 2042 3602 Si
2062 3539 2180 3604 videris

198 3630 315 3693 affioit:
358 3648 436 3692 suae
475 3626 581 3691 malae
620 3627 846 3712 eogitationes,
887 3627 1163 3710 conscientiaeque
1213 3629 1344 3709 eadam,
1365 3628 1488 3709 aperias
1510 3646 1588 3708 eam,
1612 3630 1640 3689 et
1661 3646 1682 3689 a
1702 3644 1795 3690 aarae
1815 3630 1870 3688 tao
1890 3645 1928 3689 ae
1942 3624 2177 3690 teabsaondas?

198 3714 300 3777 animi
329 3720 462 3778 terrent.
506 3711 685 3794 Aptissima
714 3713 813 3795 igitur
842 3712 958 3794 impios
987 3711 1164 3794 procelloso
1214 3713 1244 3778 8.
1270 3714 1357 3777 Tarta
1372 3713 1532 3794 protomar
1554 3716 1588 3775 at
1609 3730 1726 3776 aarora
1747 3710 1804 3774 lua
1824 3716 1896 3775 taa:
1927 3715 1955 3775 et
1981 3712 2105 3776 sasitos
2125 3716 2180 3776 laa

198 3801 281 3863 mari
303 3806 337 3861 et
359 3797 544 3862 turbulento
565 3799 774 3879 comparavit.
804 3796 961 3878 Quisquis
978 3806 1086 3861 autem
1105 3797 1164 3862 has
1210 3798 1356 3881 protinas
1374 3795 1576 3879 permirabit:
1608 3797 1731 3860 iustitia
1752 3796 1877 3860 astabit
1900 3796 2014 3878 faeiem
2035 3802 2131 3877 taam,
2153 3802 2181 3862 et

198 3882 458 3967 perturbationes
490 3892 523 3946 et
557 3882 643 3947 diros
676 3883 777 3946 animi
818 3883 981 3948 oruoiatus
1020 3883 1164 3965 effugere
1212 3885 1316 3968 pieria
1339 3882 1470 3946 Ieloaae
1490 3880 1606 3963 eollipet
1626 3886 1661 3946 te.
1710 3881 1740 3946 9.
1766 3881 1855 3946 Taua
1874 3882 2048 3957 invocabis,
2079 3887 2108 3946 el
2129 3881 2178 3947 Ie·

198 3968 282 4045 vult,
306 3988 416 4050 paoem
440 3987 535 4049 quam
558 3966 720 4031 Dominus
743 3967 806 4049 ipsi
836 3967 933 4032 offert
962 3989 1003 4032 ne
1030 3967 1163 4033 reiieiat.
1214 3969 1293 4033 bova
1318 3967 1478 4032 exaudiet:
1510 3965 1674 4042 elamabis,
1701 3972 1729 4031 et
1756 3968 1848 4033 aaa:
1885 3967 1964 4033 Eaee
1991 3969 2118 4034 aarum:
2149 3969 2180 4034 si

199 4054 263 4120 Hie
286 4053 367 4118 nibil
391 4052 533 4117 medium
556 4073 626 4116 esse
652 4062 768 4134 potest.
814 4052 884 4118 Nisi
913 4054 999 4117 enim
1030 4054 1163 4118 abieotis
1214 4052 1379 4127 abstuleris
1397 4074 1413 4117 e
1432 4052 1531 4117 medio
1552 4052 1600 4116 lai
1620 4071 1714 4131 onas,
1743 4057 1771 4117 et
1797 4053 1990 4118 emeaaem
2017 4055 2181 4138 amata

199 4138 429 4222 eupiditatibns
451 4137 535 4202 hane
557 4157 667 4219 paoem
689 4137 869 4217 admiseris,
899 4139 1027 4222 ungite
1048 4139 1164 4204 misere
1213 4158 1382 4205 samonem
1402 4139 1552 4203 damiata
1564 4137 1596 4223 ¹).
1644 4139 1693 4205 10.
1718 4134 1756 4203 Si
1776 4139 1921 4220 efficieris
1947 4139 2089 4220 famellae
2110 4141 2179 4204 ani·

200 4247 237 4290 ao
259 4224 397 4290 erueiari
419 4243 551 4288 neeesse
573 4223 644 4287 erit.
1214 4245 1298 4290 mam
1318 4228 1415 4303 mam,
1437 4231 1467 4290 el
1487 4225 1627 4289 animam
1647 4224 1796 4305 afllietam
1816 4226 1991 4306 satiaveris,
2013 4226 2179 4290 arietaria

284 4311 335 4376 21.
358 4309 448 4396 (Noa
468 4314 513 4374 est
527 4307 619 4393 paa.)
659 4307 840 4372 Confirmat
861 4310 1060 4391 superiorem
1090 4331 1163 4374 sen·
1214 4309 1520 4389 tansmisimus,
1552 4314 1580 4374 et
1610 4309 1708 4392 calipo
1741 4314 1795 4374 tua
1827 4311 1886 4374 erit
1915 4311 1996 4376 sieta
2023 4311 2178 4375 meridies.

200 4396 352 4459 tentiam:
388 4415 504 4478 nempe
533 4394 686 4476 reprobos
714 4393 835 4457 frustra
860 4395 931 4477 paei
960 4394 1163 4477 quaerendae
1217 4397 1266 4462 11.
1289 4392 1333 4460 El
1353 4395 1475 4460 amaea
1494 4400 1523 4461 te
1543 4394 1658 4460 Ielrooa
1679 4414 1806 4474 semper,
1829 4395 2025 4460 elsatarabit
2040 4397 2075 4460 ia
2091 4396 2180 4461 sisai·

200 4479 332 4545 daturos
355 4502 494 4563 operam,
525 4482 602 4561 quia
624 4479 740 4561 ubique
764 4478 883 4543 bellum
899 4481 984 4562 ‘ipsis
1005 4492 1162 4546 oeourrot.
1214 4482 1330 4548 tatibus
1350 4483 1489 4546 animam
1510 4485 1605 4560 taam,
1628 4486 1656 4544 et
1676 4499 1748 4545 ossa
1768 4486 1824 4544 laa
1845 4481 2009 4564 saginabit.
2050 4482 2179 4547 Elaris

201 4565 325 4646 Nempe
347 4565 439 4629 Deus
460 4567 585 4648 estqui
609 4564 728 4630 bellum
751 4563 938 4628 denuntiat:
972 4566 1081 4631 nullus
1102 4566 1163 4650 igi·
1213 4566 1436 4651 quasillarias
1463 4567 1607 4649 irripuras
1639 4571 1669 4630 et
1698 4565 1853 4648 aealuripo
1885 4586 2055 4650 aquaram,
2089 4569 2179 4634 euius

200 4662 254 4715 tur
276 4661 326 4715 est
347 4651 417 4732 paoi
438 4649 536 4715 loeus.
571 4650 667 4732 Impii
690 4649 820 4733 quidem
843 4670 921 4732 paee
944 4650 1006 4714 frui
1030 4651 1162 4729 vellent,
1214 4673 1314 4735 aqaae
1334 4673 1394 4718 aon
1414 4652 1565 4733 deficiam
1610 4651 1659 4717 12.
1689 4651 1733 4716 Et
1753 4656 1842 4716 eruat
1862 4671 1900 4715 ea
1929 4656 1957 4716 te
1983 4654 2037 4735 qai
2058 4654 2178 4719 trema

200 4756 336 4818 eamque
358 4734 569 4801 vehementer
589 4744 713 4819 optant.
758 4735 849 4800 Nihil
872 4736 958 4799 enim
982 4740 1085 4820 magis
1107 4757 1163 4801 ou·
1213 4744 1279 4804 reat
1300 4739 1419 4804 deserta
1440 4736 1570 4804 saeculi:
1589 4737 1794 4817 fundamenta
1813 4739 2022 4819 aeaeratiasis
2043 4744 2071 4802 et
2089 4757 2178 4822 perse·

199 4823 293 4906 piant
315 4841 410 4904 quam
431 4822 536 4885 seouri
559 4842 638 4900 esse,
661 4831 694 4885 et
715 4821 822 4903 sopire
843 4822 1057 4888 eonscientiae
1079 4844 1163 4902 suas,
1213 4824 1350 4890 rationis
1374 4822 1532 4888 satiabis.
1579 4821 1623 4886 El
1650 4823 1805 4888 vocaberis
1831 4826 1980 4904 rapturae
2008 4831 2178 4905 reparator,

201 4917 238 4972 ιιι
258 4908 359 4971 libere
382 4906 577 4983 dolitientur,
600 4915 633 4971 et
655 4908 742 4972 vitiis
763 4907 831 4972 suis
852 4905 1052 4991 indulgeant.
1097 4909 1162 4973 Re·
1213 4910 1345 4975 ‹lireatar
1365 4910 1545 4973 semitarum
1562 4908 1604 4973 ad
1621 4907 1868 4973 inhabitandam.
1904 4909 1953 4972 13.
1978 4909 2015 4974 Si
2032 4912 2179 4977 averteris

200 4992 328 5076 pellunt
347 4992 560 5076 eogitationes
582 4992 620 5057 de
643 4993 759 5058 iudioio
784 4991 843 5056 Dei
874 5003 1102 5076 stuporemque
1131 5002 1163 5057 et
1213 5015 1235 5060 a
1256 4993 1378 5061 sabbato
1392 4995 1499 5076 pedem
1516 4999 1611 5072 taam,
1633 5013 1686 5060 aaa
1705 4995 1808 5076 facias
1829 4994 2013 5059 volantatem
2030 5000 2125 5076 taam,
2143 4997 2179 5061 ia

201 5077 413 5144 indolentiam
435 5087 620 5157 aeaersunt,
651 5100 768 5162 easque
795 5079 934 5160 optimas
961 5080 1103 5144 rationes
1132 5091 1163 5144 ot
1214 5082 1265 5146 aie
1290 5084 1393 5146 saaate
1422 5099 1502 5162 meo,
1536 5085 1564 5144 et
1596 5081 1754 5145 vacaveris
1785 5078 1946 5145 sellatum
1979 5081 2104 5147 delitias
2136 5083 2180 5148 ad

201 5166 272 5229 vias
294 5165 381 5246 paeis
403 5185 472 5229 esse
496 5172 628 5245 putant:
651 5164 707 5230 sed
730 5185 894 5246 nunquam
918 5165 987 5246 ipsa
1004 5166 1163 5230 fruentur.

201 5249 315 5315 Denso
346 5250 435 5314 enim
468 5248 662 5315 reoonoiliati
696 5250 816 5314 fuerint
849 5250 936 5328 Deo,
968 5252 1165 5317 oonseientia
1303 5269 1324 5338 ι)
1342 5268 1399 5334 Vel,
1418 5268 1548 5323 inutilem.

306 5351 415 5406 Oaleimi
431 5367 524 5421 opera
552 5350 607 5405 Vol.
625 5350 786 5405 XXXVII.
1944 5356 1977 5411 21
