4784 5970
190 313 255 379 595
369 324 376 337 ’
1000 310 1391 380 Pnsuhuorlorvss
2147 304 2221 373 596

190 501 272 568 citas
299 500 419 583 populi,
448 520 567 583 nempe
595 502 672 583 quia
699 502 807 569 Deum
826 522 887 568 eoa
907 501 1064 586 emeat.-
1091 520 1169 566 nam
1309 499 1479 584 Propheta
1511 500 1573 567 hcc
1605 499 1676 567 loco
1712 500 1829 567 multis
1868 500 1985 586 figuris
2024 494 2217 580 amplificat

190 586 263 652 eius
283 585 429 669 cognitio
449 607 529 651 vera
552 596 602 651 est
630 587 801 669 sapientis.
846 588 938 653 Deus
966 594 1079 652 autem
1108 585 1171 652 hoc
1221 598 1383 652 terrorem
1406 586 1572 652 vindictae
1594 585 1666 664 Dei,
1695 597 1736 652 ut
1756 596 1947 671 permoveat
1966 582 2125 658 Iudaeos.
2153 581 2214 664 qui

190 671 286 737 modo
307 669 450 736 ostendit
472 672 730 739 inexcusabilem
748 693 819 741 esse
833 672 947 757 populi
961 672 1170 738 dementiam.
1221 670 1344 755 stupidi
1366 681 1461 737 erant
1482 690 1521 738 aa
1542 672 1702 738 socordes.
1746 672 1865 755 Neque
1888 671 1976 737 enim
1996 686 2216 753 supervacua

190 754 324 837 Quare?
346 758 543 838 patefecerat
561 759 648 823 anim
668 780 703 824 se
723 768 790 825 tam
810 758 1022 835 familiariter,
1046 765 1083 822 ut
1103 778 1169 822 non
1222 766 1274 822 est
1296 758 1457 839 repetitio,
1479 756 1566 841 quod
1588 766 1705 841 quater
1726 757 1806 825 dicit
1833 778 1869 823 se
1891 756 2020 822 vidisse.
2067 753 2214 819 Poterat

189 841 348 908 deberent
381 842 551 908 israelitae
584 864 741 925 quaerere
773 842 1060 931 (quemadmodum
1092 842 1172 909 dicit
1223 841 1264 908 de
1286 853 1384 920 terra,
1406 852 1440 909 et
1460 843 1559 921 coelo,
1589 851 1622 908 et
1643 842 1840 924 hominibus,
1867 851 1901 908 et
1927 841 2009 908 locis
2036 839 2214 906 fertilibus

189 927 300 994 Moses
331 927 445 1007 [Dent.
474 929 636 1016 30,12]):
675 928 759 1010 Quis
789 929 944 997 ascendet
972 930 1008 995 in
1037 927 1170 996 coelos?
1223 929 1321 994 simul
1343 928 1451 1012 loqui:
1480 928 1537 993 sed
1560 929 1697 1012 perinde
1722 929 1811 996 acsi
1839 927 1952 993 oculos
1977 926 2144 992 vertisset
2173 923 2213 988 in

189 1015 263 1096 quis
295 1013 468 1079 descendet
497 1018 531 1079 in
563 1014 721 1100 abyssos?
755 1036 831 1081 nam
861 1035 968 1081 sermo
1001 1013 1068 1080 illis
1100 1022 1172 1079 erat
1223 1022 1365 1096 quatuor
1386 1013 1533 1080 diversas
1555 1016 1680 1099 plagas,
1702 1013 1781 1081 dicit
1797 1032 1993 1098 quocunque
2013 1013 2213 1096 respiceret,

188 1100 379 1182 propositus
401 1121 511 1165 coram
534 1101 627 1166 facie.
661 1100 773 1182 Quum
796 1120 875 1186 ergo
890 1100 985 1167 Deus
1002 1120 1038 1166 ae
1057 1100 1171 1164 huma·
1224 1099 1416 1183 apparuisse
1438 1100 1603 1165 horrende
1624 1100 1720 1185 sigua
1740 1102 1810 1167 irae
1833 1100 1905 1178 Dei,
1938 1109 1971 1164 et
1998 1118 2085 1181 quae
2107 1095 2212 1160 mini·

189 1185 276 1250 niter
306 1186 549 1251 manifestasset
578 1187 720 1268 Iudaeis,
750 1188 866 1251 merito
896 1185 1108 1268 conqueritur
1136 1204 1172 1250 se
1224 1193 1375 1250 tarentus
1403 1184 1536 1251 Iudaeis
1564 1185 1720 1251 ultimum
1752 1185 1933 1251 interitum.
1976 1182 2052 1250 Nec·
2080 1183 2211 1247 mirum

188 1291 254 1336 nou
278 1271 377 1335 luisse
400 1269 441 1334 ab
463 1271 528 1337 illis
547 1273 724 1355 cognitum.
759 1273 850 1356 Drgo
871 1271 926 1337 hio
944 1273 1009 1336 duo
1027 1268 1173 1336 notanda
1224 1277 1283 1348 est,
1313 1270 1507 1354 prophetam
1537 1271 1599 1337 hae
1628 1271 1835 1338 vehementia
1863 1271 1930 1336 uti:
1961 1269 2085 1335 seimus
2113 1267 2212 1333 enim

189 1366 276 1435 eunt,
299 1376 418 1439 nempe
440 1358 581 1439 speciem
604 1358 752 1423 insaniae
781 1358 899 1439 notari,
927 1358 1009 1440 qaod
1031 1357 1173 1438 popafm
1224 1376 1321 1438 quam
1344 1374 1457 1421 secure
1480 1356 1629 1422 homines
1655 1358 1821 1440 excipiant
1848 1376 1961 1421 omues
1989 1354 2109 1432 minas,
2142 1353 2211 1417 nisi

188 1441 294 1507 Deum
315 1462 375 1506 non
398 1444 582 1526 cognoverit.
626 1443 724 1509 Unde
747 1444 846 1508 etiam
874 1443 1070 1525 colligimus,
1092 1450 1173 1506 tuno
1223 1440 1387 1507 violenter
1408 1444 1645 1526 expergefiant.
1679 1443 1724 1507 Et
1746 1442 1827 1508 haee
1848 1443 1932 1507 ratic
1949 1439 2087 1506 docendi
2107 1437 2213 1504 nobis

189 1526 320 1593 domum
342 1547 402 1593 nos
421 1548 544 1610 sapere,
569 1529 625 1594 ubi
643 1530 751 1595 Deum
770 1549 971 1605 reveremur,
991 1538 1025 1593 et
1042 1547 1172 1609 semper
1225 1526 1322 1593 debet
1344 1547 1415 1593 esse
1436 1529 1517 1593 satis
1540 1530 1626 1594 trita.
1670 1528 1756 1595 Nam
1779 1528 1965 1611 quicunque
1994 1523 2213 1591 mediocriter

188 1633 260 1678 esse
282 1633 423 1679 vesanos
444 1622 478 1678 et
499 1615 661 1692 socordes,
690 1615 747 1681 ubi
775 1613 929 1680 inillam
952 1633 1017 1679 non
1040 1613 1171 1696 respici·
1225 1613 1346 1679 versati
1368 1615 1500 1678 suntin
1529 1613 1708 1697 prophetie,
1731 1611 1847 1679 vident
1873 1611 1936 1677 hac
1961 1611 1998 1676 in
2022 1618 2121 1695 parte
2151 1628 2212 1673 coa

188 1717 274 1763 mus.
318 1698 392 1764 Hoc
414 1708 465 1763 est
494 1721 607 1764 unum.
653 1698 784 1765 Deinde
813 1699 985 1765 sciendum
1012 1709 1072 1775 est,
1102 1697 1172 1763 tolli
1223 1697 1403 1782 plurimum
1438 1697 1580 1765 insidere
1610 1710 1648 1764 ut
1675 1708 1889 1781 permoveant
1916 1697 2124 1783 hypocritae,
2155 1694 2211 1759 vel

189 1803 319 1849 omnem
336 1784 581 1850 excusationem
597 1786 756 1863 inscitiae,
773 1785 826 1850 vel
840 1787 971 1865 erroris,
986 1786 1062 1868 quia
1079 1782 1172 1849 Deus
1224 1793 1465 1866 contemptores
1487 1784 1562 1863 Dei,
1590 1784 1647 1867 qui
1669 1784 1761 1850 velut
1784 1792 1952 1851 contracto
1972 1782 2055 1849 eollo
2086 1800 2211 1848 aeuum

190 1891 225 1936 se
248 1870 448 1953 patefecerat
469 1870 518 1934 illi
541 1871 673 1952 populo.
716 1871 809 1936 Idem
831 1871 991 1935 etiamad
1013 1890 1076 1935 nos
1097 1888 1172 1952 per·
1224 1868 1302 1934 dnm
1326 1870 1434 1935 cordis
1456 1871 1509 1935 sui
1527 1869 1682 1935 duritiem
1701 1892 1766 1935 non
1784 1879 1979 1954 punguntur
1995 1868 2064 1934 ullo
2080 1886 2213 1953 poenam

191 1958 291 2021 tinet:
325 1963 360 2020 et
389 1956 507 2021 merito
537 1957 631 2022 nobis
659 1955 870 2039 exprobrabit
901 1955 993 2021 Deus
1023 1961 1171 2020 extremo
1224 1974 1333 2019 seusu
1378 1952 1444 2021 Sed
1468 1954 1522 2020 hic
1544 1956 1633 2022 locus
1656 1976 1733 2038 prae
1759 1954 1833 2021 aliis
1861 1956 2001 2038 insignis
2030 1964 2101 2019 eet:
2132 1952 2213 2018 ideo

191 2041 253 2115 die,
275 2063 334 2106 noe
357 2041 457 2106 fuisse
475 2043 580 2106 fatuos
599 2055 632 2106 et
650 2043 828 2119 dementes,
848 2041 909 2107 nisi
927 2042 1036 2124 ipsum
1054 2060 1173 2124 cogno·
1224 2040 1408 2124 expendere
1434 2042 1589 2106 convenit
1611 2041 1695 2124 quod
1725 2043 1812 2106 inest
1838 2040 1968 2123 pondus
1989 2039 2101 2105 verbis
2131 2058 2212 2122 pro·

190 2128 352 2194 venimus:
381 2128 459 2208 quia
488 2126 551 2192 boe
579 2135 628 2193 eet
655 2139 805 2193 nostrum
833 2127 1028 2211 intelligere,
1059 2146 1172 2209 quem·
1224 2124 1351 2209 phetae.
1396 2125 1488 2193 Dicit
1509 2128 1616 2210 primo
1637 2146 1672 2193 ee
1692 2127 1810 2193 uidisse
1829 2130 1955 2205 mrum,
1975 2127 2081 2208 fissae
2098 2138 2166 2195 tun
2184 2128 2214 2189 ef

191 2211 366 2278 admodum
396 2212 474 2277 dixi.
519 2211 650 2278 Deinde
680 2235 744 2278 non
775 2222 825 2279 est
853 2233 911 2279 our
940 2221 1172 2295 praetexamus
1224 2223 1289 2278 tm.
1334 2211 1456 2277 Iisdem
1479 2211 1612 2277 vocibus
1634 2211 1748 2289 utitur,
1771 2233 1854 2295 quas
1876 2222 2014 2294 usurpat
2033 2211 2153 2276 Moses
2177 2210 2212 2274 in

190 2298 292 2363 ullam
315 2299 562 2363 exeusationem
586 2300 708 2364 erroris
731 2299 850 2363 nostri:
873 2317 976 2380 quum
994 2298 1085 2362 Deus
1108 2317 1171 2360 non
1226 2297 1362 2361 historia
1391 2298 1575 2363 creationis.
1619 2299 1705 2363 Nam
1734 2299 1924 2380 prinsquam
1953 2297 2061 2362 indita
2089 2297 2215 2362 fuisset

192 2385 236 2449 sit
257 2383 413 2466 loquutus
435 2383 471 2446 in
499 2383 697 2448 abscondito.
740 2383 894 2465 Denique
922 2384 1091 2448 convincit
1119 2381 1172 2447 his
1225 2382 1330 2446 forma
1351 2391 1468 2463 terrae,
1496 2383 1576 2449 dicit
1596 2404 1670 2448 eam
1693 2385 1792 2450 fuisse
1813 2397 1872 2451 trin
1898 2394 1930 2448 et
1959 2395 2031 2465 tm,
2060 2383 2125 2448 hoc
2149 2393 2213 2460 eat,

192 2468 303 2533 verbis
336 2466 430 2533 Deus
460 2467 599 2533 Iudaeos
632 2467 880 2553 ingratitudinis
913 2477 946 2532 et
975 2467 1173 2533 deliberatae
1225 2467 1454 2544 vastationem,
1482 2469 1535 2535 vel
1558 2468 1656 2534 chaos
1677 2470 1827 2550 informe,
1853 2477 1887 2534 et
1908 2469 1993 2552 quod
2015 2467 2111 2534 nulla
2135 2468 2213 2551 pul·

192 2554 352 2619 malitiae:
387 2554 542 2634 quoniam
576 2555 682 2637 ipsum
716 2573 780 2619 non
811 2554 1014 2638 cognoverint.
1065 2553 1173 2618 Hodie
1224 2551 1413 2618 chritudine
1435 2562 1544 2636 posset
1566 2554 1697 2620 allicere
1719 2555 1829 2621 oeulos
1848 2553 2045 2620 videntium:
2068 2553 2214 2638 perinde

192 2649 302 2705 autem
330 2660 433 2722 quum
463 2638 556 2704 Deus
588 2661 646 2722 per
676 2638 884 2723 evangelium
914 2640 1010 2705 nobie
1039 2639 1173 2722 propius
1225 2659 1263 2704 ao
1285 2639 1313 2703 si
1335 2637 1469 2718 diceret,
1491 2641 1542 2704 ira
1564 2641 1626 2706 Dei
1649 2640 1797 2705 ordinem
1819 2651 1889 2706 tam
1913 2641 1994 2706 bene
2012 2640 2213 2707 distinctum

190 2725 385 2799 innotuerit,
409 2724 490 2790 haec
513 2733 574 2805 est,
597 2724 874 2808 quemadmodum
901 2724 967 2791 iam
989 2724 1068 2803 dixi,
1097 2744 1171 2809 gra·
1226 2744 1315 2789 nuuc
1338 2725 1522 2807 evanuisse,
1552 2736 1590 2791 ut
1612 2725 1733 2809 ubique
1756 2736 1841 2792 esset
1864 2745 1955 2791 mere
1979 2724 2145 2804 confusio,
2179 2736 2214 2791 et

191 2813 265 2878 vior
288 2810 527 2888 condemnatio,
550 2813 649 2875 etita
668 2811 855 2895 duplicatur
873 2830 988 2894 poena,
1006 2812 1034 2876 si
1052 2810 1173 2892 Deum,
1226 2809 1288 2874 hoe
1309 2809 1405 2875 modo
1429 2810 1609 2894 amplificat
1637 2812 1796 2877 scelerum
1825 2812 2038 2888 atrocitatem,
2069 2811 2214 2895 perinde

192 2897 249 2981 qui
272 2895 367 2961 nobis
390 2906 457 2961 tam
480 2896 652 2961 familiaris
670 2908 729 2976 est,
752 2905 785 2961 et
806 2903 875 2960 tam
895 2898 1031 2962 comiter
1049 2895 1090 2960 ad
1112 2914 1173 2960 nos
1226 2914 1264 2960 ac
1292 2896 1322 2959 si
1344 2895 1482 2974 diceret,
1516 2896 1668 2963 homines
1696 2918 1735 2962 eo
1763 2897 1932 2981 prolapsos
1961 2916 2034 2962 esse
2064 2909 2102 2962 ut
2136 2918 2212 2980 per·

192 2983 336 3063 accedit,
371 3002 436 3046 non
471 2982 706 3065 cognoscimus.
761 2981 934 3046 Postremo
966 2980 1074 3058 addit,
1109 3000 1174 3046 eece
1227 2980 1387 3046 verterint
1421 2992 1522 3046 totam
1557 2981 1672 3047 mnndi
1705 2982 1863 3062 formum,
1889 2992 1922 3048 et
1951 2982 2213 3064 pes-miscuerint

190 3066 274 3149 filios
306 3067 434 3150 statice,
468 3073 495 3131 et
525 3088 588 3132 noa
621 3087 686 3133 esse
718 3066 927 3151 intelligentes.
977 3066 1173 3132 Antitheses
1226 3065 1351 3132 coelum
1382 3075 1505 3146 terrae,
1539 3068 1663 3133 utiam
1694 3067 1785 3132 nulla
1812 3069 1855 3133 eit
1882 3087 1994 3133 rerum
2026 3066 2212 3135 distinctio.

194 3150 281 3234 apud
309 3151 479 3216 Hebraeos
510 3152 583 3233 plus
617 3153 740 3217 habeut
773 3152 926 3235 ponderis
959 3173 1056 3235 quam
1087 3150 1174 3234 apud
1226 3152 1397 3232 Quantum
1414 3154 1455 3216 ad
1474 3153 1580 3218 coelos
1598 3162 1732 3235 spectat,
1755 3153 1833 3218 dicit
1849 3152 1972 3218 sabam
1987 3152 2093 3235 sabee
2107 3153 2213 3221 tm

193 3236 341 3303 Graecos
370 3246 403 3300 et
432 3237 583 3302 Latinos.
627 3237 702 3303 Hoc
734 3245 821 3302 esset
847 3237 979 3303 Latinis
1006 3234 1173 3321 frigidum,
1226 3256 1344 3316 cortem,
1367 3235 1420 3302 vel
1442 3236 1524 3301 illie:
1558 3237 1615 3303 sed
1637 3239 1732 3321 ponit
1759 3238 1945 3315 relativum,
1974 3246 2009 3303 et
2037 3238 2212 3323 significat

193 3331 228 3388 et
249 3321 398 3388 Graecis.
443 3322 509 3386 Hic
532 3322 654 3388 stultus
676 3332 735 3402 est,
758 3331 790 3387 et
813 3341 881 3387 non
900 3322 1039 3404 sapiens.
1073 3321 1173 3386 Vide·
1226 3323 1422 3388 exstinctam
1441 3323 1541 3388 fuisse
1559 3322 1797 3407 quodammodo
1815 3323 1922 3390 lucem
1940 3323 2028 3403 solis,
2046 3334 2081 3388 et
2098 3323 2210 3403 lunae,

193 3419 249 3474 tur
270 3409 357 3473 enim
380 3408 561 3474 seeundum
583 3409 767 3473 membrum
786 3407 908 3491 aliquid
930 3410 1095 3473 minuere:
1118 3404 1174 3471 eod
1226 3416 1260 3474 et
1281 3405 1461 3488 stellarum,
1491 3409 1643 3492 quoniam
1671 3408 1799 3509 indigni
1828 3417 1939 3474 essent
1966 3408 2121 3474 homines
2152 3410 2212 3493 qui

193 3496 338 3563 Hebraei
368 3494 466 3559 aliam
490 3495 651 3560 rationem
682 3494 816 3560 habent.
861 3491 1058 3578 Significant
1086 3493 1174 3557 enim
1226 3494 1418 3558 fruerentur
1434 3501 1525 3559 tauto
1543 3493 1603 3559 Dei
1620 3493 1792 3560 beneflcro:
1813 3496 1906 3578 quasi
1924 3493 2027 3559 solem
2041 3502 2077 3558 et
2091 3492 2208 3561 lunam

193 3583 255 3648 boo
277 3579 384 3663 modo,
407 3580 487 3645 adeo
510 3601 582 3646 esse
604 3580 782 3659 dementes,
805 3588 843 3646 ut
864 3601 906 3645 ne
927 3586 1024 3663 gutta
1045 3578 1174 3662 quidem
1227 3578 1364 3663 puderet
1385 3587 1485 3645 testes
1507 3599 1578 3645 esee
1601 3586 1650 3644 tot
1677 3579 1847 3645 scelerum.
1890 3578 1991 3645 Nunc
2012 3598 2093 3663 ergo
2115 3590 2210 3646 tene·

194 3688 295 3732 sanae
326 3666 447 3730 mentis
481 3667 515 3730 in
548 3668 627 3748 ipsis
660 3674 801 3732 maneat.
847 3665 958 3730 Etiam
991 3665 1048 3747 qui
1081 3663 1176 3729 stulti
1227 3686 1301 3730 mus
1323 3665 1358 3729 in
1382 3685 1510 3729 summa
1528 3664 1605 3747 quid
1621 3665 1701 3729 velit
1715 3665 1872 3730 Ieremias
1890 3665 1952 3729 hoo
1970 3664 2077 3746 primo
2096 3685 2211 3731 versu.

194 3761 273 3817 sunt
288 3763 321 3814 et
336 3751 489 3815 vecordes
505 3761 613 3815 tamen
630 3753 773 3816 retinent
789 3750 911 3833 aliquid
927 3749 1175 3834 intelligentiae,
1227 3750 1317 3816 Dicit
1343 3769 1376 3815 ee
1401 3750 1521 3815 υιᾱιεεε
1549 3754 1674 3830 terram
1708 3756 1737 3815 et
1766 3753 1802 3817 its
1834 3771 1873 3817 ea
1902 3749 1985 3816 nibil
2015 3752 2213 3832 amaremus

195 3837 408 3919 quantumvis
426 3837 469 3900 sit
487 3836 661 3918 exiguum:
681 3836 769 3900 unde
787 3837 885 3900 etiam
904 3835 1027 3913 dicunt,
1047 3834 1176 3902 Stultos
1222 3840 1350 3917 praete
1369 3834 1523 3900 horribile
1546 3835 1645 3901 chaos
1666 3848 1700 3901 et
1721 3837 1929 3901 vastitatem:
1958 3835 2084 3901 nullam
2106 3836 2213 3901 fuisse

195 3942 293 4003 saepe
317 3920 406 4002 loqui
434 3930 625 4002 opportuna.
672 3920 740 3985 Sed
768 3921 928 4004 propheta
956 3920 1045 3986 aliud
1074 3919 1176 4001 signi·
1229 3922 1365 3985 formam
1405 3918 1640 3985 distinotionis:
1681 3922 1757 4004 qnia
1794 3921 1942 3987 ordinem
1980 3929 2137 4005 naturae,
2179 3932 2214 3987 et

194 4007 282 4081 ficat,
307 4025 424 4086 nempe
449 4005 588 4069 ludaeos
619 4025 685 4068 non
713 4015 842 4069 tantum
872 4026 944 4071 esse
966 4004 1122 4070 vecordes
1145 4016 1177 4068 et
1228 4007 1425 4070 creationem
1464 4002 1528 4068 Dei
1568 4007 1750 4072 everterint
1789 4006 1902 4072 Iudaei
1942 4008 2010 4073 suis
2054 4007 2214 4088 peccatis.

196 4089 354 4171 stupidos,
376 4089 433 4153 sed
456 4092 554 4154 etiam
577 4090 625 4153 ita
648 4090 793 4171 privatos
819 4091 907 4154 omni
936 4110 1036 4155 sensu
1066 4100 1105 4154 ut
1133 4091 1176 4154 si·
1230 4090 1321 4156 Dicit
1341 4110 1376 4153 ce
1394 4088 1513 4153 cidisse
1533 4090 1637 4171 coelos,
1668 4092 1788 4158 aedom
1815 4093 1918 4175 fuisse
1947 4091 2045 4157 lacera
2065 4094 2102 4157 itt
2132 4092 2215 4174 s‘atc,

195 4175 291 4242 miles
315 4173 383 4237 sint
405 4174 567 4255 lapidibus
589 4173 645 4239 vel
668 4174 773 4239 brutis
803 4173 1008 4251 animalibus,
1039 4184 1073 4239 et
1095 4174 1177 4240 nihil
1230 4175 1308 4257 quia
1331 4173 1421 4256 digni
1440 4186 1549 4238 essent
1569 4176 1691 4252 ludaei,
1714 4198 1796 4259 quos
1814 4176 1969 4259 spoliaret
1986 4177 2079 4242 Deua
2101 4178 2215 4262 grstia

197 4263 233 4327 in
265 4259 346 4344 ipsis
375 4258 540 4323 residuum
569 4261 611 4324 eit
645 4259 699 4324 vel
733 4278 833 4324 sanae
865 4259 995 4338 mentis,
1028 4260 1080 4327 vel
1114 4259 1177 4325 hu·
1230 4260 1296 4337 illa,
1319 4278 1414 4341 quam
1436 4257 1555 4323 indidit
1577 4261 1637 4326 soli
1659 4273 1692 4327 et
1713 4262 1821 4328 lunae.
1861 4263 1924 4328 Est
1945 4263 2033 4327 enim
2055 4261 2122 4328 hoo
2144 4265 2213 4330 sin·

197 4366 314 4412 manae
336 4342 586 4427 intelligentiae.
630 4345 774 4426 Reliqua
797 4341 995 4408 differemus.
1230 4345 1345 4428 gulare
1370 4342 1431 4406 Dei
1454 4342 1657 4423 beneficium,
1685 4348 1771 4429 quod
1793 4348 1918 4413 nobiles
1939 4347 2016 4413 illae
2038 4356 2216 4414 creaturae

1231 4430 1324 4494 nobis
1342 4428 1501 4492 serviunt.
1537 4431 1686 4513 Denique
1708 4433 1871 4517 significat
1888 4432 2050 4517 propheta
2067 4432 2104 4497 in
2123 4434 2217 4500 coelo

285 4518 337 4582 23.
374 4515 449 4582 Vidi
477 4518 602 4594 terram,
631 4521 659 4579 et
687 4533 751 4578 ecce
779 4516 880 4591 vesta,
909 4517 937 4577 ct
965 4512 1122 4594 deformis,
1152 4518 1180 4578 et
1231 4524 1265 4578 et
1287 4524 1376 4576 terra
1398 4515 1586 4593 apparuisse
1605 4518 1699 4600 signa
1716 4520 1784 4582 irae
1804 4519 1876 4597 Dei,
1897 4539 1980 4602 quae
2002 4518 2215 4585 formidinem

197 4606 303 4686 coeloe,
327 4608 355 4667 ef
376 4601 466 4666 atella
488 4599 544 4662 tce
565 4620 683 4664 coruos.
1231 4600 1432 4678 incuterent,
1466 4616 1503 4660 ao
1536 4601 1564 4664 si
1599 4611 1687 4666 totus
1719 4604 1861 4669 mundus
1893 4603 2079 4687 permixtus
2112 4615 2216 4671 οεεει.

286 4689 339 4753 24.
370 4687 447 4752 Vidi
468 4689 595 4767 meotes,
618 4690 645 4748 et
667 4704 729 4749 ecce
750 4682 1015 4748 contremiscentes
1039 4680 1179 4765 (contre
1232 4683 1324 4747 Haec
1347 4680 1430 4745 ratio
1453 4681 1603 4765 loquendi
1623 4706 1720 4768 saepe
1737 4692 1880 4754 occurrit
1897 4690 1995 4754 etiam
2015 4688 2103 4773 apud
2129 4690 2217 4755 alios

198 4774 410 4858 miscebant):
435 4777 462 4836 ct
484 4790 589 4836 omncs
610 4770 702 4834 colles
723 4768 931 4834 movebantur.
1233 4767 1424 4848 prophetae:
1464 4772 1656 4849 praesertim
1696 4772 1835 4855 insignis
1868 4787 1919 4840 oet
1951 4775 2041 4840 iocus
2077 4775 2110 4839 2.
2142 4796 2215 4858 cap.

284 4859 337 4925 ab.
369 4858 455 4940 Vidi,
479 4861 506 4921 et
523 4876 585 4922 ecce
602 4855 711 4920 eutius
732 4855 837 4920 borno:
858 4858 885 4918 ct
906 4851 1006 4917 omnic
1028 4852 1097 4915 ocis
1118 4872 1179 4916 coe·
1232 4851 1330 4915 Ioelis
1353 4848 1398 4935 (v.
1421 4850 1464 4934 2).
1512 4852 1576 4918 Sed
1600 4876 1785 4936 quanquam
1810 4859 2040 4943 hyperbolicae
2063 4874 2147 4926 sunt
2171 4861 2219 4926 lo·

199 4948 304 5013 leram
326 4944 495 5009 evolarunt.
1233 4937 1419 5018 quutionea,
1438 4958 1504 5000 non
1520 4953 1627 5003 tamen
1644 4940 1805 5006 excedunt
1820 4946 1962 5020 modum,
1977 4945 2006 5009 ei
2021 4956 2219 5029 repetamus

286 5032 339 5096 26.
365 5029 451 5111 Vidi,
474 5033 501 5093 ei
523 5049 587 5094 ecce
612 5026 697 5110 regio
723 5024 874 5106 foecunda
897 5022 962 5107 (vel
986 5019 1180 5103 Carmelus),
1233 5031 1355 5102 quant-a
1378 5023 1521 5085 socordia
1544 5024 1693 5087 laborent
1715 5024 1872 5094 homines.
1913 5031 1983 5095 Nisi
2007 5033 2098 5097 enim
2118 5031 2220 5099 Deus

200 5118 365 5193 timerium,
390 5120 416 5179 et
434 5135 537 5180 omnes
555 5113 648 5178 arbes
668 5111 738 5176 cias
754 5111 928 5174 destructae
950 5105 1069 5188 afacie
1092 5105 1181 5168 cho-
1234 5105 1359 5169 coelum
1382 5115 1415 5167 et
1444 5115 1565 5171 terrum
1595 5114 1706 5184 armet,
1737 5123 1770 5175 et
1803 5116 1955 5179 ostendat
1988 5136 2024 5181 se
2056 5131 2219 5200 paratum

200 5223 265 5283 oce,
288 5209 315 5268 ct
337 5224 358 5267 a
374 5202 457 5283 satie
478 5198 744 5268 excandescentes
765 5196 834 5259 irae
851 5196 927 5258 cius.
1233 5210 1303 5253 esse
1325 5188 1365 5252 ad
1389 5189 1531 5255 tollenda
1554 5194 1664 5256 omnia
1686 5194 1841 5263 beneficia
1859 5200 1976 5282 quibus
1998 5207 2222 5288 prosequitur
