4784 5970
131 375 194 442 537
725 478 732 491 ⁸
867 377 917 444 IN
939 379 1189 448 maumam.
1234 379 1333 448 OAP.
1355 382 1401 447 Π.
2070 385 2134 452 538

43 637 51 655 1
133 585 279 648 quosque
302 564 431 649 lapillos
453 565 636 648 reperietur
658 565 743 648 quod
766 586 894 632 meeum
912 568 1016 650 possit
1031 586 1109 634 con·
1163 569 1362 634 meretricio:
1397 568 1488 657 quasi
1512 566 1643 647 diceret,
1666 567 1735 633 Our
1757 577 1790 634 te
1812 571 1858 634 ita
1880 571 1998 653 paras?
2022 583 2055 637 et
2075 595 2135 640 cnr

133 651 235 716 ferri?
269 651 342 718 Hac
364 652 466 736 igitur
486 650 703 716 similitudine
724 652 868 717 ostendit
889 651 990 732 Deus,
1012 673 1110 735 quam
1162 652 1379 736 undiquetibi
1394 655 1534 721 accersis
1548 653 1688 718 nitorem
1711 663 1745 719 ει
1766 665 1924 721 venustas
1946 655 2133 741 elegantias,

134 756 289 820 perverso
311 737 444 820 ingenio
465 737 587 801 luerint
603 735 727 814 Iudaei,
751 757 851 821 quum
870 739 915 803 ita
933 740 1110 804 abiecerint
1162 752 1198 804 at
1226 739 1350 806 scilicet
1380 739 1477 805 facies
1511 749 1568 803 tua
1599 736 1741 822 decipiat
1771 740 1881 806 oculos
1914 742 2132 824 simplicium?

136 821 256 886 bonnm
290 822 371 887 illud
405 821 660 899 inaestimabile,
694 842 814 907 nempe
846 821 966 888 habere
999 823 1108 888 Deum
1162 824 1245 889 Nam
1267 834 1421 906 poterant
1442 823 1556 890 Iudaei
1579 844 1712 889 manare
1734 824 1820 891 salvi
1834 832 1866 891 et
1880 825 2058 893 incolumes
2072 830 2134 894 sub

134 918 270 989 patrem,
293 913 327 970 et
346 909 463 973 florere
484 907 546 972 sub
567 908 638 973 eius
660 928 770 991 regno.
805 907 897 973 Nihil
919 910 1008 973 enim
1031 910 1110 994 ipsis
1161 908 1224 973 Dei
1264 909 1445 992 praesidio:
1494 918 1527 974 et
1566 918 1719 992 poterant
1757 910 1818 976 hoa
1857 910 1927 976 sine
1973 914 2132 980 molestia.

134 992 175 1057 ad
199 992 328 1058 beatam
351 994 454 1058 vitam
478 992 636 1072 defuerat,
665 993 821 1075 quamdiu
844 1015 878 1058 se
899 993 1111 1059 reddiderant
1162 993 1447 1075 Quemadmodum
1469 995 1558 1059 enim
1580 995 1719 1061 maritus
1748 1001 1921 1062 contentus
1951 1005 2001 1062 est
2029 998 2133 1065 forma

133 1097 268 1160 capaces
291 1080 418 1160 paterni
441 1079 578 1157 favoris,
608 1099 672 1159 quo
694 1075 786 1143 Deus
808 1079 897 1161 ipsos
920 1080 1109 1162 complexus
1161 1100 1240 1144 snae
1262 1082 1392 1160 uxoris,
1424 1100 1530 1162 neque
1552 1081 1678 1163 appetit
1699 1080 1897 1146 adventitias
1919 1081 1992 1147 illas
2019 1094 2053 1147 et
2074 1105 2133 1149 ex·

134 1162 252 1241 luerat,
275 1174 308 1227 et
331 1162 460 1229 volebat
480 1163 522 1227 ad
544 1165 642 1227 finem
666 1183 768 1244 usque
790 1165 952 1247 prosequi.
997 1163 1108 1244 Quum
1161 1165 1298 1246 quisitas
1323 1170 1529 1231 venustatos:
1562 1167 1609 1231 sic
1631 1165 1722 1230 Deus
1751 1164 1835 1231 nibil
1864 1166 1952 1231 alind
1982 1170 2133 1253 exigebat

134 1268 213 1331 ergo
235 1248 344 1312 Deum
373 1270 414 1314 ex
458 1249 502 1312 rti
532 1261 641 1314 essent
671 1257 737 1313 tam
768 1249 968 1327 beneficum,
1001 1269 1110 1315 nonne
1161 1249 1320 1332 apopulo
1342 1271 1410 1327 suo,
1429 1251 1493 1316 nisi
1509 1260 1546 1315 ut
1561 1251 1660 1315 fidem
1675 1260 1840 1317 servaret:
1863 1252 2132 1334 quemadmodum

133 1333 281 1416 oportuit
301 1355 372 1399 esse
394 1354 469 1418 pus
491 1353 588 1416 quam
607 1338 763 1413 amentes,
786 1337 840 1418 qai
866 1337 912 1400 ita
930 1335 1110 1400 abiecerint
1161 1335 1298 1401 maritus
1321 1334 1361 1400 ab
1383 1356 1486 1400 uxore
1509 1335 1614 1419 exigit
1634 1337 1826 1402 castitatem.
1872 1335 2011 1404 Summa
2032 1341 2132 1421 igitur

134 1428 254 1501 sponte
276 1419 347 1484 eius
369 1417 533 1503 gratiam?
568 1438 670 1500 quum
691 1429 804 1485 tamen
827 1421 955 1504 puellae
983 1419 1110 1485 soleant
1161 1428 1226 1497 est,
1254 1418 1524 1502 quemadmodum
1555 1421 1688 1496 mulier,
1723 1421 1752 1486 si
1781 1442 1859 1486 vere
1889 1423 2062 1489 coniuncta
2090 1427 2134 1490 ait

134 1504 300 1570 mordicus
322 1505 438 1569 affixos
468 1503 588 1570 habere
617 1526 731 1571 sensns
762 1526 874 1571 omnes
902 1507 970 1570 suis
1000 1506 1109 1589 nugis,
1161 1506 1280 1570 marito
1301 1525 1369 1586 suo,
1390 1527 1456 1571 non
1479 1526 1560 1589 opus
1583 1505 1681 1571 habet
1701 1506 1805 1571 multo
1829 1507 1945 1583 labore,
1977 1511 2132 1589 quoniam

133 1607 216 1671 qnae
250 1588 373 1655 nullius
407 1597 486 1655 snut
517 1589 625 1672 pretii.
670 1590 737 1655 Sed
770 1590 929 1673 propheta
961 1591 1109 1655 consulto
1161 1592 1223 1655 scit
1244 1591 1382 1655 formam
1405 1611 1497 1656 suam
1516 1592 1693 1674 genuinam
1709 1591 1846 1673 placere,
1869 1612 1975 1673 neque
1989 1596 2132 1659 multum

133 1672 196 1740 hac
217 1674 433 1740 similitudine
455 1694 535 1739 usus
555 1682 615 1755 est,
644 1685 683 1739 nt
703 1675 766 1740 sibi
789 1676 909 1742 laceret
931 1678 1107 1742 transitum
1160 1675 1287 1741 laborat
1307 1685 1345 1740 ut
1372 1675 1434 1741 sibi
1462 1676 1614 1742 conciliet
1643 1677 1789 1740 animum
1820 1678 1946 1755 mariti,
1978 1681 2131 1759 quoniam

133 1760 173 1823 sd
208 1760 390 1841 proximam
424 1761 630 1826 sententiam.
675 1759 817 1826 Volebat
849 1762 936 1827 enim
968 1759 1109 1826 Iudaeos
1161 1761 1320 1843 optimum
1342 1762 1461 1844 pignus
1483 1770 1534 1826 εει
1555 1765 1626 1843 ipsa
1647 1762 1796 1826 castitas:
1819 1762 1867 1825 ita
1887 1764 2040 1845 potuistis
2054 1765 2132 1829 aim·

132 1845 283 1910 conferre
306 1845 499 1911 mulieribus
528 1843 685 1910 adulteris
715 1866 814 1928 quae,
849 1846 927 1911 dum
957 1845 1109 1912 feruutur
1160 1846 1291 1929 pliciter
1305 1867 1355 1910 me
1370 1846 1515 1924 colendo,
1531 1855 1565 1910 et
1579 1844 1740 1912 servando
1759 1846 1864 1930 legem
1879 1867 1995 1926 meam,
2018 1849 2133 1915 vivere

132 1929 269 1994 effraeni
303 1950 364 1994 sua
396 1928 543 2006 libidine,
584 1931 760 2012 rapiuntur
793 1938 867 2013 post
899 1953 976 1998 suos
1008 1952 1109 2014 vagos
1161 1932 1232 1996 sine
1255 1931 1365 2012 aliqua
1386 1931 1541 1995 molestia.
1575 1930 1674 1996 Nunc
1696 1931 1800 2013 qualis
1821 1936 1873 1996 εει
1894 1933 1958 1998 ista
1975 1933 2132 1999 castitas?

131 2034 271 2080 amores.
304 2015 397 2098 Ergo
418 2035 520 2098 quum
542 2016 644 2080 vellet
664 2016 802 2082 obiicere
823 2015 885 2081 hoo
907 2018 1031 2082 crimen
1052 2016 1107 2081 Iu·
1161 2017 1239 2082 estis
1261 2016 1534 2099 quemadmodum
1556 2016 1709 2081 mulieres
1730 2015 1939 2096 libidinosae,
1969 2038 2052 2099 quae
2073 2040 2132 2084 vo·

133 2099 239 2183 daeis,
268 2118 310 2163 ex
330 2101 475 2182 professo
498 2100 653 2183 loquutus
675 2111 726 2165 est
747 2100 787 2166 de
808 2102 984 2168 monilibus
1006 2102 1107 2186 virgi·
1162 2101 1235 2166 lunt
1255 2100 1422 2166 attrahere
1450 2103 1576 2167 animos
1605 2120 1738 2165 suorum
1768 2099 2001 2167 adulterorum.
2047 2103 2132 2169 Nam

132 2205 223 2263 num,
246 2195 280 2250 et
302 2184 373 2251 ideo
395 2185 553 2268 sequitur,
1160 2187 1255 2251 sicuti
1278 2187 1396 2251 ardent
1417 2184 1561 2266 libidine,
1590 2186 1637 2250 ita
1659 2185 1755 2250 etiam
1778 2186 1889 2251 nullus
1910 2197 1962 2252 est
1982 2188 2058 2253 finis
2080 2189 2132 2254 vel

1160 2272 1276 2337 modus
1299 2274 1332 2336 in
1356 2280 1474 2336 ornatu
1497 2270 1693 2354 quaerendo,
1714 2282 1746 2335 et
1768 2292 1803 2336 se
1825 2272 1912 2352 ipsas
1934 2275 2132 2352 excruciant,

218 2354 270 2419 33.
296 2354 362 2421 θεν
379 2355 527 2437 bonificas
548 2355 672 2440 (idest,
696 2375 801 2439 paras,
824 2356 1015 2438 concinnas)
1037 2357 1110 2422 vias
1160 2365 1289 2421 tantum
1314 2367 1350 2422 ut
1373 2356 1539 2423 devinctos
1565 2356 1626 2421 sibi
1657 2363 1791 2421 teneant
1819 2356 1991 2422 adulteros.
2036 2357 2133 2425 uoles

132 2444 206 2505 tuas
226 2442 269 2506 ad
291 2444 504 2521 quaerendam
524 2443 684 2507 amorem?
706 2443 812 2524 itaque
829 2445 922 2508 etiam
934 2445 1109 2525 pravitates
1159 2443 1261 2526 igitur
1283 2440 1400 2527 (inquit
1422 2441 1528 2525 Deus)
1552 2441 1647 2506 estis:
1680 2462 1757 2505 nam
1779 2442 1920 2506 multum
1942 2443 2133 2526 impenditis

131 2525 269 2592 docuisti
290 2527 326 2590 ia
346 2528 410 2592 aiis
431 2528 506 2592 tais.
1159 2548 1275 2609 operae
1312 2540 1347 2592 ει
1374 2527 1475 2592 studii
1508 2529 1543 2590 in
1573 2525 1769 2608 quaerendis
1805 2528 1968 2592 amoribus
2006 2529 2131 2594 alienis.

1160 2614 1280 2677 Postea
1305 2612 1470 2696 adiungit,
1505 2611 1618 2692 Itaque
1649 2612 1743 2677 etiam
1770 2613 1944 2693 pravitates
1975 2613 2133 2678 docuistis.

219 2695 321 2760 Varie
351 2698 528 2778 exponitur
557 2696 611 2759 hio
639 2716 766 2761 versus.
818 2694 885 2760 Sed
917 2696 1108 2779 simpliciter
1160 2696 1290 2763 Alludit
1317 2697 1358 2760 ad
1387 2695 1520 2763 verbum
1543 2695 1624 2760 illud
1648 2717 1711 2778 quo
1742 2717 1820 2761 usus
1849 2697 1969 2777 luerat,
2002 2719 2132 2781 nempe,

133 2780 289 2864 intelligit
317 2781 477 2864 propheta
498 2780 638 2846 Iudaeos
666 2782 790 2846 similes
819 2800 889 2845 esse
915 2780 1107 2847 mulieribus
1159 2783 1351 2848 Bonificasti
1373 2783 1445 2847 vias
1463 2792 1547 2845 tuas.
1580 2781 1710 2858 Postea,
1731 2780 1877 2846 Docuisti
1894 2783 1997 2861 diam,
2014 2783 2132 2865 inquit,

133 2865 278 2931 lascivis:
312 2886 396 2947 qnae
418 2886 485 2932 non
508 2876 638 2931 tantum
660 2869 795 2931 maritos
818 2884 893 2930 suos
921 2863 1010 2930 domi
1031 2886 1106 2931 con·
1159 2868 1300 2933 malitias
1320 2868 1357 2932 ia
1377 2868 1441 2931 aiis
1460 2867 1533 2931 tais.
1580 2866 1669 2930 Dicit
1690 2864 1830 2930 Iudaeos
1852 2868 1976 2948 peiores
1998 2887 2069 2933 asse
2099 2878 2133 2933 et

132 2958 302 3027 temnunt,
334 2952 391 3018 sed
421 2951 608 3019 discursant
640 2950 706 3017 huo
736 2962 833 3035 atque
865 2950 958 3016 illuc:
992 2949 1107 3016 deinde
1159 2952 1315 3032 Assyriis,
1332 2957 1366 3017 et
1381 2952 1565 3035 Aegyptiis,
1583 2949 1855 3033 quemadmodum
1874 2953 1992 3017 mulier
2010 2953 2133 3021 lasciva

132 3037 245 3101 fucant
267 3036 366 3102 iacies
387 3058 480 3117 suas,
513 3047 548 3102 et
570 3045 742 3102 accersunt
762 3037 824 3103 sibi
846 3036 970 3101 multas
998 3037 1107 3103 illece·
1160 3038 1257 3120 longe
1290 3035 1431 3102 deterior
1464 3047 1514 3102 est
1546 3034 1696 3102 omnibus
1729 3035 1903 3121 adulteris,
1936 3057 2015 3119 quos
2045 3041 2134 3122 oepit

131 3122 208 3188 bras
228 3122 461 3206 impudicitiae.
506 3122 598 3188 Dicit
626 3142 704 3205 ergo
732 3122 871 3188 Iudaeos
899 3122 947 3187 ita
975 3122 1105 3188 fecisse:
1159 3123 1227 3190 suis
1250 3122 1414 3206 deoipnlis.
1444 3122 1529 3187 Nam
1551 3122 1580 3187 si
1602 3120 1789 3187 adolescens
1811 3142 1877 3187 non
1892 3121 2024 3187 aliunde
2038 3123 2132 3189 falla·

130 3217 163 3272 et
184 3207 247 3272 hoc
269 3217 363 3274 vocat
384 3208 549 3287 boaiiicarc
569 3208 640 3273 aias
660 3228 747 3274 suas.
780 3209 866 3274 Nam
888 3205 950 3272 hoc
971 3208 1107 3274 verbum
1159 3216 1229 3286 tur,
1262 3228 1321 3275 nec
1346 3206 1493 3273 diabolus
1522 3205 1696 3273 admoveat
1723 3206 1845 3285 lacem,
1876 3208 1997 3290 poterit
2024 3217 2133 3275 castus

131 3293 219 3374 apud
242 3292 410 3359 Hebraeos
433 3294 497 3359 late
518 3300 625 3377 patet:
659 3294 819 3375 accipitur
846 3293 934 3357 euim
964 3312 1023 3375 pro
1050 3314 1107 3377 ps·
1160 3301 1194 3359 et
1215 3294 1343 3377 integer
1363 3311 1516 3358 manare:
1548 3292 1576 3358 si
1599 3311 1664 3374 qua
1686 3292 1803 3357 mulier
1824 3312 1942 3373 procax
1971 3302 2004 3357 et
2024 3293 2133 3359 libidi-

131 3396 215 3455 rare,
246 3399 306 3462 pro
336 3380 511 3445 conciliare
536 3379 685 3463 gratiam.
732 3378 799 3446 Sed
829 3377 883 3443 hio
913 3377 1106 3444 tantundem
1160 3398 1240 3444 noea
1268 3380 1373 3461 ipsum
1402 3378 1541 3460 alliciat,
1569 3389 1676 3442 actum
1705 3386 1763 3442 est.
1808 3377 1899 3443 Dicit
1927 3378 2029 3460 igitur
2058 3400 2133 3461 pro·

133 3464 222 3529 valet
244 3465 330 3530 acsi
353 3462 489 3530 dixisset
517 3464 693 3549 propheta,
726 3465 796 3530 Gur
825 3464 987 3546 teipsam
1016 3464 1107 3531 fucas
1159 3465 1273 3548 pheta,
1307 3464 1461 3547 Assyrios
1483 3471 1518 3526 ει
1538 3461 1722 3545 Aegyptios
1743 3471 1893 3544 respectu
1919 3463 2027 3546 gentis
2054 3483 2132 3528 suae

133 3569 172 3613 ao
194 3550 321 3633 pingis,
355 3549 628 3632 quemadmodum
652 3550 760 3617 solent
788 3549 991 3628 meretrices,
1025 3570 1107 3632 quae
1160 3569 1231 3615 esse
1264 3550 1425 3613 innoxios.
1481 3545 1616 3627 Quare?
1655 3565 1731 3609 nam
1765 3549 1851 3629 capti
1886 3556 1982 3625 sunt,
2016 3548 2131 3629 inquit,

133 3643 172 3698 ut
198 3635 345 3700 alliciant
372 3636 490 3701 stultos
519 3636 670 3714 iuvenes,
699 3642 732 3699 at
759 3636 965 3699 inflamment
993 3653 1107 3699 eorum
1160 3635 1278 3700 rastris
1300 3633 1475 3710 blanditiis,
1497 3629 1766 3714 quemadmodum
1789 3641 1927 3713 pereunt
1945 3631 2132 3698 adolescen-

134 3717 315 3797 libidinem,
334 3721 447 3785 mnltis
465 3721 611 3786 artificiis
630 3719 792 3785 utuntur?
811 3739 871 3785 cur
887 3739 965 3801 ergo
977 3727 1107 3783 tantum
1160 3728 1211 3784 tes
1232 3718 1441 3785 meretricum
1465 3717 1633 3783 fallacibus
1654 3714 1720 3781 illis
1747 3716 1963 3782 ornamentis:
1996 3717 2132 3800 perinde

133 3804 237 3869 sumis
258 3805 401 3870 laborem
425 3805 465 3870 ad
487 3805 707 3870 meretriciam
733 3803 930 3887 quaestum?
972 3802 1107 3869 Videbi·
1160 3806 1248 3869 enim
1271 3811 1322 3869 est
1343 3822 1381 3868 ao
1402 3805 1430 3867 si
1452 3802 1636 3867 inciderent
1657 3802 1781 3867 incauti
1802 3803 1837 3867 in
1860 3801 1984 3884 aliquas
2007 3822 2132 3869 nassas.

134 3909 208 3955 mus
231 3911 385 3971 quorsum
409 3892 471 3957 hoc
493 3890 580 3955 dieat
600 3891 636 3954 in
659 3890 726 3955 fine
755 3890 889 3973 capitis:
923 3908 1000 3952 nam
1030 3889 1108 3955 obii·
1160 3890 1251 3972 Ergo
1273 3910 1293 3953 a
1318 3887 1409 3953 vobis
1439 3886 1623 3971 proiectum
1652 3896 1702 3952 εει
1731 3887 1871 3963 malum,
1903 3898 1937 3952 et
1969 3886 2065 3970 eulpa
2096 3889 2133 3953 in

132 3976 197 4040 ciet
225 3975 293 4039 illis
321 3975 476 4059 Assyrios
505 3986 537 4039 et
565 3974 756 4059 Aegyptios.
799 3977 863 4041 Est
891 3981 1001 4038 autem
1028 3972 1108 4039 liaeo
1161 3974 1253 4040 vobis
1274 3973 1404 4038 residet.
1447 3971 1545 4039 Nunc
1567 3982 1716 4037 tenemus
1743 3972 1915 4037 consilium
1942 3973 2132 4055 prophetae.

133 4063 212 4126 trita
252 4060 402 4127 doctrina
440 4061 526 4142 apud
566 4060 759 4145 prophetas,
799 4060 947 4126 conferre
985 4059 1110 4125 scilieet
1161 4062 1305 4127 Accusat
1338 4058 1426 4124 enim
1459 4057 1615 4133 Iudaeos,
1649 4056 1735 4139 quod
1769 4057 1891 4122 seilicet
1923 4057 2135 4139 praebuerint

134 4145 334 4212 amatoribus
368 4147 506 4230 populos
539 4146 630 4224 illos,
664 4147 818 4230 quoniam
842 4144 974 4224 Iudaei,
1007 4164 1109 4227 quum
1160 4152 1227 4209 tam
1261 4143 1421 4226 Assyriis,
1462 4164 1560 4226 qnam
1594 4141 1770 4225 Aegyptiis
1802 4142 1880 4205 mali
1920 4144 2134 4226 amasionem,

134 4231 289 4297 deberent
322 4233 453 4313 penitus
484 4230 574 4296 affixi
607 4251 679 4297 esse
711 4232 783 4297 Deo
824 4229 1108 4316 (quemadmodum
1161 4230 1240 4294 dum
1276 4230 1422 4311 ipsorum
1452 4230 1597 4294 lavarem
1626 4227 1803 4310 captabant
1830 4225 1927 4292 ultro.
1981 4229 2052 4294 Iam
2082 4250 2133 4295 se·

133 4317 253 4382 mulier
274 4325 365 4381 casta
387 4337 450 4380 non
474 4316 637 4382 convertit
657 4317 766 4383 oculos
787 4317 853 4382 huc
874 4325 908 4381 et
929 4315 1023 4398 illua,
1051 4336 1109 4380 ne·
1160 4316 1280 4397 quitur,

135 4422 197 4484 que
220 4411 374 4485 vagatur,
407 4400 463 4467 sed
486 4402 618 4484 respicit
646 4402 752 4468 solum
780 4399 965 4486 maritum),
1000 4411 1108 4465 tamen

134 4506 224 4553 nunc
246 4486 407 4569 putabant
433 4486 497 4553 sibi
524 4489 566 4554 ab
589 4487 737 4570 Assyriis
766 4486 938 4570 petendam
969 4485 1108 4550 salutem
1247 4483 1300 4549 34.
1340 4482 1450 4548 Etiam
1481 4483 1516 4547 ia
1548 4481 1612 4547 aiis
1645 4481 1709 4545 tais
1740 4486 1885 4563 repertas
1918 4486 1963 4545 est
2000 4483 2133 4564 sanquis

134 4593 215 4650 assa,
239 4591 327 4636 nuno
349 4582 459 4637 autem
482 4572 713 4656 confugiebant
730 4572 772 4637 ad
788 4573 979 4656 Aegyptios.
1012 4570 1110 4635 Hanc
1161 4570 1344 4635 animarum
1368 4587 1549 4652 pauperum
1575 4567 1783 4647 incaseatum,
1811 4586 1873 4630 aaa
1894 4566 1930 4629 ia
1950 4567 2135 4646 suffossione

134 4678 213 4741 ergo
235 4658 433 4739 pravitatem
457 4658 603 4724 nuncin
626 4657 707 4739 ipsis
729 4664 860 4723 accusat
876 4657 1054 4739 prophet-a:
1076 4664 1109 4719 et
1161 4660 1300 4737 repertae
1322 4658 1426 4719 aaut:
1456 4655 1512 4719 sed
1533 4671 1628 4733 scopet
1650 4652 1793 4718 omaidas
1813 4652 1864 4716 his
1897 4649 1966 4734 (alii
1988 4661 2134 4730 vertunt,

133 4743 208 4807 ideo
229 4740 449 4824 metaphorice
471 4743 614 4825 loquitar
636 4742 677 4807 de
699 4743 780 4826 ipsis
803 4747 959 4824 tauquam
979 4740 1019 4806 de
1034 4760 1108 4823 per·
1163 4741 1241 4822 quia
1269 4742 1303 4805 in
1333 4737 1484 4804 omnibns
1512 4736 1596 4802 illis:
1630 4738 1674 4802 Et
1702 4736 1864 4819 particula
1894 4744 1945 4800 est
1977 4736 2132 4801 causalis:

134 4847 214 4893 sona
246 4827 391 4892 mulieris
424 4828 606 4906 adulterae,
642 4847 727 4910 quae
758 4829 877 4892 marito
906 4847 966 4892 suo
997 4836 1108 4908 spreto
1162 4826 1219 4891 sed
1250 4835 1359 4891 tamen
1394 4825 1448 4888 hio
1480 4823 1688 4889 adversative
1722 4821 1817 4887 debet
1850 4820 1985 4897 resolvi,
2021 4841 2133 4904 quem·

134 4921 277 4996 vagatur
299 4921 374 4995 post
395 4913 573 4996 quoslibet,
602 4922 635 4978 et
656 4914 785 4994 quaerit
806 4912 868 4979 sibi
890 4911 1054 4976 adulteros
1076 4921 1110 4975 ot
1162 4909 1338 4976 admodum
1358 4909 1471 4975 multis
1492 4906 1594 4993 locis).

134 4999 253 5064 stultos
276 4997 499 5063 adolescentes
521 4999 673 5065 omnibus
695 4999 788 5076 locis,
821 5006 855 5062 et
883 5006 935 5062 est
962 4997 1111 5080 exposita

135 5085 281 5148 omnium
303 5082 443 5148 librdrnr.
476 5083 573 5149 Nunc
594 5093 744 5149 tenemus
766 5083 944 5166 prophetae
965 5103 1109 5148 sensum.
1249 5081 1400 5164 Repetit,
1440 5100 1513 5144 meo
1547 5079 1684 5161 iudicio,
1724 5075 1883 5159 propheta
1919 5074 2004 5158 qnod
2043 5076 2134 5157 prins

135 5167 304 5249 Quantum
327 5168 369 5233 ad
388 5169 489 5234 verba
511 5178 645 5251 spectat,
668 5169 757 5249 dicit,
789 5168 855 5234 Gar
875 5168 922 5233 ita
944 5170 1111 5233 marianas
1164 5165 1310 5242 dixerat,
1344 5185 1462 5248 nempe
1495 5164 1593 5230 luisse
1623 5183 1755 5246 prorsus
1789 5161 1991 5243 desperatam
2024 5161 2133 5243 gentis

134 5255 207 5319 vias
235 5254 333 5320 toas?
379 5253 445 5322 Sed
474 5254 585 5321 studia
616 5253 669 5321 hia
698 5255 824 5321 confert
852 5253 951 5319 etiam
982 5253 1110 5335 corpori
1164 5271 1243 5317 suae
1264 5250 1435 5330 malitiam,
1458 5250 1611 5332 quoniam
1628 5269 1692 5313 non
1710 5246 1908 5329 resipuerint
1929 5247 2053 5323 moniti,
2076 5245 2132 5310 sed
