4784 5970
188 346 252 411 539
535 348 537 353 “
995 342 1380 412 PRAELEOTIONES
2128 340 2194 406 540

190 533 298 616 potius
331 531 508 597 saevierint
538 538 695 613 tanquam
728 531 815 596 ferae
848 531 972 598 bestiae
1004 531 1162 598 adversus
1213 530 1384 598 consilium
1415 531 1493 606 fuit,
1527 552 1592 596 non
1621 537 1750 595 tantum
1780 529 1981 613 promiscuae
2009 527 2131 597 caedes
2158 527 2192 593 iu

190 618 366 704 prophetas
399 626 432 681 et
464 625 594 681 sanctos
630 615 786 681 doctores.
846 617 1024 683 Falluntur
1060 619 1162 682 inter·
1212 616 1343 682 Iudaeis
1376 615 1632 700 reprehendere,
1669 614 1728 680 sed
1760 615 1934 681 ostendere
1964 614 2055 698 ipsos
2089 613 2193 679 fuisse

190 715 298 788 pretes
331 702 408 766 dum
442 710 559 784 putant
591 700 645 766 hic
679 702 876 784 generaliter
910 703 1059 768 damnari
1091 722 1162 768 sae-
1211 701 1322 768 hostes
1354 702 1606 786 prophetarum,
1637 700 1715 783 quia
1744 698 1876 766 adversi
1908 711 2003 766 erant
2035 698 2193 765 omnihus

190 789 302 856 vitiam
326 789 359 852 iu
382 788 529 852 Iudaeis:
553 802 586 851 et
609 787 669 853 hoc
692 808 806 853 omnes
827 788 960 854 faciunt.
1000 787 1065 855 Sed
1087 810 1162 871 pro·
1213 789 1305 854 bouis
1328 797 1361 852 et
1379 789 1467 854 sanis
1486 787 1642 864 consiliis,
1664 795 1698 850 et
1715 785 1838 851 nullius
1856 784 2023 852 doctrinae
2040 805 2191 867 capaces.

190 873 289 956 pheta
322 873 410 937 haud
445 873 541 937 dubie
574 873 697 937 crimen
729 873 810 938 illud
844 885 1038 959 exaggerat,
1077 872 1162 955 qnod
1213 872 1362 939 Aliorum
1385 893 1477 939 error
1498 872 1666 950 refellitur,
1688 869 1777 952 quod
1798 872 1833 936 in
1856 880 2020 955 postremo
2042 869 2192 935 membro

188 959 303 1025 Iudaei
334 980 397 1023 non
426 958 522 1023 modo
552 960 674 1023 fuerint
704 960 887 1041 pertinaces
912 961 946 1025 in
970 959 1039 1024 suis
1062 959 1162 1038 vitiis,
1213 980 1318 1041 neque
1340 957 1465 1024 coelum
1489 979 1594 1041 neque
1617 968 1738 1023 terram
1762 957 1936 1041 atunpent
1976 954 2148 1040 Sequitur,

189 1045 246 1111 sed
280 1046 378 1108 etiam
414 1046 536 1108 furiose
569 1044 727 1109 adversus
763 1045 939 1127 prophotas
974 1044 1161 1110 saevierint.

189 1132 316 1196 Iterum
346 1150 423 1212 ergo
453 1130 608 1206 ostendit,
640 1131 748 1195 Deum
772 1151 869 1196 usum
890 1131 991 1196 fuisse
1012 1130 1162 1195 omnibus
1297 1127 1349 1194 35.
1384 1127 1428 1193 Et
1453 1127 1566 1193 dinei
1597 1127 1674 1212 (hoc
1701 1137 1768 1204 eet,
1801 1125 1915 1192 dixisti
1947 1136 2077 1193 tamen:
2113 1147 2192 1192 nam

189 1215 343 1281 remediis
372 1215 413 1278 ad
441 1214 602 1280 sanandos
631 1215 786 1292 Iudaeos,
820 1216 878 1281 sed
907 1217 978 1282 sine
1006 1216 1161 1299 profectu.
1213 1215 1328 1297 copula
1349 1213 1403 1278 hic
1420 1213 1578 1295 accipitur
1595 1235 1654 1296 pro
1672 1224 1793 1290 tamen,
1816 1210 1929 1279 dixisti
1951 1211 2090 1297 umen),
2114 1217 2194 1277 certe

190 1301 284 1383 Quae
314 1300 402 1364 enirn
432 1300 595 1365 medicina
623 1303 731 1383 potuit
759 1301 874 1366 melior
902 1301 1030 1381 offerri,
1063 1318 1162 1383 quam
1212 1299 1303 1386 (nam
1325 1313 1357 1366 ι)
1379 1299 1520 1365 causalis
1542 1298 1705 1380 particula
1727 1299 1781 1366 hic
1803 1296 1972 1363 audaciam
1994 1308 2107 1377 notat,
2136 1295 2192 1362 vel

190 1398 225 1451 ut
246 1385 425 1470 prophetae
454 1398 667 1468 coarguerent
695 1385 867 1468 populum,
897 1396 928 1451 et
952 1384 1163 1451 ostenderent
1212 1385 1304 1450 illam
1326 1384 1515 1450 iactantiam
1545 1385 1676 1466 plenam
1703 1383 1938 1467 impudentiae,
1968 1393 2006 1449 nt
2028 1383 2192 1449 auderent

189 1493 287 1554 quarn
315 1471 413 1553 impie
436 1493 455 1535 a
478 1469 550 1535 Dee
573 1493 631 1536 suo
655 1470 853 1536 deficerent?
888 1470 981 1537 Deus
1002 1491 1081 1555 erge
1103 1491 1161 1535 vo·
1213 1491 1358 1536 asserere
1388 1468 1504 1534 Iudaei
1536 1491 1572 1535 se
1605 1490 1676 1535 esso
1707 1469 1892 1549 innoxios),
1923 1473 2001 1539 erte
2032 1488 2088 1552 epo
2120 1488 2194 1533 aaut

189 1559 251 1622 luit
284 1556 345 1620 hoc
377 1557 471 1620 modo
506 1558 670 1640 corrigere
705 1556 814 1639 populi
846 1558 898 1622 sui
930 1557 1020 1623 vitia.
1069 1555 1162 1620 Adeo
1212 1556 1332 1622 mundo
1364 1553 1437 1640 (ego
1470 1574 1544 1619 sum
1574 1553 1762 1640 innocens),
1794 1559 1916 1620 amam
1946 1554 2069 1620 rwedot
2100 1553 2196 1636 feror

190 1653 298 1708 rentem
329 1663 393 1705 non
423 1643 574 1723 prefecit,
609 1656 646 1706 ut
674 1642 934 1727 Hierosolymae,
967 1648 1001 1705 et
1029 1642 1065 1705 in
1095 1650 1163 1705 tota
1212 1644 1282 1707 ciue
1303 1664 1324 1707 a
1341 1662 1398 1705 me.
1432 1639 1512 1706 Ecce
1530 1659 1585 1721 epo
1606 1641 1711 1707 iodim
1728 1645 1756 1707 te
1776 1639 1843 1726 (vel
1860 1639 2058 1706 contendam
2083 1650 2194 1706 mcum

190 1727 312 1792 Iudaea
345 1726 522 1808 prophetae
556 1727 694 1810 iugulati
728 1728 867 1805 fuerint,
906 1740 938 1792 et
973 1736 1041 1792 tota
1073 1736 1163 1792 terra
1213 1729 1249 1792 in
1270 1726 1413 1810 iudicio),
1436 1727 1512 1807 quio
1533 1726 1655 1806 caeti,
1676 1745 1737 1791 uon
1753 1727 1891 1808 peccavi.

188 1812 286 1878 fuerit
310 1813 434 1895 repleta
464 1824 497 1875 et
520 1813 648 1877 foedata
678 1813 777 1876 etiarn
808 1815 956 1895 ipsorum
988 1813 1160 1896 sanguine.
1803 1866 1804 1871 ,

189 1898 279 1962 Dicit
307 1917 402 1981 crgo,
432 1897 541 1961 Etiam
563 1898 598 1961 io
619 1899 682 1962 olis
703 1900 766 1961 tuis
794 1904 935 1981 repertas
962 1903 1006 1963 eet
1031 1898 1164 1980 sanquis
1299 1897 1365 1962 Hie
1387 1895 1545 1978 propheta
1566 1893 1706 1961 Iudaeos
1735 1896 1878 1962 ostendit
1907 1896 2009 1962 fuisse
2038 1896 2089 1960 ita
2117 1915 2194 1978 per·

189 1984 370 2048 celaturam
394 2004 574 2064 paupercus
602 1984 806 2048 innocentum.
857 1984 938 2049 Alae
966 1991 1061 2049 vocat
1088 2002 1161 2047 oras
1214 1986 1327 2051 frictae
1349 1983 1481 2056 frontis,
1511 1989 1636 2046 utnon
1659 1992 1791 2064 possent
1812 1981 1855 2046 ad
1878 1981 2112 2048 verecundiam
2135 1981 2192 2046 ad·

190 2070 348 2132 vestium:
383 2070 476 2149 quasi
505 2068 626 2133 diceret
657 2068 771 2135 caedes
800 2068 874 2134 illas
897 2090 963 2134 non
986 2069 1087 2134 fuisse
1109 2087 1162 2132 oe·
1214 2070 1289 2136 dnoi
1312 2067 1388 2133 ullis
1409 2065 1653 2131 monitionibus.
1696 2065 1811 2147 Quum
1831 2087 1910 2151 ergo
1931 2076 2042 2132 essent
2064 2066 2192 2132 similes

188 2153 311 2228 cultas,
345 2155 498 2234 quoniam
526 2152 640 2218 Iudaei
669 2154 809 2236 respersi
839 2155 974 2220 fuerunt
1003 2153 1163 2236 sanguine
1214 2154 1410 2220 mulieribus
1439 2151 1612 2229 adulteris,
1643 2160 1676 2216 et
1698 2172 1799 2233 quum
1830 2152 2056 2218 exercuissent
2085 2172 2192 2218 mere·

189 2259 293 2321 usque
323 2239 364 2303 ad
393 2248 557 2303 extremas
587 2248 697 2320 partes
719 2241 876 2305 vestium:
910 2240 1002 2322 quasi
1032 2239 1163 2315 diceret,
1216 2241 1344 2306 trinium
1382 2247 1554 2321 quaestum
1591 2236 1779 2302 cursitando
1811 2237 1846 2301 in
1881 2237 2029 2304 diversas
2060 2253 2192 2320 partes:

188 2325 264 2389 Non
295 2333 344 2389 est
373 2344 430 2389 cur
460 2325 514 2388 hic
544 2325 712 2389 vobiscum
746 2345 840 2408 agam
873 2324 1052 2401 subtiliter,
1086 2345 1162 2388 nam
1215 2347 1317 2408 quum
1341 2323 1458 2388 deinde
1485 2322 1690 2405 iugulassent
1717 2321 1895 2405 prophetas
1915 2333 1950 2388 et
1971 2333 2106 2389 sanctos
2127 2322 2193 2388 Dei

190 2408 330 2474 foeditas
360 2420 468 2474 vestra
502 2410 599 2472 nimis
632 2418 782 2491 apparet:
818 2431 884 2475 non
913 2411 1002 2474 onim
1034 2418 1164 2474 tantum
1214 2412 1400 2488 ministros,
1433 2420 1543 2473 tamen
1578 2409 1671 2490 quasi
1704 2407 1829 2473 nulhus
1861 2409 1940 2474 mali
1971 2408 2035 2474 sibi
2069 2409 2193 2474 coneeii

191 2495 328 2560 rebelles
350 2495 457 2559 fuistis
479 2494 644 2559 doctrinae
665 2515 766 2575 meae,
789 2493 846 2561 sed
867 2495 1044 2560 crudeliter
1065 2495 1164 2559 etiam
1216 2507 1338 2570 essent,
1371 2493 1539 2561 iactabant
1561 2514 1596 2558 se
1617 2493 1780 2559 innoxios.
1824 2492 1951 2560 Datne
1979 2497 2100 2576 wem,
2131 2494 2192 2560 hoc

191 2580 368 2664 prophetas
400 2600 491 2644 meos
523 2577 694 2645 occidistis.
748 2580 787 2646 Si
820 2581 995 2662 quaeritis,
1028 2580 1163 2645 ubinam
1216 2592 1275 2661 est,
1298 2578 1456 2663 quomodo
1479 2577 1579 2643 audes
1602 2578 1815 2661 praetendere
1837 2579 1939 2644 ullam
1959 2580 2193 2657 innocentiam,

190 2675 270 2730 sunt
290 2665 366 2729 illae
388 2665 526 2730 caedes?
557 2686 674 2747 nempe
696 2666 732 2729 ia
753 2666 816 2731 olis
836 2667 947 2732 uestis
969 2675 1003 2730 et
1023 2667 1089 2730 oris
1112 2666 1162 2729 in·
1216 2688 1317 2751 quum
1342 2668 1390 2745 ‚sis
1418 2665 1570 2731 convicta
1599 2679 1664 2728 tam
1695 2663 1877 2731 manifestis
1908 2674 1943 2730 et
1969 2664 2093 2731 crassis
2126 2685 2192 2730 non

190 2752 276 2834 quit:
311 2751 372 2816 hee
395 2762 461 2826 est,
494 2752 617 2816 crimen
641 2763 789 2816 vestrum
820 2750 893 2832 plus
923 2772 1021 2833 quam
1050 2763 1163 2816 notum
1217 2752 1355 2829 indiciis,
1376 2751 1434 2816 sed
1452 2747 1721 2833 probationibus?
1745 2749 1887 2833 denique
1904 2750 2068 2834 propheta
2085 2759 2194 2816 oeten·

191 2846 249 2903 est.
287 2837 383 2901 Nunc
405 2857 483 2920 ergo
505 2847 655 2901 tenemus
678 2836 754 2917 qnid
777 2836 858 2902 velit
880 2836 1048 2921 propheta.
1085 2834 1164 2900 Ideo
1218 2839 1265 2903 dit
1295 2837 1499 2920 deploratum
1529 2855 1598 2900 esse
1628 2835 1740 2918 populi
1772 2841 1905 2913 statum,
1939 2836 2018 2918 quia
2044 2857 2115 2901 non
2137 2834 2194 2901 ad·

191 2921 372 2989 notandum
395 2933 445 2985 est
466 2921 594 3002 pondus
627 2921 725 2986 huius
759 2923 939 3005 particulae
966 2935 1020 3002 ne,
1056 2923 1164 3000 etiam,
1218 2926 1328 2988 mittat
1346 2922 1447 2987 ullam
1466 2920 1731 2998 admonitionem,
1750 2921 1816 2984 imo
1832 2941 1934 3003 quum
1948 2918 2081 3000 audeat,
2100 2922 2195 3005 quasi

191 3008 308 3089 inquit.
352 3007 437 3071 Nam
461 3006 602 3070 deterior
624 3006 697 3088 fuit,
725 3016 759 3071 et
780 3008 886 3091 magis
908 3009 1066 3074 scelerata
1091 3007 1163 3072 illo·
1217 3010 1324 3074 ferrea
1350 3008 1469 3086 fronte,
1502 3005 1663 3071 obstinate
1693 3006 1830 3091 gloriari
1851 3027 1887 3071 se
1909 3026 1980 3072 esse
2008 3007 2194 3072 innoxium.

192 3112 266 3156 rum
288 3092 480 3166 crudelitas,
512 3092 598 3172 quod
621 3093 667 3155 ita
688 3094 928 3157 insurrexerint
949 3100 1065 3159 eontra
1087 3112 1164 3157 suos
1217 3094 1344 3161 ‚Deae
1375 3092 1446 3176 (sed
1479 3111 1610 3173 semper
1642 3091 1786 3172 loquitur
1818 3092 1853 3156 in
1886 3112 2007 3175 genere
2040 3092 2195 3172 femineo,

193 3176 343 3241 medices.
395 3176 581 3257 Prophetae
614 3177 701 3239 enim
735 3178 875 3242 ministri
910 3189 1005 3243 erant
1038 3176 1164 3257 salutis,
1217 3179 1310 3262 qnasi
1344 3178 1384 3242 de
1418 3177 1567 3255 muliere)
1607 3175 1735 3242 Deiota·
1769 3181 1889 3257 tumet,
1927 3181 2005 3242 certe
2036 3198 2093 3261 eqo
2123 3197 2197 3243 eum

194 3259 468 3343 quemadmodum
503 3262 626 3326 dietum
659 3261 731 3326 fuit.
783 3260 895 3341 Quum
930 3283 1008 3346 ergo
1039 3262 1086 3326 ita
1114 3262 1165 3325 in·
1217 3264 1346 3329 mundo.
1384 3262 1441 3328 Sic
1465 3263 1652 3346 hypocritae
1674 3282 1740 3326 non
1764 3271 1891 3328 tantum
1913 3283 1949 3328 se
1965 3272 2140 3342 excusant,
2163 3271 2198 3329 st

193 3346 352 3412 sanierint
387 3356 501 3410 contra
523 3346 586 3410 Dei
616 3347 773 3429 gratiam,
806 3356 845 3411 ut
874 3348 1062 3431 iugularent
1089 3367 1166 3411 suos
1219 3369 1323 3417 vanos
1346 3348 1500 3412 adferunt
1522 3355 1723 3429 praetextus,
1753 3346 1811 3413 sed
1833 3346 1957 3413 audent
1976 3348 2041 3430 ipsi
2064 3348 2197 3431 prodire

193 3432 378 3514 prophetae,
408 3432 485 3498 hinc
505 3432 624 3497 clarius
647 3444 745 3514 patet,
775 3432 874 3498 fuisse
896 3454 1030 3516 prorsus
1053 3431 1165 3514 despe·
1219 3436 1253 3499 in
1277 3431 1430 3509 medium,
1460 3438 1493 3496 et
1515 3432 1662 3511 volitare,
1687 3433 1780 3514 quasi
1803 3433 1881 3497 elati
1903 3443 2014 3500 essent
2034 3453 2098 3499 sua
2118 3453 2197 3500 con·

193 3527 291 3582 ratos.
347 3516 465 3582 Postea
501 3516 650 3601 adiungit
687 3519 773 3600 quod
810 3517 851 3582 ad
887 3519 1165 3584 confirmationem
1219 3518 1364 3595 fidentia,
1386 3539 1485 3600 supra
1502 3517 1615 3583 nubes.
1649 3516 1734 3597 Quis
1755 3516 1889 3584 audebit
1910 3516 2092 3601 quidquam
2113 3519 2197 3585 mihi

193 3602 295 3684 valet,
327 3602 402 3668 Noa
429 3603 557 3684 fueruat
583 3606 697 3684 reperti
725 3606 761 3668 ia
783 3604 978 3685 suffossione.
1023 3602 1166 3685 Quidam
1219 3603 1380 3671 obiicere?
1410 3602 1464 3667 Ita
1487 3602 1677 3687 hypocritae
1700 3603 1865 3669 lacessunt
1886 3613 2003 3686 sponte
2024 3613 2062 3668 et
2083 3625 2198 3684 proca·

194 3688 288 3752 aliter
310 3701 495 3771 exponunt:
518 3688 575 3753 sed
598 3698 684 3754 recte
707 3690 855 3754 sentiunt
876 3692 932 3773 qni
955 3700 1074 3772 putant
1095 3710 1168 3773 pro-
1219 3694 1300 3758 citer
1321 3709 1436 3755 omncs
1457 3687 1521 3754 Dei
1550 3709 1674 3768 servos,
1704 3699 1738 3753 et
1761 3688 1877 3754 volunt
1899 3688 1960 3755 hac
1981 3690 2141 3772 snperbia
2162 3710 2199 3756 os

192 3773 325 3855 phetam
347 3772 491 3839 alludere
514 3773 555 3837 ad
578 3776 773 3839 sententiam
797 3776 912 3859 blesis,
936 3775 1039 3841 Exod.
1062 3775 1113 3853 22,
1135 3776 1166 3840 2.
1219 3777 1388 3842 obstruere
1415 3773 1574 3840 omnibus.
1619 3774 1718 3839 Nunc
1748 3773 1908 3856 propheta
1935 3773 2073 3840 damnat
2095 3775 2199 3841 talem

194 3859 232 3925 Si
255 3860 307 3923 fur
329 3873 479 3943 ropertus
502 3860 601 3923 fuerit
623 3860 657 3921 in
679 3860 880 3941 suffossione,
903 3863 1011 3944 ipsum
1034 3862 1168 3945 impune
1220 3860 1419 3945 proterviam
1441 3861 1476 3924 in
1499 3859 1641 3936 ludaeis,
1674 3859 1761 3942 quod
1793 3859 1918 3925 scilicet
1944 3860 1993 3925 ita
2021 3862 2199 3927 manifeste

193 3966 288 4027 posse
310 3946 421 4010 cecidi.
456 3946 542 4010 Nam
565 3944 681 4008 similis
703 3956 753 4010 est
774 3945 892 4012 latroni
914 3957 1047 4029 propter
1069 3945 1168 4011 auda·
1219 3946 1370 4020 convicti,
1389 3954 1500 4010 tamen
1519 3945 1881 4010 iactanter'assererent
1896 3966 1931 4010 se
1945 3965 2018 4011 esse
2031 3946 2200 4013 innoxios.

194 4031 287 4106 ciam,
312 4032 366 4110 qui
391 4030 488 4094 audet
510 4031 557 4094 ita
580 4030 782 4113 perfringere
805 4032 930 4096 alienas
952 4032 1078 4097 domos:
1102 4051 1169 4095 non
1222 4032 1318 4098 Modo
1351 4029 1407 4119 (qa
1438 4030 1492 4095 hic
1524 4031 1646 4113 accipio
1678 4051 1738 4113 pro
1773 4028 1916 4116 tantum)
1948 4031 2080 4098 rmedot.
2133 4032 2200 4098 Hie

195 4124 324 4180 tantum
359 4114 453 4179 debet
484 4115 537 4179 fur
571 4117 710 4190 censeri,
745 4114 803 4179 sed
835 4115 931 4182 debet
962 4117 1078 4182 haberi
1109 4137 1169 4199 pro
1221 4117 1362 4183 alterum
1384 4117 1507 4182 crimen
1529 4116 1689 4197 propheta
1711 4115 1888 4199 exprobrat
1908 4114 2049 4193 Indaeis,
2079 4137 2201 4203 nempe

196 4200 368 4278 homicida,
399 4211 432 4263 et
461 4221 519 4281 pro
548 4200 683 4264 latrone.
730 4198 820 4265 Dicit
849 4203 951 4284 igitur
973 4201 1066 4267 Deus
1093 4221 1169 4285 pro·
1221 4201 1306 4286 qnod
1329 4200 1474 4266 dixerint
1495 4200 1558 4266 sibi
1579 4201 1653 4265 fieri
1676 4223 1695 4266 a
1716 4200 1789 4267 Deo
1814 4201 1986 4280 iniuriam,
2017 4201 2106 4284 quod
2131 4213 2200 4268 tam

195 4286 328 4370 phetas,
358 4285 414 4366 qui
437 4286 532 4349 occisi
555 4286 687 4349 fuerunt
710 4306 729 4348 a
749 4286 891 4364 Indaeis,
920 4307 980 4353 coa
1000 4288 1101 4369 fuisse
1122 4308 1169 4352 rc·
1222 4288 1343 4372 poenis,
1367 4308 1464 4369 qnam
1487 4287 1770 4370 obiurgationihns
1792 4288 1880 4370 ipsos
1902 4285 1944 4351 ad
1966 4308 2082 4353 sanam
2105 4308 2201 4355 men·

190 4378 298 4454 partos
320 4373 353 4435 in
376 4370 568 4450 suffossione,
597 4371 657 4436 hoc
680 4380 739 4448 est,
763 4392 830 4436 non
852 4373 953 4437 fuisse
976 4394 1048 4438 reos
1071 4374 1169 4439 ullius
1223 4387 1289 4439 tem
1307 4372 1407 4437 vellet
1428 4393 1591 4438 revocare.
1620 4371 1712 4438 Dens
1734 4374 1820 4438 enim
1844 4373 1908 4438 iam
1931 4372 2055 4440 multas
2077 4394 2201 4457 poenm

195 4456 352 4532 criminis,
376 4456 429 4518 vel
453 4456 539 4530 furti,
563 4455 615 4519 vel
638 4457 753 4521 caedis.
785 4455 897 4542 (Ponit
919 4457 1007 4522 enim
1029 4459 1168 4542 speciem
1222 4458 1354 4524 Iudaeis
1376 4458 1560 4535 inflixerat,
1589 4457 1864 4540 quemadmodum
1888 4458 1970 4525 satie
1992 4466 2107 4525 notum
2132 4474 2200 4525 est:

197 4562 255 4624 pro
278 4541 422 4625 genere.)
464 4540 525 4604 Sed
545 4541 644 4620 fuisse
665 4563 760 4623 super
781 4543 924 4608 entaldus
944 4542 1005 4627 tis,
1028 4541 1089 4609 hoe
1110 4554 1169 4622 est,
1223 4543 1340 4608 deinde
1370 4542 1509 4607 addebat
1541 4546 1643 4608 serias
1672 4543 1925 4629 obiurgationes.
1976 4543 2118 4610 Duobus
2148 4546 2201 4612 his

197 4627 282 4710 quod
303 4627 403 4692 libere
421 4627 492 4689 ausi
511 4624 652 4690 fuissent
668 4649 724 4693 vos
739 4649 924 4714 coarguere,
947 4629 1034 4709 quod
1053 4630 1171 4694 aeriter
1221 4629 1327 4694 modis
1349 4629 1578 4710 experiebatur
1596 4651 1639 4693 an
1656 4630 1818 4696 sanabiles
1838 4638 1949 4695 essent
1965 4649 2080 4695 necne.
2108 4630 2200 4712 Quid

198 4712 486 4796 reprehendissent
515 4717 628 4775 vestra
656 4713 793 4790 scelera,
824 4711 913 4796 quod
940 4714 1171 4795 patefecissent
1222 4726 1332 4779 autem
1354 4713 1427 4778 illi?
1449 4714 1521 4797 Ego
1544 4736 1617 4778 sum
1640 4716 1811 4780 innoxius:
1834 4714 1891 4780 sed
1908 4715 1999 4781 Dens
2021 4715 2104 4781 mihi
2129 4719 2201 4783 sine

196 4810 338 4863 vestram
358 4796 605 4879 turpitudinem,
628 4796 713 4877 quod
733 4797 843 4864 hostes
861 4798 998 4863 fuissent
1017 4801 1170 4881 perfidiae
1195 4856 1197 4865 .
1223 4819 1320 4864 cansa
1343 4799 1511 4863 irascitur:
1540 4801 1689 4865 Aowocot
1710 4801 1795 4866 irem
1815 4820 1909 4865 worn
1930 4821 1952 4865 o
1972 4821 2031 4883 me,
2055 4801 2118 4868 hoc
2141 4815 2198 4881 est,

197 4895 337 4966 vestrae,
366 4893 399 4948 et
421 4883 567 4947 omnium
590 4882 764 4946 scelerum:
797 4884 950 4966 quoniam
972 4885 1074 4967 igitur
1097 4906 1171 4967 pro·
1195 4872 1199 5033 N
1224 4885 1318 4949 modo
1352 4906 1393 4947 ne
1426 4885 1519 4948 Deus
1552 4887 1725 4967 imperiose
1758 4886 1929 4952 nobiscum
1963 4897 2056 4970 agat,
2093 4910 2199 4972 neque

198 4969 316 5053 phetae
350 4970 396 5032 ita
429 4968 539 5032 divino
578 4968 695 5049 spiritu
732 4967 852 5033 bellum
891 4979 1060 5052 gesserant
1097 4993 1169 5035 cum
1224 4982 1336 5035 utatur
1359 4991 1487 5033 summo
1511 4972 1590 5053 iure,
1614 4973 1794 5053 poterimus
1816 4970 1953 5054 probare
1976 4983 2124 5037 nostram
2148 4977 2198 5039 in·

198 5056 317 5120 vestris
340 5056 489 5136 peccatis,
514 5052 587 5117 ideo
611 5052 743 5116 fuerunt
765 5076 785 5117 a
807 5055 897 5119 vobis
920 5056 1025 5120 occisi.
1072 5056 1170 5120 Vide·
1225 5057 1416 5121 nocentiam.
1462 5055 1518 5121 Sic
1542 5057 1633 5139 impii
1656 5055 1734 5120 dum
1758 5064 1918 5140 urgentur
1941 5059 2065 5123 severis
2090 5063 2198 5124 moni-

199 5160 272 5204 mus
296 5161 393 5223 quam
417 5141 499 5205 bene
522 5140 603 5201 fluat
629 5147 811 5204 contextus.
857 5140 955 5205 Modo
980 5143 1039 5205 hoe
1062 5162 1171 5205 suma·
1225 5142 1382 5218 tionibus,
1413 5154 1570 5206 evomunt
1596 5163 1672 5207 suas
1701 5141 1920 5225 blasphemias
1941 5153 2057 5208 contra
2079 5144 2197 5222 Deum,

200 5232 253 5288 tur
269 5224 403 5290 deselis‘
420 5224 596 5307 prophetis,
616 5222 888 5306 quemadmodum
905 5225 1172 5291 etiamIeremiae
1226 5226 1359 5308 Oquid
1383 5226 1521 5291 faciam?
1555 5249 1615 5311 ege
1644 5228 1711 5293 scio
1739 5249 1791 5292 me
1819 5249 1886 5292 non
1915 5249 1986 5294 csse
2015 5249 2129 5311 parem
2159 5232 2198 5297 ad
