4784 5970
187 353 253 419 443
1062 348 1112 414 IN
1135 346 1301 414 ISAIAM
2121 348 2185 415 444

190 551 378 626 patronum,
412 542 501 606 cuius
535 560 667 606 severus
700 540 763 605 erit
795 538 892 605 ultor.
948 537 1003 603 Illi
1036 536 1154 621 gaudio
1206 544 1336 620 partum
1359 556 1478 620 magno
1509 558 1582 603 eum
1612 535 1723 602 dolore
1747 537 1917 603 emittunt:
1950 538 2011 605 sed
2043 539 2182 607 Domine

190 631 339 694 fruentur
360 636 392 692 et
414 624 649 691 consolatione:
672 625 707 690 hi
731 647 807 692 vero
826 623 949 708 pudore
964 623 1155 690 suffundsn·
1206 623 1302 705 louge
1324 621 1388 687 alia
1407 623 1645 706 gignendorum
1672 623 1847 689 liberorum
1878 624 1962 691 ratio
1988 635 2055 692 est.
2100 626 2181 692 Nam

191 723 258 779 tur:
299 733 374 776 nam
403 713 545 776 sentient
574 711 759 794 propediem
795 711 947 778 iudicium
978 709 1042 774 Dei
1070 706 1155 791 quod
1206 708 1370 773 iacturum
1392 729 1463 774 esse
1485 708 1561 774 dicit
1584 720 1621 773 ut
1643 710 1734 792 prius
1756 711 1790 773 in
1812 709 1916 776 lucem
1945 711 2059 778 foetus
2080 733 2181 779 emer·

190 819 275 864 nuno
298 798 416 863 rident.
1208 801 1265 876 gat
1285 813 1381 876 quam
1404 793 1622 860 animadverti
1645 804 1703 860 aut
1732 795 1799 860 ullo
1826 796 1946 863 doloris
1974 817 2080 864 sensu
2109 819 2180 883 per·

275 885 305 949 6.
329 883 417 968 (Vox
441 882 613 967 lunaelac.)
657 881 838 948 Confirmat
859 881 1060 965 superiorem
1082 901 1155 946 sen·
1207 879 1270 962 cipi
1292 879 1403 961 possit
1437 878 1532 945 Unde
1555 880 1652 946 etiam
1676 889 1776 945 totam
1792 881 1853 947 sibi
1867 882 2002 949 laudem
2019 883 2179 970 vendicat,

190 970 345 1034 tentiam:
379 990 495 1051 nempe
523 988 589 1032 non
619 969 741 1032 frustra
767 967 928 1033 minatum
955 987 1025 1034 esse
1048 968 1156 1032 Deum
1207 965 1282 1046 quia
1325 965 1520 1031 miraculum
1563 965 1758 1031 industriam
1801 966 1973 1035 huminum
2026 970 2179 1039 excludit

190 1055 368 1138 hypocritis
391 1075 426 1118 se
448 1055 539 1119 brevi
562 1053 670 1118 adfore
697 1054 874 1130 vindicem,
905 1073 968 1136 quo
995 1053 1041 1136 pii
1068 1053 1154 1135 cupi·
1207 1050 1389 1115 Masculom
1417 1060 1524 1116 autem
1552 1052 1760 1134 potissimum
1788 1054 1952 1132 nominat,
1982 1064 2023 1121 ut
2054 1056 2179 1123 virilem

190 1144 262 1205 dius
296 1148 484 1221 exspectent
516 1139 601 1221 quod
634 1139 673 1202 de
706 1139 828 1204 laetitia
868 1139 1062 1222 promissum
1096 1146 1154 1203 est.
1207 1147 1240 1200 et
1261 1135 1377 1201 fortem
1400 1138 1545 1203 animum
1569 1138 1687 1203 horum
1705 1137 1881 1204 liberorum
1895 1139 2065 1223 designet:
2086 1165 2180 1228 gene·

191 1226 359 1307 Quosnam
382 1246 460 1289 vero
483 1225 593 1290 hostes
615 1224 762 1307 designet
784 1225 919 1291 dubium
949 1234 1015 1290 est:
1048 1230 1157 1307 potest
1207 1241 1313 1287 rosam
1337 1222 1423 1286 enim
1447 1223 1586 1306 prolem,
1618 1244 1684 1288 non
1713 1224 1844 1289 mollem
1871 1236 1930 1291 aut
1955 1228 2178 1295 effeminatam

190 1312 276 1376 euim
299 1311 353 1377 hic
376 1311 464 1376 locus
487 1311 606 1393 exponi
629 1309 669 1374 de
691 1310 898 1394 Babyloniis,
928 1331 1065 1392 quorum
1091 1309 1153 1373 cla·
1207 1308 1276 1372 iore
1297 1307 1462 1391 iutelligit.
1509 1307 1616 1374 Sicuti
1638 1309 1736 1374 etiam
1758 1309 1879 1377 scimus
1902 1311 2033 1379 Christi
2065 1316 2179 1398 spiritu

191 1398 246 1462 des
268 1398 330 1461 fuit
351 1398 502 1462 ecclesiae
526 1417 601 1461 suae
624 1395 822 1478 redemptio:
853 1405 960 1479 potest
988 1396 1088 1460 etiam
1117 1395 1157 1459 de
1207 1395 1392 1476 regenerari
1415 1393 1542 1472 fideles,
1572 1396 1628 1478 qui
1649 1396 1771 1461 invicta
1797 1396 1991 1463 fortitudine
2022 1414 2179 1486 peragant

190 1483 262 1548 aliis
292 1481 438 1547 hostibus
466 1483 521 1564 qui
552 1484 584 1545 in
616 1481 769 1547 ecclesiae
803 1481 926 1566 gremio
953 1480 1155 1547 fovebantur.
1208 1476 1344 1543 militiae
1376 1499 1454 1544 suae
1487 1500 1633 1546 cursum:
1677 1502 1742 1564 qua
1780 1483 1908 1548 ratione
1941 1483 2023 1549 dicit
2057 1486 2180 1552 Paulus

189 1568 300 1650 Atque
325 1567 390 1632 huc
419 1588 478 1650 ego
508 1568 610 1650 magis
643 1568 778 1647 inclino,
813 1568 942 1633 tametsi
974 1589 1039 1632 nou
1073 1586 1156 1650 nego
1207 1562 1622 1650 (Rom.8,15)uoniam
1650 1588 1721 1633 esse
1750 1568 1914 1651 praeditos
1942 1571 2068 1652 spiritu
2094 1572 2180 1639 timi·

189 1674 283 1736 posse
305 1652 344 1716 de
366 1655 479 1735 quovis
501 1653 643 1718 hostium
666 1674 785 1737 genere
807 1653 917 1736 accipi.
962 1650 1028 1719 Sed
1054 1653 1156 1735 respi·
1208 1649 1327 1725 ditatis,
1351 1659 1410 1715 eto.

191 1741 235 1803 cit
258 1738 449 1803 domesticos
472 1739 579 1803 hostes
601 1738 641 1803 de
671 1740 787 1821 quibus
814 1739 971 1804 hactenus
1002 1738 1156 1822 loquutus
1293 1738 1322 1801 8.
1345 1735 1440 1820 (Quis
1460 1737 1606 1818 audivit.)
1650 1737 1822 1805 Praedicat
1844 1741 2111 1825 magnitudinem
2135 1746 2180 1810 rei

192 1834 279 1900 erat,
313 1825 366 1905 qui
395 1845 507 1889 vocem
537 1823 600 1888 Dei
630 1823 759 1890 assidue
788 1836 1016 1907 personantem
1044 1825 1078 1889 in
1100 1845 1156 1889 ore
1208 1821 1247 1886 de
1269 1842 1334 1903 qua
1356 1823 1509 1904 loquutus
1528 1832 1594 1888 est:
1629 1823 1852 1891 admirabilem
1878 1827 1969 1892 enim
1999 1838 2105 1913 atque
2132 1831 2180 1895 in·

192 1908 424 1993 prophetarum
447 1912 653 1992 respuebant.
697 1910 880 1976 Denuntiat
902 1932 979 1994 ergo
1010 1912 1155 1975 futurum
1207 1907 1350 1971 auditam
1378 1906 1532 1973 ecclesiae
1558 1911 1797 1976 restitutionem
1826 1910 1896 1977 iore
1926 1914 2113 1999 significat,
2147 1926 2181 1981 nt

192 1995 282 2060 brevi
304 2004 341 2058 ut
362 1995 458 2058 aliam
482 2016 593 2060 vocem
616 2006 713 2079 atque
742 1995 981 2063 horribiliorem
1010 1996 1155 2061 audiant.
1207 2013 1279 2058 eam
1302 1994 1346 2074 pii
1369 2014 1435 2058 uon
1457 2015 1497 2058 ex
1520 2006 1656 2060 naturae
1684 1995 1799 2061 ordine
1826 1997 1883 2063 sed
1912 2018 1954 2064 ex
1985 2001 2098 2085 gratia
2121 2003 2181 2068 Dei

191 2080 259 2146 Sed
279 2081 432 2146 continuo
448 2094 521 2163 post
536 2084 680 2164 sequitur
696 2083 765 2147 miti
810 2084 865 2162 tio,
887 2103 930 2148 ne
947 2081 1033 2147 idem
1052 2092 1157 2146 terror
1207 2078 1388 2144 aestiment.
1426 2079 1509 2144 Nam
1532 2101 1631 2163 quum
1655 2080 1694 2146 de
1714 2102 1753 2146 ea
1774 2084 1918 2167 cogitant
1939 2104 2054 2152 secum
2078 2087 2182 2153 honri·

192 2168 260 2249 pios
293 2166 355 2230 Dei
388 2188 500 2232 servos
534 2170 710 2232 exanimet.
792 2188 905 2233 umma
937 2177 1004 2243 est,
1035 2167 1157 2231 frustra
1208 2185 1266 2229 nes
1288 2166 1391 2230 instar
1412 2166 1529 2229 somnii
1546 2187 1615 2231 esse
1631 2178 1767 2250 putant:
1789 2169 2067 2251 quemadmodum
2084 2174 2180 2240 etiam

192 2253 324 2337 gloriari
353 2253 469 2334 impios
495 2274 652 2335 suamque
681 2255 879 2335 proterviam
908 2274 1070 2336 opponere
1094 2251 1157 2316 Dei
1208 2249 1326 2315 dicitur
1348 2250 1479 2316 Psalmo
1504 2252 1566 2316 126
1587 2251 1631 2338 (v.
1656 2252 1699 2338 1).
1738 2253 1914 2321 Caeterum
1935 2278 2003 2323 non
2028 2260 2181 2343 intelligit

191 2339 331 2411 iudiciis,
363 2339 440 2419 quia
461 2339 530 2402 eius
559 2360 691 2402 manum
722 2339 856 2403 minime
886 2339 1057 2421 effugient:
1091 2339 1156 2403 imo
1208 2335 1375 2402 eeclesiam
1398 2336 1493 2419 plene
1521 2336 1562 2402 ad
1590 2348 1793 2405 momentum
1823 2342 2066 2409 restituendam
2096 2366 2181 2411 esse:

192 2444 233 2486 ex
256 2422 386 2505 templo,
417 2423 501 2504 quod
523 2424 587 2487 illis
610 2444 780 2505 perversae
802 2423 1016 2489 confidentiae
1038 2424 1157 2489 latibu·
1207 2429 1285 2487 sunt
1307 2423 1395 2487 enim
1418 2423 1512 2486 multi
1536 2443 1729 2507 progressus
1752 2439 1785 2490 et
1806 2427 1895 2511 longi
1919 2427 2019 2495 huius
2049 2432 2181 2496 restitu-

192 2509 261 2573 lum
283 2517 360 2584 erat,
384 2508 583 2590 prodituram
607 2511 675 2574 eius
694 2530 817 2586 vocem,
840 2511 909 2593 pios
930 2530 1009 2575 vero
1031 2510 1156 2592 patien·
1209 2507 1317 2587 tionis,
1339 2508 1406 2572 imo
1429 2506 1526 2573 etiarn
1549 2530 1608 2592 pro
1630 2512 1737 2576 carnis
1759 2532 1858 2578 sensu
1879 2513 1978 2580 lenti:
2001 2514 2064 2581 sed
2078 2526 2181 2583 osten·

192 2596 256 2659 tiae
289 2615 366 2658 suae
399 2594 540 2658 fructum
574 2606 651 2659 tunc
683 2605 845 2679 capturos.
892 2595 1028 2662 Utinam
1061 2594 1156 2660 hodie
1209 2592 1257 2656 dit
1279 2594 1406 2659 initium
1429 2594 1537 2676 ipsum
1570 2616 1699 2660 omnem
1730 2597 1854 2682 ingenii
1881 2598 2020 2665 humani
2049 2612 2180 2687 captum

192 2681 329 2745 similem
352 2689 572 2763 contemptum
595 2702 661 2746 non
678 2683 900 2764 experiremur
917 2683 952 2745 in
968 2681 1156 2765 hypocritis,
1208 2699 1372 2761 superare.
1417 2679 1531 2762 Neque
1553 2693 1662 2745 tamen
1685 2682 1831 2765 loquitur
1854 2686 2181 2771 hyperbolicezquia

192 2768 246 2849 qui
269 2786 379 2829 omnes
402 2766 595 2830 monitiones
617 2778 649 2831 et
671 2768 776 2833 minas
798 2768 892 2850 parvi
915 2769 1073 2850 pendunt,
1099 2788 1157 2831 ne·
1208 2785 1305 2849 saepe
1328 2764 1476 2831 videmus
1498 2765 1665 2832 ecclesiam
1687 2788 1811 2850 parere,
1834 2790 1917 2853 quae
1934 2772 2029 2855 prius
2044 2773 2181 2858 gravida

192 2873 256 2934 que
289 2850 386 2915 verbo
415 2850 477 2915 Dei
507 2852 664 2917 honorem
694 2852 827 2918 habent.
877 2852 942 2918 His
969 2873 1064 2937 ergo,
1099 2873 1157 2936 pru
1208 2871 1275 2916 non
1297 2850 1480 2917 videbatur.
1525 2853 1597 2916 Imo
1620 2874 1720 2935 quom
1743 2864 1878 2936 putatur
1900 2859 2023 2923 sterilis
2054 2860 2180 2943 praedi·

191 2936 319 3020 placida
346 2947 380 3000 et
407 2937 473 3001 leni
503 2958 580 3003 voce
609 2959 704 3021 quarn
736 2960 824 3005 nune
857 2938 1009 3018 audiunt,
1043 2958 1156 3004 vocem
1209 2937 1334 3003 catione
1356 2937 1517 3021 evangelii
1540 2937 1687 3003 redditur
1707 2940 1882 3007 foecunde:
1914 2944 1962 3007 ita
1983 2952 2024 3008 ut
2047 2966 2180 3030 magno·

191 3023 425 3088 tumultuosam
448 3022 639 3087 denuntiare
666 3024 827 3106 cogimur,
857 3045 954 3107 quam
984 3024 1156 3107 aliquando
1209 3041 1377 3106 perorem
1399 3023 1514 3107 ipsam,
1542 3023 1597 3088 ubi
1619 3028 1736 3104 evenit,
1760 3028 1974 3093 admiremur:
2007 3051 2109 3113 quarn
2131 3033 2180 3096 iu·

191 3110 231 3174 ab
253 3108 325 3171 aliis
346 3109 442 3192 longe
464 3109 674 3174 dissimilibus
696 3110 860 3193 magistris
882 3108 1025 3175 audient.
1070 3109 1156 3175 Nam
1209 3107 1395 3174 credibilem
1429 3109 1562 3173 omnino
1595 3131 1665 3175 esse
1695 3120 1772 3176 ante
1806 3113 2031 3181 iudicavimus.
2088 3117 2180 3183 Haec

190 3216 291 3276 quum
314 3194 470 3277 sacrilego
492 3203 679 3277 contemptu
701 3193 842 3259 mundus
863 3200 996 3277 respuat
1018 3195 1157 3260 verbum
1209 3192 1343 3273 impleta
1365 3203 1444 3258 sunt
1466 3194 1573 3276 aliqua
1595 3217 1635 3260 ex
1664 3209 1755 3278 parte
1786 3218 1887 3280 quum
1915 3200 2012 3265 rediit
2042 3202 2181 3286 pupulus

191 3280 265 3359 Dei,
287 3286 446 3344 armatam
470 3300 599 3362 vocem,
629 3280 775 3360 honest,
804 3280 953 3345 flammas
983 3291 1016 3345 ct
1044 3281 1158 3346 caedes
1209 3299 1228 3343 e
1249 3278 1433 3359 Babylone:
1466 3279 1522 3344 sed
1547 3280 1650 3345 multo
1673 3282 1870 3350 luculentius
1900 3286 2125 3354 testimonium
2147 3290 2180 3354 iu

190 3388 255 3431 non
279 3375 407 3430 tantum
431 3365 551 3442 audire,
574 3365 753 3430 sedetiam
777 3366 918 3449 experiri
941 3375 1085 3450 cogetur.
1210 3364 1379 3447 evaugelio
1401 3364 1524 3429 editum
1556 3375 1620 3443 est,
1654 3388 1716 3450 quo
1749 3370 1911 3451 publicato
1942 3372 2057 3438 statim
2091 3376 2181 3439 varia

275 3452 303 3517 l.
327 3450 538 3537 (Antequam.)
571 3451 684 3532 Quum
705 3456 796 3536 prius
818 3452 1000 3517 consolatus
1022 3452 1065 3519 sit
1086 3451 1158 3534 pios
1209 3450 1336 3516 soboles
1358 3458 1389 3514 et
1412 3471 1585 3516 numerosa
1608 3452 1737 3534 prodiit.
1772 3455 1900 3520 Nostris
1922 3477 2001 3523 vero
2024 3462 2181 3543 tempori·

189 3538 369 3616 Dominus,
410 3559 451 3602 ne
483 3539 622 3603 fratrum
655 3538 844 3620 arrogantia
876 3548 909 3604 et
948 3536 1158 3621 despicientia
1210 3536 1269 3601 bus
1298 3556 1407 3600 annon
1438 3536 1535 3601 huius
1565 3539 1754 3621 prophetiae
1786 3541 2064 3625 complementum
2097 3546 2180 3611 vidi·

190 3632 399 3690 moverentur
428 3643 509 3707 quos
540 3624 671 3687 tandem
702 3624 830 3690 ulturus
861 3632 948 3706 erat,
981 3634 1078 3706 atque
1110 3623 1158 3687 ita
1209 3621 1305 3686 mus?
1351 3621 1440 3702 Quot
1462 3622 1549 3686 euim
1573 3624 1690 3690 liberos
1712 3646 1732 3690 a
1754 3627 1890 3710 triginta
1920 3629 2032 3714 anuis,
2062 3631 2181 3713 quibus

190 3710 284 3773 firmo
317 3722 349 3772 et
382 3711 543 3773 constanti
576 3710 687 3773 animo
718 3708 897 3775 adventum
928 3709 1063 3775 Domini
1103 3729 1157 3775 ex·
1209 3707 1416 3790 evangelium
1437 3706 1660 3792 praedicatum
1683 3720 1742 3794 est,
1772 3714 1887 3797 genuit
1908 3714 2068 3780 ecclesia?
2114 3720 2181 3781 Au·

190 3805 335 3876 spectare
357 3793 502 3860 iusserit:
537 3795 635 3859 simul
659 3794 749 3859 addit
771 3816 805 3860 se
834 3795 880 3859 ita
909 3795 1054 3860 ulturum
1083 3795 1158 3861 illos
1209 3812 1275 3857 non
1300 3793 1458 3858 Dominus
1480 3813 1555 3859 sues
1578 3794 1675 3861 hodie
1698 3817 1814 3881 magno
1836 3799 1871 3864 in
1894 3820 2030 3865 numero
2061 3801 2181 3884 ubique

191 3889 228 3943 nt
249 3881 283 3943 in
306 3900 416 3944 eornm
440 3881 575 3944 interitu
605 3880 733 3961 piorum
762 3880 858 3945 saluti
889 3880 1044 3946 consulat.
1089 3881 1157 3946 Nec
1209 3886 1373 3943 terrarum
1401 3878 1522 3944 habet?
1565 3879 1656 3945 Nihil
1687 3883 1789 3965 igitur
1817 3883 1870 3950 hic
1899 3884 2102 3968 praedictum
2133 3897 2181 3953 eet

191 3964 231 4028 de
253 3986 317 4029 uno
339 3975 467 4030 tantum
490 3974 546 4029 aut
568 3965 670 4029 altero
693 3966 824 4030 homine
849 3967 1008 4048 loquitur,
1038 3965 1095 4031 sed
1117 3966 1157 4031 de
1209 3962 1293 4046 quod
1325 3984 1392 4028 non
1425 3963 1592 4030 evidenter
1630 3979 1794 4051 appareat.
1850 3970 2003 4037 Miraculi
2042 3972 2181 4058 gloriam

192 4058 259 4114 tota
281 4050 423 4127 ecclesia,
453 4071 550 4132 quam
573 4051 702 4115 mulieri
722 4061 905 4133 comparat:
935 4059 1033 4133 atque
1054 4071 1092 4117 ee
1113 4052 1158 4117 si·
1209 4049 1355 4114 illustrat
1383 4049 1613 4116 similitudine:
1646 4053 1737 4117 nulla
1765 4076 1845 4137 gens
1875 4065 1925 4121 est
1954 4076 2038 4139 quae
2068 4060 2181 4126 statim

191 4135 375 4201 militudine
397 4137 461 4200 iam
483 4135 653 4218 aliquoties
674 4157 753 4202 usus
775 4145 833 4201 est.
878 4137 951 4203 Ηοο
980 4138 1067 4202 enim
1091 4139 1158 4221 agit
1209 4135 1244 4200 in
1278 4133 1400 4200 mundo
1433 4136 1606 4202 exstiterit.
1662 4139 1746 4205 Nam
1779 4141 1937 4223 paulatim
1976 4146 2181 4210 conveniunt

189 4220 394 4303 potissimum
417 4222 508 4286 Deus
532 4234 567 4285 ut
589 4242 648 4285 nos
674 4221 708 4285 in
741 4242 841 4286 unum
870 4241 985 4304 corpus
1015 4223 1157 4308 colliget,
1210 4220 1358 4286 homiues
1380 4228 1414 4286 et
1436 4242 1572 4286 numero
1594 4236 1764 4307 augentur,
1787 4234 1822 4290 et
1843 4237 1974 4311 gentem
1988 4248 2085 4296 suam
2107 4252 2180 4316 pro·

191 4308 226 4371 in
260 4328 323 4389 quo
353 4305 529 4371 habeamus
559 4307 779 4372 testimonium
809 4307 991 4389 adoptionis
1018 4319 1158 4392 nostrae,
1210 4320 1340 4390 pagant.
1385 4306 1550 4371 Ecclesiae
1573 4329 1650 4375 vero
1672 4309 1769 4394 louge
1792 4311 1857 4376 alia
1885 4313 1967 4378 ratic
1994 4328 2066 4393 eat,
2096 4336 2180 4399 quae

192 4413 329 4475 eumque
352 4411 567 4476 agnoscamus
589 4402 724 4475 patrem,
747 4406 844 4474 atque
864 4394 898 4457 in
921 4394 1073 4459 ecclesiae
1102 4416 1157 4459 ve·
1210 4392 1319 4458 statim
1343 4412 1407 4456 non
1429 4412 1493 4456 uno
1514 4402 1641 4459 tantum
1663 4397 1698 4460 in
1721 4396 1790 4462 loco
1811 4398 1979 4481 ingentem
1996 4401 2180 4467 multitudi-

192 4478 242 4542 lut
264 4478 377 4542 matris
399 4487 528 4541 nostrae
551 4488 643 4543 utero
665 4479 843 4543 foveamur.
888 4478 949 4544 llst
974 4480 1076 4560 igitur
1103 4479 1157 4545 ad·
1210 4498 1287 4542 uem
1309 4477 1403 4559 parit.
1437 4476 1575 4544 Summa
1597 4490 1655 4560 est,
1678 4481 1787 4548 Deum
1809 4483 2002 4551 mirabiliter
2015 4485 2181 4552 facturum

192 4563 324 4627 modum
347 4563 478 4646 propria
507 4563 586 4628 haec
614 4564 727 4629 matris
756 4563 943 4629 similitudo.
988 4564 1159 4647 Significat
1210 4573 1247 4628 ut
1276 4562 1409 4627 insolite
1437 4584 1528 4630 more
1556 4566 1720 4631 innumeri
1752 4568 1905 4634 ecclesiae
1933 4570 1994 4635 filii
2019 4571 2121 4637 simul
2150 4584 2182 4638 et

192 4652 239 4714 sic
260 4648 494 4713 restituendam
518 4670 587 4712 esse
609 4649 777 4715 ecelesiam
801 4657 839 4713 ut
862 4669 1015 4734 magnam
1043 4655 1077 4714 et
1105 4672 1159 4717 οο-
1210 4658 1344 4731 repente
1378 4658 1563 4716 nascantur.
1608 4652 1745 4719 Terram
1777 4674 1836 4737 pro
1870 4655 2013 4738 qualibet
2046 4657 2181 4743 regione

194 4735 316 4817 piceam
338 4734 482 4799 sobolem
505 4733 665 4814 obtineat,
699 4736 827 4800 tametsi
858 4732 899 4799 ad
926 4743 1054 4817 tempus
1081 4737 1159 4802 orba
1211 4735 1262 4799 vel
1285 4756 1344 4815 pro
1366 4733 1480 4800 ineolis
1502 4739 1646 4818 accipere
1669 4738 1752 4804 licet.

193 4820 376 4903 sterilisque
399 4818 573 4885 videretur.
606 4821 713 4902 Atque
735 4841 806 4884 earn
830 4821 947 4902 repetit
962 4823 1157 4887 sententiam
1295 4820 1325 4885 9.
1356 4818 1423 4902 (An
1445 4819 1520 4905 epo.)
1570 4821 1854 4902 Quemadmodum
1884 4828 2052 4910 superiore
2082 4850 2181 4895 versu

192 4926 255 4989 qua
277 4907 341 4970 iam
363 4905 533 4988 aliquoties
556 4926 634 4971 usus
655 4915 713 4970 est.
759 4905 824 4972 Sed
848 4906 920 4987 plus
950 4907 1079 4989 quidem
1101 4929 1158 4972 ex·
1209 4927 1290 4989 opus
1313 4905 1377 4970 Dei
1399 4908 1570 5055 magnifice
1593 4909 1719 4987 extulit,
1742 4913 1788 4975 ita
1810 4933 1897 4977 nunc
1918 4912 2064 4979 ostendit
2078 4916 2182 4981 iucre-

193 4993 321 5075 primit:
344 5012 461 5074 nempe
484 4990 627 5055 subitum
650 5002 681 5057 et
703 4993 910 5074 inopinatum
932 4993 999 5057 iore
1015 4993 1076 5057 hoc
1095 4995 1157 5058 Dei
1210 4991 1308 5056 dibile
1331 4991 1391 5057 hoc
1414 4992 1448 5056 vi
1471 4994 1518 5057 eri
1541 5013 1605 5058 non
1630 4993 1757 5075 debere,
1780 5017 1838 5061 nee
1860 4999 2093 5082 ambigendum
2111 5022 2182 5068 esse

193 5099 283 5160 opus.
328 5078 473 5144 Revocat
500 5077 585 5142 enim
617 5078 687 5160 pios
715 5100 735 5142 a
763 5098 860 5141 sensu
891 5079 1014 5154 carnis,
1047 5099 1088 5142 ne
1116 5099 1158 5144 ex
1210 5079 1250 5142 de
1271 5079 1341 5142 eius
1364 5078 1517 5160 potentia,
1540 5100 1623 5161 quae
1645 5100 1773 5147 omnem
1797 5092 1931 5149 naturae
1953 5084 2106 5152 ordinem
2128 5108 2183 5152 su·

191 5183 252 5227 suo
272 5163 391 5228 iudicio
413 5164 652 5228 restitutionem
675 5162 827 5228 ecclesiae
857 5165 1038 5228 aestiment.
1085 5166 1156 5230 Mu·
1210 5169 1318 5246 perat:
1343 5182 1418 5227 nam
1441 5164 1469 5227 si
1492 5162 1733 5231 consideramus
1755 5169 1828 5250 quis
1850 5169 2010 5252 loquatur,
2034 5180 2070 5237 et
2085 5194 2183 5256 quam

194 5247 290 5314 lieres
311 5259 430 5332 gerunt
452 5258 581 5314 uterum
605 5270 661 5332 per
684 5249 793 5314 decem
809 5268 948 5329 menses,
970 5271 1006 5315 ac
1025 5250 1155 5315 tandem
1210 5248 1303 5315 facile
1324 5249 1367 5314 sit
1389 5250 1418 5315 ei
1441 5261 1608 5333 praestare
1630 5271 1714 5334 quae
1736 5254 1895 5337 promisit,
1918 5253 2005 5321 haud
2027 5258 2079 5324 ita
2097 5260 2184 5327 anci-
