4784 5970
2065 362 2130 427 634

136 363 199 431 633
868 364 918 432 IN
939 364 1190 431 IEREMIAM.
1235 363 1334 432 cAP.
1357 364 1398 429 V.

137 553 199 618 rali
235 566 346 619 manet
386 552 468 618 haec
507 554 726 638 perpetuitas,
766 552 805 618 de
845 575 910 637 qua
948 552 1109 637 propheta
1159 574 1237 637 ergo
1260 554 1340 619 haec
1362 552 1472 618 omnia
1494 562 1640 634 spectare
1663 551 1697 615 in
1719 549 1860 616 eundem
1882 550 2001 628 finem,
2029 571 2129 634 popu-

135 639 289 722 loquitur.
334 639 419 704 Nam
442 641 591 722 quamvis
613 639 737 704 multae
766 640 944 722 quotannis
966 649 1107 722 tempos·
1159 639 1226 703 lum
1249 639 1373 706 scilicet
1395 656 1462 704 non
1484 639 1596 703 minus
1618 635 1783 703 socordem
1807 635 1859 701 vel
1875 637 2043 719 stupidum
2057 656 2129 702 esse

136 734 219 791 tates
250 731 448 808 exsurgant,
482 736 592 790 tamen
623 725 765 792 concidit
800 725 910 791 fervor
940 725 1012 809 ille,
1046 745 1108 790 nea
1158 745 1254 808 quam
1277 727 1344 790 sint
1366 730 1496 789 mortua
1525 723 1701 804 elementa,
1735 723 1800 787 imo
1829 721 1904 805 plus
1934 723 1966 786 in
1997 720 2128 787 illorum

136 810 232 876 aliter
255 831 353 893 quam
374 809 439 876 Dei
467 821 648 894 praecepto.
692 810 766 875 Hoc
795 830 873 895 ergo
901 832 1019 876 verum
1047 815 1106 889 est,
1157 810 1307 877 cordibus
1336 832 1406 876 esse
1435 811 1579 894 stuporis
1609 821 1641 874 et
1670 807 1811 874 furiosae
1840 807 2003 874 amentiae
2031 827 2128 891 quam

135 899 351 979 praescriptas
382 897 480 962 tuisse
510 908 615 962 metas
643 898 742 973 mari,
781 917 860 979 quas
889 898 1007 961 fluctus
1037 897 1107 960 eius
1157 897 1257 961 sitin
1280 899 1431 962 omnibus
1453 896 1620 962 creaturis.
1664 895 1783 960 Dicere
1805 894 1839 958 in
1868 893 1965 960 eorde
1994 902 2129 958 tantun·

135 981 318 1066 transgredi
342 992 516 1064 nequeunt.
560 983 604 1047 Ει
626 984 698 1048 ideo
720 982 797 1048 dicit
821 981 988 1048 Moaebuat
1008 1001 1048 1059 aa,
1079 986 1107 1048 et
1158 981 1231 1046 dem
1262 982 1348 1047 valet
1378 982 1463 1065 apud
1484 981 1652 1048 Hebraeos
1681 990 1780 1063 atque
1809 990 1960 1063 reputare
1989 978 2042 1044 rel
2070 1001 2128 1044 ex·

134 1087 195 1133 aaa
211 1067 434 1150 praevalebant
451 1069 566 1148 fluetus
583 1069 666 1134 eiua:
687 1066 812 1146 deinde,
833 1068 1027 1146 resonabunt,
1050 1077 1107 1131 aut
1157 1068 1299 1150 pendere
1321 1089 1441 1135 secum.
1468 1068 1606 1165 ⁴Latine
1628 1066 1800 1133 dicendum
1822 1073 1916 1145 esset,
1939 1064 2014 1129 Non
2036 1066 2129 1129 venit

134 1155 430 1233 tumultuabuntur,
452 1147 480 1218 et
493 1174 555 1219 uou
564 1158 711 1235 poteraut
724 1153 909 1237 transgredi.
944 1155 1106 1218 Tenemus
1157 1153 1223 1218 illis
1246 1157 1280 1219 in
1310 1162 1471 1220 mentam:
1505 1151 1567 1220 hcc
1594 1166 1660 1230 est,
1694 1153 1816 1218 adeone
1844 1151 1979 1216 inerunt
2006 1151 2127 1233 privati

134 1260 222 1305 nunc
243 1259 403 1304 summam
426 1239 523 1306 huius
546 1261 676 1306 versus:
699 1240 912 1322 conqueritur
927 1239 1019 1306 Deus
1034 1248 1105 1303 tan·
1156 1242 1322 1305 communi
1344 1262 1452 1316 seusu,
1476 1251 1513 1304 ut
1534 1239 1648 1305 saltem
1672 1260 1736 1304 non
1757 1237 1883 1303 venerit
1897 1236 1963 1301 illis
1978 1237 2012 1301 in
2034 1257 2127 1301 men·

134 1337 205 1389 tum
229 1346 300 1391 esse
322 1326 484 1391 amentiae
507 1335 539 1389 ct
561 1325 704 1408 stuporis
725 1325 759 1388 in
782 1324 910 1408 populo,
934 1335 973 1388 ut
989 1323 1106 1390 saltem
1157 1335 1240 1403 tem,
1275 1347 1378 1408 neque
1406 1327 1602 1391 succurrerit
1635 1325 1715 1390 haec
1744 1324 1911 1407 cogitatio,
1948 1323 2129 1388 Timeamus

134 1432 198 1476 uon
223 1412 419 1493 respondeat
441 1411 642 1477 obedientiae
664 1412 780 1494 maris,
814 1421 847 1476 et
876 1410 1006 1492 quidem
1036 1419 1106 1474 tur·
1156 1410 1354 1477 Dominum?
1399 1412 1444 1476 Et
1466 1412 1519 1477 hia
1542 1411 1628 1475 tollit
1650 1430 1779 1475 omnem
1802 1409 2007 1493 ignorantiae
2038 1429 2127 1490 prae-

133 1495 275 1561 bulenti:
298 1496 370 1561 ideo
391 1496 446 1563 hio
467 1496 608 1563 traducit
629 1497 777 1578 Iudaeos,
800 1517 837 1563 ao
860 1497 889 1562 si
910 1508 1019 1561 essent
1035 1517 1106 1579 pcr-
1156 1505 1303 1576 textum,
1332 1519 1375 1562 ne
1397 1497 1519 1562 scilicet
1543 1497 1723 1579 excipiant,
1753 1497 1813 1560 hcc
1836 1494 1957 1560 iactum
1981 1515 2051 1559 esse
2073 1495 2126 1559 vel

133 1591 241 1663 tenta,
277 1583 352 1665 quia
375 1582 456 1647 nihil
478 1585 583 1666 magis
609 1588 747 1648 naturae
777 1584 975 1649 contrarium
1006 1601 1104 1665 quam
1157 1602 1266 1647 errore
1288 1583 1340 1648 vel
1364 1583 1501 1665 inscitia,
1530 1582 1614 1665 quod
1637 1581 1745 1646 Deum
1770 1602 1833 1645 non
1856 1579 2032 1645 coluerint:
2065 1581 2127 1644 At·

131 1668 207 1750 plns
229 1689 300 1734 esee
322 1668 560 1751 intelligentiae
582 1670 616 1734 in
638 1672 719 1734 mari
743 1679 977 1751 tempestuoso,
1005 1689 1104 1751 quam
1156 1669 1222 1751 qui,
1246 1670 1363 1751 inquit,
1387 1679 1481 1733 erant
1503 1670 1595 1734 vobis
1619 1666 1712 1744 oculi,
1743 1676 1838 1730 erant
1861 1666 1953 1730 vobis
1977 1686 2072 1731 aures
2095 1678 2128 1731 et

132 1756 165 1817 in
190 1753 338 1833 homine,
373 1756 429 1837 qui
452 1767 580 1819 creatus
609 1764 660 1820 est
689 1754 730 1818 ad
759 1754 936 1838 imaginem
958 1752 1038 1830 Dei,
1072 1765 1105 1819 et
1154 1775 1272 1820 sensus
1305 1754 1362 1819 alii
1395 1755 1556 1837 corporei:
1594 1753 1687 1818 Deus
1721 1752 1812 1816 dedit
1852 1752 1944 1816 vobis
1982 1751 2127 1834 pluvias:

131 1839 298 1921 praeditus
321 1851 369 1905 εει
391 1840 500 1923 aliquo
522 1861 630 1906 sensu.
677 1840 797 1905 Postea
817 1841 976 1924 adiungit,

216 2011 268 2077 23.
300 2011 400 2093 Atqui
416 2011 534 2093 populo
554 2011 627 2076 buia
646 2012 710 2093 fait
730 2032 781 2078 eor
796 2030 979 2092 perversum
1009 2016 1036 2075 at
1056 2032 1102 2076 re·

130 2095 218 2161 asae:
240 2097 425 2175 defleamaat
446 2101 473 2161 et
492 2096 643 2162 obierum.

215 2267 280 2334 Hie
302 2268 483 2350 completur
504 2269 682 2348 sententia,
712 2269 864 2351 quoniam
894 2267 1000 2333 adhue
1023 2290 1101 2351 pen·

130 2353 226 2418 debat
252 2355 286 2417 in
316 2354 374 2418 illa
403 2353 676 2436 interrogatione,
709 2375 807 2436 quam
839 2353 989 2419 vidimus.
1035 2353 1101 2420 Sed

130 2460 218 2505 nuno
240 2439 333 2505 Deus
365 2438 485 2506 alarius
518 2439 719 2505 demonstrat
747 2460 903 2522 quorsum
929 2439 1103 2522 protulerit

129 2525 214 2608 quod
249 2525 333 2589 dixit
365 2525 405 2589 de
437 2525 537 2589 mari:
576 2536 608 2590 et
641 2524 848 2590 adversative
879 2527 1006 2608 eapitur
1039 2526 1100 2591 hoc

128 2609 226 2677 locat
249 2610 375 2693 copula,
397 2611 506 2692 itaqua
531 2611 612 2675 verti
635 2611 724 2691 etqui
739 2611 858 2693 papula
879 2611 952 2677 kaie
966 2632 1017 2676 cor
1037 2613 1100 2694 fuit

122 2716 315 2777 perversum.
368 2696 454 2760 Nam
483 2709 563 2762 Ἤιῠ
592 2697 756 2779 significat
784 2717 982 2779 perversum.
1032 2696 1099 2762 Alii

127 2793 264 2847 vertunt
287 2780 461 2858 declinans,
488 2780 573 2862 qnod
595 2781 746 2864 frigidius
768 2791 834 2846 est:
868 2792 901 2846 et
923 2805 964 2847 ex
986 2783 1099 2848 multis

127 2867 207 2934 locis
230 2878 318 2950 patet
340 2867 414 2950 plus
432 2867 587 2948 quiddam
606 2887 677 2932 esse
695 2880 775 2933 tito
797 2888 895 2949 quam
915 2867 1098 2935 declinans:

128 2953 273 3019 adhaec
297 2953 414 3018 melius
444 2953 584 3034 quadrat
615 2953 722 3018 versio
751 2955 813 3017 ista
841 2956 1007 3018 contextui
1035 2956 1101 3037 suit

121 3039 239 3121 popula
260 3039 333 3104 daia
354 3059 405 3105 cor
420 3058 614 3119 perversum,
638 3037 764 3117 deinde,
786 3038 901 3122 rebelle,
933 3039 984 3104 vel
1006 3040 1100 3105 indo·

126 3128 253 3189 mitum.
309 3125 384 3192 Non
419 3124 554 3188 dubium
586 3131 637 3188 est
670 3125 749 3207 quin
789 3137 955 3208 comparat
988 3125 1100 3209 populi

127 3212 379 3288 contumaciam,
413 3209 463 3275 vel
486 3220 629 3293 opponat
658 3210 814 3294 obsequio
844 3211 957 3277 maris:
992 3223 1025 3276 et
1053 3212 1100 3276 ita

126 3295 317 3379 simpliciter
339 3297 447 3374 dccet,
481 3296 556 3380 plus
577 3317 648 3362 esse
670 3295 806 3376 luroris,
840 3307 872 3360 et
898 3298 1041 3380 stuporis
1062 3298 1097 3362 in

126 3381 247 3464 populo
269 3380 347 3460 hoa,
382 3403 477 3466 quam
505 3382 548 3446 sit
577 3380 610 3445 in
642 3382 726 3446 mari
759 3382 945 3466 procelloso.
990 3383 1035 3447 Et
1056 3382 1097 3447 ab

125 3467 242 3533 effectu
266 3467 382 3551 probat
410 3489 466 3534 cor
495 3468 606 3551 populi
636 3489 707 3534 esse
736 3489 945 3550 perversum,
980 3489 1097 3552 nempe

124 3554 272 3634 quoniam
294 3554 531 3637 declinaverint,
561 3559 590 3619 et
610 3554 753 3619 abierim.
800 3552 837 3619 Si
867 3552 1003 3619 dixisset
1032 3576 1097 3619 uno

125 3639 226 3704 verbo
248 3641 334 3720 ipsos
356 3639 544 3719 declinasse,
566 3661 631 3705 non
650 3652 720 3703 erat
740 3639 837 3721 plena
852 3639 1015 3722 probatio:
1038 3640 1096 3705 sed

125 3723 267 3788 abeundi
290 3726 388 3790 verbo
404 3725 557 3809 intelligit
572 3724 840 3790 obstinationem:
864 3725 959 3807 quasi
974 3726 1096 3792 diceret

124 3808 226 3873 fuisse
248 3810 379 3874 illorum
402 3812 597 3893 pravitatem
628 3811 836 3894 continuam,
867 3812 962 3876 sicuti
990 3812 1095 3876 morbi

124 3894 321 3961 incurabiles
354 3897 454 3961 nullis
487 3895 638 3960 remediis
670 3904 839 3961 sanantur.
888 3896 1097 3963 Decliucmut

124 4001 202 4064 ergo
224 3982 427 4057 stobaeum,
449 3980 510 4047 hcc
531 3991 589 4059 est,
611 4002 679 4045 non
703 3983 796 4064 patui
815 3984 900 4065 ipsos
916 3982 1094 4048 retrahere.

121 4066 214 4131 Deus
237 4068 324 4132 enim
357 4087 453 4150 saepe
482 4075 668 4132 tentaverat
696 4087 754 4149 per
783 4088 896 4135 servos
925 4087 1018 4145 suos,
1051 4091 1093 4135 an

122 4165 254 4235 possent
281 4153 392 4218 reduci
421 4154 462 4218 ad
496 4153 614 4217 bonam
647 4154 791 4236 frugem:
824 4155 881 4219 sed
915 4154 1020 4238 magis
1056 4176 1094 4221 ao

122 4240 284 4321 mugisse
307 4238 431 4304 detexit
464 4258 501 4303 ac
523 4237 666 4320 prodidit
693 4238 822 4320 perdita
848 4261 960 4305 eornm
994 4240 1093 4306 obsti·

123 4327 226 4402 natio,
265 4325 420 4405 anaa‘am
441 4325 599 4401 abierant,
631 4324 678 4388 ita
711 4336 749 4389 ut
782 4326 893 4391 nullus
914 4327 1012 4391 luerit
1044 4349 1093 4392 re·

121 4423 252 4492 spectus
273 4410 501 4492 poenitentiae.
547 4407 713 4490 Sequitur,

207 4581 258 4644 24.
292 4579 335 4645 Et
361 4603 422 4647 aaa
450 4583 597 4648 diacraut
624 4581 660 4645 a'u
685 4583 775 4647 corde
790 4538 892 4681 ¹saec,¹
912 4583 1092 4683 Timeamus

121 4667 253 4766 apetiam
276 4667 423 4765 Istorum
443 4667 548 4733 Deum
569 4671 718 4765 aestuum,
741 4688 797 4748 qua
809 4670 873 4767 ,ἀει
887 4670 1043 4755 plumam,
1065 4676 1093 4736 et

120 4752 250 4851 ammam
282 4757 468 4852 maturatum
501 4758 529 4817 et
561 4757 732 4818 acuminum
771 4751 927 4839 (diximus
966 4756 1006 4820 ds
1039 4756 1092 4821 his

119 4840 232 4990 tata
253 4838 644 5009 <saltuum
657 4838 905 4991 adsuta.
924 4847 1093 4925 mmm

207 5096 271 5161 Hic
305 5094 377 5161 aliis
410 5096 519 5161 verbis
552 5098 711 5180 propheta
752 5097 918 5162 convincit
951 5097 1090 5164 Iudaeos

1155 1840 1264 1904 nullus
1298 1841 1361 1904 tuit
1395 1861 1503 1905 annus
1535 1862 1598 1923 qno
1631 1848 1720 1904 terra
1752 1860 1815 1903 non
1849 1838 2001 1922 gigneret
2032 1836 2127 1902 robis

1154 1947 1232 1991 suos
1253 1935 1450 2008 proventus:
1474 1929 1598 2008 quoties
1620 1946 1738 2008 panem
1761 1924 1939 2002 comeditis,
1963 1943 2072 1987 annon
2091 1943 2127 1987 se

1153 2012 1249 2077 offert
1272 2012 1363 2078 vobis
1385 2011 1448 2076 Dei
1472 2010 1673 2076 liberalitas?
1720 2011 1763 2073 Et
1785 2012 1911 2074 interea
1933 2028 1999 2072 non
2029 2029 2125 2088 repu-

1154 2099 1231 2163 tatis
1253 2098 1360 2179 ipsum
1384 2118 1454 2162 esse
1476 2096 1656 2164 colondum.
1690 2095 1849 2160 Videmus
1872 2116 1949 2178 ergo
1972 2102 2009 2158 ut
2031 2094 2126 2157 tollat

1153 2204 1283 2248 omnem
1306 2184 1552 2249 excusationem
1575 2203 1686 2248 eorum
1710 2180 1936 2265 ingratitudini
1957 2200 2056 2261 quum
2080 2179 2127 2242 di-

1153 2271 1197 2332 cit
1219 2290 1274 2335 eos
1303 2291 1368 2334 non
1400 2270 1499 2335 luisse
1527 2278 1669 2335 attentos
1697 2266 1737 2331 ad
1768 2287 1807 2331 ea
1835 2265 2009 2344 beneficia,
2043 2284 2124 2347 quae

1154 2361 1263 2420 tamen
1286 2355 1389 2422 oeulis
1415 2355 1592 2421 cernebant
1621 2363 1653 2420 et
1682 2352 1861 2437 palpabant
1890 2349 2057 2427 manibus,
2092 2359 2125 2415 et

1152 2443 1395 2507 contrectabant
1428 2441 1565 2523 singulis
1597 2440 1740 2523 corporis
1771 2440 1821 2503 sui
1855 2436 2011 2521 partibus.
2057 2434 2124 2502 Sed

1152 2526 1213 2592 hae
1236 2526 1276 2591 de
1298 2548 1333 2591 re
1355 2547 1427 2592 oras
1449 2526 1555 2593 adhuc
1578 2525 1752 2593 dicendum
1775 2526 1846 2590 orit.

1237 2698 1320 2762 Heri
1345 2703 1526 2763 monstrata
1554 2696 1617 2762 init
1645 2717 1758 2761 eorum
1787 2695 1949 2773 socordia,
1980 2694 2035 2776 qui
2058 2693 2123 2758 Dei

1152 2783 1316 2849 beneficiis
1340 2786 1403 2848 nori
1427 2792 1600 2848 moventur
1623 2782 1662 2847 ad
1686 2783 1791 2863 ipsum
1814 2781 1998 2846 nolendum.
2042 2780 2123 2844 Pro-

1151 2869 1251 2952 pheta
1273 2868 1402 2952 quidem
1427 2868 1582 2951 produxit
1603 2869 1637 2931 in
1661 2866 1805 2932 medium
1828 2864 1913 2950 quod
1938 2865 2122 2948 promiscue

1152 2953 1345 3021 beneficium
1369 2955 1481 3038 largiri
1503 2955 1586 3021 solet
1601 2953 1692 3020 Deus
1716 2954 1807 3018 bonis
1830 2961 1864 3017 et
1878 2951 1982 3030 malis,
2007 2970 2123 3034 nempe

1150 3038 1235 3122 quod
1265 3040 1320 3106 det
1348 3040 1476 3123 pluvias
1506 3052 1538 3106 et
1566 3062 1644 3105 vere
1672 3048 1705 3105 et
1738 3050 1909 3104 autumno:
1944 3049 2041 3120 atque
2074 3039 2122 3103 ita

1151 3133 1310 3209 temperet
1333 3147 1446 3193 omnes
1468 3127 1546 3191 anni
1569 3136 1677 3209 partes
1699 3134 1737 3190 ut
1758 3125 1889 3189 tandem
1919 3124 2029 3208 fruges
2053 3145 2123 3187 ma·

1150 3218 1328 3277 turesaant.
1365 3212 1451 3277 Nam
1474 3233 1531 3294 per
1552 3211 1758 3277 hebdomadas
1779 3215 1910 3277 amatas
1932 3209 2122 3293 simpliciter

1149 3296 1316 3382 intelligit,
1339 3297 1447 3363 Deum
1470 3299 1516 3362 ita
1539 3297 1710 3381 disponere
1732 3298 1879 3380 singulas
1901 3296 1980 3359 anui
2002 3306 2122 3378 partes,

1150 3395 1186 3448 ut
1208 3384 1364 3467 quidquid
1388 3384 1552 3449 seminant
1574 3384 1723 3449 homines
1746 3382 1786 3445 ad
1808 3381 2029 3446 maturitatem
2046 3401 2121 3463 per·

1151 3471 1270 3534 veniat.
1315 3471 1359 3533 Et
1381 3469 1446 3534 huc
1468 3470 1566 3533 etiam
1590 3469 1733 3552 pertinet
1750 3468 1890 3532 ¹verbum
1920 3466 2119 3531 custodiendi.

1149 3554 1233 3619 Nam
1257 3554 1392 3637 perinde
1416 3564 1464 3620 est
1488 3574 1524 3619 ac
1546 3556 1574 3620 si
1602 3556 1723 3619 diceret
1752 3554 1799 3618 sie
1828 3553 1947 3616 mutari
1977 3563 2120 3634 tempora
2217 3628 2220 3634 Ι

1148 3640 1287 3725 singulis
1309 3642 1419 3718 annis,
1445 3649 1481 3704 ut
1504 3644 1614 3705 tamen
1641 3639 1797 3705 continua
1818 3639 1919 3703 serias
1942 3636 2119 3702 ordinatim

1147 3724 1308 3809 procedat.
1353 3726 1449 3791 Nunc
1472 3746 1550 3810 ergo
1580 3737 1729 3790 tenemus
1758 3725 1936 3808 prophetae
1963 3734 2117 3787 montom.

1149 3812 1233 3876 Nam
1259 3809 1398 3877 Iudaeos
1427 3811 1570 3877 ostendit
1602 3812 1701 3878 nimis
1734 3811 1832 3875 luisse
1865 3807 2029 3888 socordes,
2062 3808 2118 3890 qui

1147 3918 1213 3961 non
1236 3897 1451 3981 expenderint
1474 3899 1507 3961 in
1531 3896 1720 3980 quotidiano
1743 3898 1830 3962 victu
1852 3904 2026 3979 paternum
2056 3895 2118 3959 Dei

1146 3984 1299 4063 favorem,
1332 3993 1370 4048 ut
1393 3982 1454 4047 hoc
1477 3983 1609 4049 stimulo
1631 3984 1848 4050 incitarentur
1870 3979 1910 4045 ad
1933 3981 2040 4063 ipsum
2063 4002 2117 4046 co·

1146 4067 1288 4134 lendum.
1334 4069 1458 4135 Paulus
1479 4068 1577 4134 etiam
1600 4069 1676 4134 dum
1700 4067 1910 4133 concionatur
1932 4065 2018 4148 apud
2039 4085 2117 4150 gen-

1146 4166 1195 4219 tes
1218 4155 1371 4239 profanas
1393 4154 1479 4221 hanc
1502 4156 1659 4220 rationem
1682 4156 1843 4239 proponit.
1888 4154 1988 4231 Deus,
2010 4152 2118 4234 inquit

1146 4239 1233 4326 (Aet.
1257 4242 1307 4318 14,
1332 4240 1394 4327 17),
1418 4262 1585 4323 nunquam
1608 4262 1643 4305 se
1666 4241 1798 4323 reliquit
1821 4239 2012 4324 ἀμάρτυρον,
2043 4237 2115 4301 abs-

1146 4348 1210 4409 que
1232 4329 1433 4409 testimonio,
1461 4327 1538 4409 quia
1561 4326 1650 4390 dedit
1672 4326 1800 4409 pluvias
1823 4339 1856 4391 et
1878 4336 2007 4407 tempus
2029 4343 2115 4388 sere·

1147 4434 1239 4477 num:
1274 4413 1336 4478 hoc
1360 4418 1424 4490 ast,
1458 4416 1504 4477 ita
1534 4412 1700 4477 distribuit
1729 4421 1912 4494 temporum
1943 4411 2045 4486 vices,
2079 4418 2115 4472 ut

1145 4498 1289 4581 potuerit
1310 4499 1400 4580 quasi
1423 4499 1457 4563 in
1486 4498 1616 4581 speculo
1645 4498 1734 4562 cerni
1764 4507 1900 4580 paterna
1930 4497 1999 4560 eius
2027 4513 2113 4571 cura,

1145 4604 1211 4665 qua
1243 4584 1450 4667 prosequitur
1483 4585 1664 4649 humanum
1697 4604 1812 4667 genus.
1858 4581 1922 4647 Sed
1957 4579 2115 4663 propheta

1145 4669 1249 4734 voluit
1283 4670 1335 4735 hie
1368 4690 1544 4754 coarguere
1575 4670 1713 4735 Iudaeos
1746 4665 2007 4754 ingratitudinis,
2039 4665 2114 4748 quia

1145 4777 1210 4819 non
1246 4765 1435 4840 reputarent
1464 4777 1561 4838 quam
1595 4756 1773 4823 liberaliter
1805 4755 1894 4818 Deus
1927 4772 2001 4817 cum
2035 4752 2113 4832 ipsis

1144 4863 1273 4923 semper
1294 4842 1423 4926 egisset,
1446 4850 1575 4924 praeter
1597 4842 1797 4907 ordinarium
1821 4838 1962 4903 modum.
2000 4835 2114 4918 Neque

1144 4928 1232 4992 enim
1266 4936 1395 4992 tantum
1429 4927 1594 4993 communi
1632 4949 1723 4993 more
1755 4927 1826 4990 illos
1860 4924 1900 4989 ad
1934 4943 1969 4988 se
2001 4921 2114 4985 allexit

1144 5013 1324 5094 beneficiis,
1358 5014 1414 5079 sed
1438 5013 1545 5078 voluit
1566 5014 1664 5078 etiam
1688 5014 1771 5078 raris
1794 5024 1826 5077 et
1849 5009 1987 5076 insolitis
2009 5005 2113 5072 modis

1143 5100 1231 5181 ipsos
1242 5101 1303 5165 sibi
1326 5099 1484 5164 addicere.
1518 5099 1627 5180 Quum
1651 5122 1728 5184 ergo
1752 5096 1883 5180 speciali
1899 5095 2005 5179 gratia
2027 5095 2113 5175 ipsos

119 5183 328 5263 pervicaciae.
374 5181 466 5246 Dicit
489 5202 554 5246 non
577 5186 707 5249 venisse
729 5181 795 5246 illis
821 5183 856 5246 in
887 5193 1026 5248 mentem
1055 5195 1091 5249 ut
1145 5191 1362 5269 prosequutus
1384 5195 1480 5269 esset,
1503 5207 1540 5252 eo
1562 5185 1686 5252 foedior
1708 5183 1912 5268 ingratitudo
1934 5181 2004 5262 init,
2027 5181 2111 5263 qnod

120 5267 208 5349 apud
231 5290 265 5333 se
288 5269 468 5354 cogitarent
490 5266 669 5333 timendum
689 5290 759 5334 esse
781 5269 896 5334 Deum.
931 5268 1091 5338 Videmus
1143 5295 1211 5339 non
1233 5281 1428 5355 reputarunt
1455 5291 1563 5337 sctum
1592 5280 1754 5354 quotquot
1776 5270 1867 5335 Deus
1890 5269 2044 5335 beneficia
2075 5265 2111 5329 in
2212 5279 2216 5287 “
