4784 5970
200 359 267 426 513
938 360 988 428 IN
1010 359 1262 429 Interamnia.
1300 360 1399 430 unP.
1422 360 1469 428 11.
2138 362 2205 428 514

204 546 278 613 Deo
300 566 376 628 suo,
409 555 443 612 et
468 545 613 613 siuissim
641 546 740 613 etism
771 547 843 614 eius
873 547 996 614 auxilio
1030 549 1177 632 privatus
1230 548 1367 616 lelioitar
1389 547 1508 632 agebas
1533 548 1593 615 sub
1624 568 1697 614 mea
1726 545 1981 632 gubernatione:
2015 558 2048 614 ιι
2077 549 2204 617 interes

204 636 317 699 tuerat
363 631 524 716 Adiungit
551 653 612 716 per
640 632 945 716 amplifioationem,
977 633 1087 700 unm
1114 633 1178 717 filii
1229 655 1289 720 ego
1311 643 1343 700 te
1366 634 1509 701 rotinere
1530 654 1604 700 mea
1629 633 1772 701 bonitate
1802 652 1866 699 nou
1939 634 1988 700 tui
2038 655 2139 718 quum
2170 644 2202 701 te

206 717 316 801 Nopb,
343 723 372 784 et
395 716 582 799 lbopbones
601 718 747 802 fraapoat
765 717 824 785 tibi
843 724 945 801 eaput.
989 720 1107 786 Postea
1128 721 1177 786 vi·
1229 721 1375 785 suaviter
1396 719 1550 798 foverem,
1573 739 1674 802 quum
1697 718 1838 786 sentires
1861 718 1895 785 ni
1922 719 1944 784 'l
1967 683 2027 785 tili
2045 741 2116 788 esse
2134 741 2204 787 me·

204 803 355 871 debimus
387 801 556 870 israelitas
588 804 701 871 solitos
732 805 833 871 fuisse
866 818 977 888 petere
1009 825 1103 888 opem
1136 804 1176 871 ab
1228 805 1292 871 line
1315 824 1412 887 qnam
1435 804 1475 871 de
1518 827 1553 871 re
1571 804 1633 871 sub
1651 826 1723 871 meo
1741 803 1917 887 praesidio:
1941 804 2075 872 voluisti
2093 815 2202 873 tamen

204 888 393 974 Aegyptiis:
426 898 539 972 posset
569 888 674 974 igitur
705 889 865 973 partionla
893 900 932 958 ιιι
965 892 1013 956 ita
1044 890 1176 974 exponi,
1230 889 1371 956 transire
1392 889 1433 955 nd
1461 826 1557 956 illle.
1602 890 1699 956 Nuuo
1728 909 1812 974 quse
1841 889 1901 956 tibi
1931 891 2116 972 exeusatio,
2149 891 2203 958 vel

205 996 271 1041 non
293 973 397 1040 solum
420 975 477 1056 qui
500 974 658 1041 haetenus
674 974 732 1040 tibi
747 975 883 1041 fuerunt
900 975 1038 1058 professi
1056 975 1177 1056 hostes,
1228 977 1377 1058 quisnam
1400 982 1592 1059 praetextus
1619 973 1789 1059 superest?
1833 975 1924 1060 Ergo
1953 975 2104 1042 videmus
2133 998 2203 1044 am·

202 1059 261 1126 sed
283 1061 382 1125 etiam
404 1059 493 1138 sooii,
514 1080 654 1142 quornm
674 1060 789 1144 opibus
809 1059 940 1143 lidebes,
962 1060 1026 1145 ipsi
1041 1081 1176 1128 oonver·
1229 1059 1365 1160 plilionri
1386 1061 1498 1144 populi
1530 1063 1672 1138 orimen,
1705 1080 1744 1126 eo
1778 1060 1862 1142 quod
1897 1059 1989 1126 nulla
2022 1063 2204 1129 tentatione

205 1153 277 1211 tent
299 1144 334 1210 iu
356 1153 390 1209 te
412 1145 499 1210 vires
520 1165 614 1227 suas,
644 1154 677 1210 et
698 1144 757 1211 tibi
779 1153 877 1243 oaput
905 1154 1088 1222 oonterent,
1119 1154 1176 1210 ιιι
1227 1147 1390 1228 impulsus
1412 1145 1526 1225 luerit,
1557 1155 1595 1211 ut
1617 1145 1771 1213 delineret
1791 1165 1811 1210 a
1834 1147 1904 1212 Deo
1927 1166 2002 1227 suo,
2033 1146 2090 1213 sed
2113 1167 2203 1214 mera

204 1231 370 1298 vertioem.
415 1228 560 1310 Quidem
581 1229 772 1296 existimant
793 1229 847 1296 hro
869 1231 983 1314 augeri
1008 1230 1175 1314 probrum,
1229 1231 1363 1330 perfidia
1385 1250 1421 1296 ee
1443 1231 1606 1298 addixerit
1628 1231 1732 1297 idolis.
1766 1230 1811 1295 Ilt
1833 1232 1982 1315 sequitur
1997 1233 2203 1299 confirmatio

202 1316 358 1400 qnoniam
381 1314 537 1398 Aegyptii
561 1323 656 1380 erent
677 1313 841 1381 imbelles:
865 1324 899 1381 et
922 1324 1052 1381 veteres
1075 1315 1177 1381 histo·
1228 1315 1317 1382 ιιιιιι
1339 1317 1532 1394 sententiae,

203 1403 263 1467 riui
292 1398 429 1466 tradunt
456 1399 523 1466 illio
552 1400 639 1466 viros
672 1401 856 1467 exerouisse
889 1409 977 1467 artes
1008 1401 1176 1467 inminens.

204 1486 271 1554 Sed
294 1486 447 1569 quoniam
471 1484 533 1550 hoo
554 1504 619 1550 non
634 1485 717 1551 solet
732 1485 861 1552 tradere
876 1487 1048 1570 seriptura,
1071 1506 1177 1569 neque
1316 1486 1366 1552 18.
1390 1486 1436 1552 Et
1455 1506 1537 1553 auno
1558 1487 1635 1570 quid
1655 1486 1712 1552 tibi
1733 1487 1776 1553 od
1794 1487 1881 1553 viam
1898 1487 2043 1571 Aegypti,
2065 1492 2099 1554 at
2115 1487 2204 1554 bibas

202 1573 238 1637 in
262 1592 337 1637 eum
360 1591 493 1637 sensum
511 1569 599 1653 loqui
616 1568 657 1635 de
674 1572 859 1655 Aegyptiis,
883 1573 968 1638 malo
983 1572 1076 1656 sequi
1092 1571 1176 1655 quod
1228 1591 1329 1653 aquae
1352 1572 1450 1638 Nat?
1484 1578 1512 1638 et
1535 1573 1614 1654 quid
1633 1572 1692 1638 tibi
1713 1574 1757 1639 osi
1784 1573 1869 1637 ιιιιι
1897 1571 2021 1653 Assar,
2053 1577 2088 1637 ut
2113 1571 2204 1640 bibas
2272 1651 2274 1655 ⁸

202 1657 490 1809 hildilid
503 1656 1176 1809 stetimpremittitur,“hl
1228 1677 1343 1738 ‘'W’'
1360 1655 1531 1738 '‘m‘'‘ff
1554 1658 1685 1743 (mm
1709 1657 1911 1743 ¹³⁰l¹¹¹⁰t³⁸l

202 1828 267 1893 iam
301 1828 409 1893 fuisse.
460 1827 526 1892 Per
554 1791 711 1893 vertioe'm
742 1827 875 1910 qnidam
902 1793 1093 1912 intelligunt
1121 1828 1177 1911 qui
1314 1827 1596 1909 Quemadmodum
1619 1849 1706 1895 nuno
1727 1827 1833 1913 attigi,
1855 1827 2027 1893 oonlirmat
2045 1826 2204 1910 propheta

202 1912 368 1996 praeeipui
388 1919 483 1978 erant
504 1913 538 1976 in
561 1911 682 1996 populo
704 1914 896 1980 israelitioo:
925 1913 983 1980 sed
1005 1934 1177 1997 possumus
1229 1911 1313 1996 qnod
1348 1913 1432 1992 dixi,
1466 1934 1582 1996 nempe
1616 1913 1770 1996 populum
1804 1933 1869 1978 non
1910 1933 2003 1995 posse
2042 1912 2202 1979 ooniioere

201 1999 300 2064 etiam
323 2017 496 2080 exponere,
519 1996 684 2081 Froapeat
703 1998 761 2065 tabi
782 2000 937 2080 uerticem,
967 1999 1019 2066 Ila
1045 2005 1177 2066 iarom-
1228 2018 1360 2065 oausam
1383 1999 1544 2064 malorum
1566 1998 1629 2063 alio
1647 1999 1800 2082 qnoniam
1822 1997 1884 2064 eibi
1902 1998 2067 2079 imputare
2086 1996 2202 2063 debeat

196 2089 295 2165 prom
315 2083 349 2148 la
370 2087 451 2163 ιειιι,
474 2093 512 2147 ιι
534 2082 672 2150 diaimns
694 2085 809 2168 lingna
830 2094 952 2162 nostra,
981 2084 1043 2163 vel,
1073 2085 1127 2150 re
1149 2091 1177 2151 te
1229 2084 1385 2167 quidquid
1402 2085 1535 2167 patitur.
1564 2084 1610 2148 Et
1628 2092 1737 2149 tamen
1753 2083 1851 2150 simul
1867 2082 2053 2165 dupliostur
2066 2083 2201 2168 arimen,

199 2169 360 2251 frottaroat
380 2167 413 2233 la
434 2172 521 2234 testo:
554 2178 588 2234 at
610 2170 663 2236 hio
684 2190 802 2237 sensus
824 2191 897 2237 meo
922 2169 1042 2237 indioio
1071 2171 1176 2254 magis
1228 2168 1314 2253 quod
1336 2170 1458 2237 soilioet
1480 2169 1619 2252 populus
1641 2169 1884 2252 oiroumepioist
1914 2167 1977 2234 huo
1998 2178 2096 2250 atque
2125 2168 2202 2234 illno

202 2254 368 2339 genuinus
391 2262 449 2319 est.
493 2252 565 2319 Iam
588 2256 737 2337 sequitur
757 2275 875 2322 oausae
897 2255 1053 2322 redditio:
1087 2264 1176 2339 post·
1228 2255 1269 2321 ad
1293 2275 1377 2320 vana
1399 2253 1551 2335 remedia,
1574 2263 1608 2319 et
1629 2255 1676 2320 ita
1705 2254 1887 2322 aoaumulet
1908 2252 1970 2320 sibi
2000 2272 2103 2319 novas
2131 2273 2200 2335 per·

200 2360 300 2423 quam
333 2337 476 2405 ostendit
508 2339 667 2422 propheta
695 2341 853 2407 Israelem
882 2361 953 2409 osse
983 2340 1176 2408 dereliotum
1229 2341 1338 2408 nioies.
1393 2340 1479 2406 Nam
1513 2338 1669 2406 debuerat
1701 2359 1876 2424 agnosoere
1910 2359 1976 2405 nou
2008 2337 2097 2404 aliud
2131 2358 2203 2404 esse

202 2422 326 2490 auxilio
349 2425 420 2501 Dei,
443 2424 508 2490 iam
527 2425 659 2492 subiioit
679 2447 738 2492 our
759 2426 792 2492 id
816 2429 938 2494 iaotum
960 2428 1011 2505 sit,
1039 2428 1095 2493 Aa
1115 2446 1177 2492 noa
1229 2425 1408 2492 remedium
1437 2424 1545 2502 malis,
1576 2426 1639 2492 nisi
1665 2433 1702 2491 ιι
1728 2426 1874 2509 plaoaret
1903 2424 2022 2489 Deum.
2067 2421 2115 2506 Si,
2146 2445 2203 2488 ex·

201 2509 257 2577 boo
276 2509 349 2591 feeit
374 2509 455 2575 tibi?
489 2511 604 2593 inquit.
656 2511 722 2577 Alii
750 2520 904 2589 vertunt,
937 2515 992 2578 An
1023 2532 1089 2578 non
1116 2512 1177 2578 hoo
1229 2510 1327 2593 ampli
1350 2512 1465 2594 gratia,
1489 2511 1650 2595 quispiam
1672 2520 1824 2594 aegrotus
1846 2519 2003 2594 agnosost
2025 2508 2129 2574 morbi
2151 2510 2203 2575 sui

203 2595 305 2662 loeisti
329 2595 398 2675 tibi,
420 2595 456 2659 in
479 2596 621 2662 eaounda
643 2616 800 2679 persona:
823 2608 856 2662 ιι
877 2596 963 2662 idem
983 2597 1049 2663 iere
1067 2618 1176 2662 mane·
1228 2616 1371 2676 oausam,
1405 2603 1439 2661 et
1470 2604 1583 2679 postea
1616 2595 1684 2662 looo
1719 2595 1854 2661 remedii
1888 2595 2039 2660 solatium
2072 2592 2203 2676 aliquod

203 2681 251 2745 ιιι
272 2698 398 2745 ιιιιιι.
433 2679 575 2745 Videtur
597 2695 706 2747 tamen
728 2682 866 2747 aliorum
891 2683 1054 2747 sententia
1072 2683 1176 2765 magis
1229 2684 1326 2747 inane
1349 2681 1410 2747 sibi
1432 2682 1597 2764 oonfingat
1619 2681 1793 2748 adversum
1816 2701 1895 2746 suae
1923 2677 2063 2757 sanitati,
2093 2698 2203 2743 nonne

203 2764 396 2848 probabilis,
425 2765 543 2830 Annon
564 2766 619 2831 bot
639 2766 696 2832 tibi
716 2766 789 2848 ferit
809 2768 890 2849 quod
912 2768 1107 2850 dereliquisti
1130 2768 1177 2832 Ie·
1228 2765 1348 2849 dignus
1381 2766 1592 2843 iudicabitur,
1631 2768 1688 2848 qui
1722 2774 1851 2849 pereat,
1892 2762 2021 2847 quando
2059 2763 2204 2829 remedia

201 2849 312 2916 bosom
334 2850 438 2916 Deum
458 2850 572 2915 tuom?
612 2851 653 2915 In
675 2872 806 2918 summa
828 2852 920 2919 dooet
943 2851 1100 2918 Ieremias
1123 2851 1177 2917 de·
1228 2860 1343 2934 sponte
1359 2862 1561 2934 aspernatur,
1579 2860 1613 2917 et
1627 2872 1699 2918 sese
1715 2850 1856 2917 obleetat
1872 2848 2041 2917 fullonibus
2055 2847 2201 2915 solatiis?

204 2937 375 3001 tentionem
407 2935 518 3020 populi
551 2957 621 3002 esse
655 2936 813 3003 malorum
848 2937 995 3003 omnium
1028 2957 1176 3003 oensem:
1229 2935 1321 3001 Idem
1345 2958 1433 3004 nuno
1458 2937 1670 3021 reprehendit
1692 2938 1848 3003 Ieremias
1877 2937 1911 3002 ιι
1934 2934 2056 3020 populo
2078 2934 2203 3000 israeli·

202 3022 297 3104 qnasi
327 3019 466 3097 ιιιιιιιι,
501 3021 552 3086 'Pu
580 3021 640 3086 tibi
669 3022 792 3088 trivisti
820 3021 880 3088 hoo
910 3029 1015 3088 totum
1043 3023 1176 3101 malum,
1230 3022 1309 3087 tioo:
1343 3021 1381 3088 Si
1410 3023 1559 3106 inquiras
1581 3023 1765 3109 diligenter,
1799 3022 1914 3106 inquit,
1949 3021 2035 3086 unde
2065 3027 2114 3084 tot
2144 3019 2204 3086 tibi

203 3105 516 3257 tltttt'tth
530 3107 1177 3276 titt‘tbtsstthtttltttttt
1229 3108 1388 3277 titt
1411 3104 2204 3278 tttlttt„tltettlttt'tlttltt

378 3237 386 3253 ο
1169 3243 1177 3273 ,
1370 3243 1378 3259 0
2192 3225 2206 3242 ⁸

204 3277 270 3342 nisi
291 3277 438 3343 obstaret
460 3287 517 3341 tua
539 3277 701 3359 impietas.
746 3278 861 3361 Neque
883 3280 970 3345 enim
1001 3281 1124 3345 frustra
1145 3289 1177 3345 ta
1230 3299 1307 3344 nam
1329 3278 1511 3344 remedium
1533 3278 1764 3362 quaerendum,
1788 3279 1852 3343 nisi
1876 3286 1912 3343 nt
1934 3287 1968 3341 te
1989 3275 2068 3340 mihi
2092 3295 2205 3342 reeon-

203 3362 305 3447 elogit
328 3360 429 3440 Deus,
453 3381 556 3444 nequo
579 3363 702 3430 trustra
719 3371 752 3428 te
770 3363 927 3447 praetulit
945 3365 1017 3432 aliis
1035 3364 1176 3449 populis:
1230 3362 1382 3430 oiliares?
1406 3374 1444 3429 ιι
1464 3373 1594 3448 peteres
1616 3386 1635 3428 a
1658 3362 1882 3430 mevaniam?
1906 3371 1942 3426 nt
1961 3380 2090 3443 operam
2111 3359 2204 3425 dares

204 3447 261 3513 sed
285 3451 321 3512 tu
344 3446 495 3529 repulisti
517 3449 574 3514 ιιι
598 3458 630 3513 te
648 3450 718 3514 eius
735 3447 992 3517 beneficentiam.
1026 3450 1178 3516 Oonditio
1230 3447 1440 3533 oorrigendae
1473 3460 1549 3514 tuae
1587 3448 1745 3527 malitiae,
1784 3449 1832 3512 sio
1870 3447 2020 3529 protinus
2053 3463 2204 3510 sanarem

204 3533 307 3617 igitur
330 3543 386 3598 tua
408 3554 575 3616 nunquam
598 3535 713 3601 luisset
739 3534 829 3614 talis,
859 3536 923 3600 nisi
954 3536 1178 3602 aooereivisses
1230 3534 1317 3600 mala
1339 3544 1403 3608 tua,
1427 3543 1459 3598 et
1481 3553 1674 3616 agnosceres
1696 3552 1748 3597 me
1770 3552 1839 3597 esee
1861 3532 2021 3614 optimum
2043 3528 2206 3595 medioum

204 3618 265 3683 tibi
297 3619 483 3700 perniciem.
538 3619 583 3684 ιιι
615 3618 797 3702 quomodo?
855 3620 1022 3701 Quoniam,
1064 3621 1178 3703 inquit,
1229 3621 1258 3686 si
1280 3618 1322 3684 ad
1344 3638 1397 3683 me
1420 3619 1566 3685 venires:
1587 3616 1666 3701 quid
1688 3624 1797 3682 entem
1816 3636 1902 3682 nuno
1924 3626 1960 3680 ιι
1978 3625 2091 3681 eontra
2114 3614 2205 3698 agis?

202 3703 363 3768 ιιιιιιιιιιι
384 3724 405 3767 a
426 3703 497 3768 Dao
523 3709 584 3771 tao.
629 3706 675 3770 Et
701 3725 816 3771 rursus
846 3707 967 3771 orimen
999 3712 1179 3788 exaggerat
1230 3702 1385 3770 disourris
1408 3701 1450 3767 ed
1473 3724 1559 3768 vana
1580 3703 1705 3780 solatia,
1729 3702 1877 3783 noningis
1900 3722 1989 3767 nuno
2011 3700 2051 3766 ad
2070 3700 2206 3785 Aegyp·

203 3807 306 3870 quum
329 3786 416 3867 dioit,
452 3788 518 3869 an
540 3794 672 3871 ιιιιιρονι
693 3789 821 3856 deamat
841 3795 946 3872 tapes
966 3791 1062 3855 aiam.
1109 3791 1177 3855 Dn·
1231 3800 1313 3868 tum,
1340 3808 1429 3854 nuno
1459 3788 1500 3855 ad
1523 3787 1713 3872 Assyriam:
1747 3786 1838 3869 atqui
1872 3796 1907 3852 tu
1941 3784 2024 3851 nihil
2057 3786 2205 3869 profioies

205 3892 278 3938 aare
315 3891 374 3954 per
408 3871 496 3937 viam
529 3884 579 3939 est
611 3882 698 3941 rante
738 3882 771 3938 ιι
809 3874 948 3941 ιιιιιιιιι
986 3875 1177 3958 gubernare.
1230 3874 1283 3940 his
1316 3873 1431 3939 modis.
1485 3873 1583 3938 Nune
1615 3882 1765 3939 tenemus
1805 3872 1978 3939 eonsilium
2019 3869 2205 3953 prophetae.

204 3954 362 4023 Ostendit
390 3957 492 4038 igitur
519 3957 678 4041 prophete
707 3978 817 4025 oerore
845 3961 935 4025 omni
968 3960 1180 4027 exeusatione
1231 3959 1409 4042 Postquam
1443 3960 1529 4023 enim
1566 3957 1723 4042 populum
1764 3958 1904 4025 eonvinit
1943 3957 2134 4039 impietatis,
2174 3967 2207 4021 et

205 4041 377 4125 perfidiam
400 4049 433 4105 et
455 4040 669 4108 desertionem
692 4045 811 4127 populi,
841 4045 928 4128 quod
952 4046 1014 4111 Dei
1037 4045 1087 4111 sni
1110 4045 1179 4111 ιιι·
1232 4045 1374 4110 ostendit
1395 4065 1463 4108 non
1492 4063 1586 4127 posse
1617 4043 1757 4110 adsoribi
1786 4043 1873 4108 mala
1903 4061 1987 4125 quae
2014 4039 2205 4124 patiebatur,

205 4139 275 4193 tum
298 4125 456 4191 reieoerit.
497 4125 582 4192 Nam
599 4127 738 4195 feliciter
755 4128 873 4214 agebat
890 4151 928 4197 eo
946 4141 1099 4213 tompore.
1141 4129 1180 4196 si
1231 4130 1284 4196 ιιι
1308 4129 1388 4207 Deo,
1412 4128 1464 4196 vel
1487 4129 1647 4208 fortunae,
1670 4129 1723 4194 vel
1746 4129 1820 4195 aliis
1844 4129 1959 4208 nansia,
1988 4147 2077 4193 nuno
2099 4135 2206 4192 osten-

208 4221 352 4279 tentatus
375 4212 488 4277 luisset
511 4211 611 4280 variis
634 4213 749 4293 modis,
772 4225 900 4300 potarat
921 4215 1098 4282 obtendere
1120 4214 1180 4280 ali·
1233 4215 1280 4280 dit
1302 4214 1363 4280 hoo
1384 4214 1482 4280 inisse
1505 4216 1637 4282 unionm
1659 4213 1851 4291 remedium,
1878 4221 1913 4279 et
1940 4212 2095 4295 optimam
2121 4212 2207 4276 riam

205 4319 303 4382 qnam
326 4306 542 4380 praetextum,
583 4299 655 4382 Ego
678 4302 791 4382 putavi
813 4322 865 4367 me
887 4302 986 4368 luisse
1008 4299 1179 4382 dereptum
1232 4299 1358 4377 salutis,
1378 4299 1406 4364 si
1424 4319 1497 4366 oum
1515 4298 1586 4366 Deo
1606 4299 1756 4366 rediisset
1771 4300 1804 4363 in
1823 4299 1973 4384 gretiam.
2007 4295 2081 4361 Hoe
2098 4304 2208 4361 autem

205 4404 308 4466 quum
330 4402 494 4464 sperarem
518 4383 551 4448 in
576 4405 652 4449 vero
674 4384 757 4464 Deo,
787 4407 865 4451 nam
887 4386 1064 4453 ooonltavit
1086 4407 1106 4451 a
1128 4404 1180 4450 ma
1232 4386 1295 4451 luit
1316 4386 1445 4468 signum
1469 4383 1660 4469 desperatae
1687 4385 1859 4463 amentiae,
1888 4402 1988 4467 quum
2012 4380 2209 4462 transcurrit

207 4487 300 4533 suam
323 4469 482 4551 gratiam:
504 4489 564 4553 ego
587 4470 689 4553 igitur
707 4471 899 4537 neosssitate
917 4473 964 4537 fui
982 4471 1179 4554 oompulsus,
1232 4492 1322 4537 nuno
1339 4472 1374 4534 in
1391 4468 1592 4555 Aegyptum,
1616 4491 1703 4536 nuno
1721 4471 1755 4534 in
1772 4469 1954 4553 Assyriam.
1987 4465 2080 4532 Haeo
2097 4476 2208 4532 autem

205 4552 321 4620 saltem
345 4552 454 4618 danda
476 4562 526 4619 est
553 4555 682 4620 levitati
713 4577 804 4621 meae
834 4557 947 4622 reniae
980 4556 1063 4622 nihil
1093 4557 1180 4622 enim
1232 4556 1413 4640 obiurgatio
1437 4554 1558 4639 pendet
1579 4577 1622 4622 ex
1652 4553 1797 4636 historia.
1843 4555 1927 4620 Nem
1955 4552 2095 4635 populus
2121 4572 2209 4617 nuno

205 4637 296 4703 aliud
318 4638 478 4704 eoniioere
501 4647 664 4721 poteram,
697 4642 760 4706 nisi
784 4642 891 4707 Deum
921 4663 1015 4707 ame
1036 4663 1108 4708 asso
1129 4663 1181 4706 re·
1233 4640 1374 4707 habebat
1407 4642 1563 4725 Assyrios
1601 4640 1663 4706 sibi
1702 4640 1853 4720 infestos,
1892 4656 1980 4704 nuno
2012 4637 2208 4720 Aegyptios:

206 4733 342 4788 motum.
388 4722 554 4806 Propheta
581 4727 725 4792 oeourrit
752 4727 829 4793 haio
856 4727 1037 4808 obieotioni,
1068 4748 1181 4811 quem·
1233 4728 1366 4792 luerunt
1388 4728 1475 4792 enim
1499 4727 1609 4806 variae
1630 4727 1846 4792 mutationes:
1878 4729 1912 4790 at
1933 4721 2026 4786 Deus
2057 4742 2136 4787 usne
2159 4730 2209 4787 est

207 4807 385 4874 admodum
408 4807 550 4875 ιιιιιιιο
572 4811 692 4894 eapite,
725 4810 814 4893 Quid
841 4812 1043 4878 invenerunt
1073 4814 1106 4878 in
1129 4832 1182 4877 me
1234 4812 1331 4876 etiam
1360 4811 1497 4879 dirersis
1523 4811 1672 4896 flagellis,
1706 4831 1770 4894 quo
1798 4809 1915 4876 melius
1945 4807 2210 4889 expergefaoeret

207 4892 391 4976 iniqnitatis
424 4901 533 4976 petros
567 4895 692 4962 vestri?
745 4898 791 4962 ιιι
823 4897 900 4963 alibi
948 4898 1047 4964 Mioh.
1079 4898 1110 4978 6,
1139 4896 1183 4983 3),
1233 4896 1417 4962 socordiam
1449 4897 1540 4963 illius
1572 4897 1699 4980 populi,
1737 4918 1825 4963 nuno
1857 4892 2003 4961 sibilavit
2035 4891 2210 4976 Aegyptiis

208 4978 334 5061 Popula
356 4978 411 5056 mi,
439 4979 517 5061 qnid
540 4978 603 5047 iani
624 4981 691 5060 tibi,
715 4993 771 5047 aut
793 4983 828 5048 in
850 5003 913 5066 quo
951 4983 983 5048 ιι
1002 4981 1181 5049 molestus?
1234 4981 1508 5065 quemadmodum
1531 4990 1643 5065 postea
1665 4981 1856 5056 videbimus,
1883 4998 1972 5045 nuno
1994 4976 2071 5043 tuba
2092 4978 2211 5044 oeoinit

207 5063 293 5129 Nam
316 5062 407 5130 Deus
431 5063 499 5130 illio
528 5075 661 5148 paratus
687 5076 757 5133 erat
785 5085 918 5135 oausam
947 5089 1041 5134 suam
1071 5066 1182 5135 defen·
1233 5069 1269 5132 in
1291 5067 1440 5150 Assyria,
1468 5074 1507 5132 ιι
1536 5067 1657 5134 ιιιιιιι
1679 5066 1848 5133 Israeliten
1877 5082 2043 5146 nunquam
2077 5084 2113 5131 se
2143 5063 2211 5130 fore

207 5149 299 5229 dere,
331 5157 363 5215 et
391 5170 533 5234 purgare
564 5151 722 5234 quidquid
751 5153 891 5238 populus
919 5154 1082 5221 obiioeret.
1126 5151 1183 5220 Sia
1235 5152 1370 5235 quietos,
1405 5150 1469 5219 nisi
1502 5152 1678 5236 tranquille
1706 5159 1841 5235 agerent
1873 5150 1933 5216 sub
1968 5150 2030 5215 Dei
2063 5148 2210 5232 imperio.

208 5233 307 5301 otiam
331 5234 391 5302 hoo
412 5236 496 5314 looo,
525 5235 598 5321 Ego
621 5245 653 5303 to
676 5237 795 5305 deduxi
820 5260 878 5325 por
909 5241 1011 5319 riam,
1041 5239 1102 5306 hoo
1123 5244 1182 5322 est,
1237 5238 1341 5319 Atqui
1374 5237 1426 5305 ιιι
1461 5239 1613 5306 οιιιιιιι
1643 5236 1847 5322 posthabitis,
1881 5241 1974 5301 tanta
2008 5235 2070 5300 init
2098 5235 2211 5320 populi

312 5337 424 5393 θιιιιιιι
439 5354 533 5409 opera
566 5338 626 5397 Vol.
643 5339 807 5399 XXXVII.
1969 5336 2005 5391 33
