4784 5970
154 349 218 416 573
879 355 929 421 IN
952 355 1201 421 lentulum.
1246 354 1347 420 OAP.
1370 355 1430 421 IV.
2094 354 2160 420 bl4

154 541 256 623 igitur
282 541 413 624 saepius
436 542 545 607 Deum
568 551 602 608 et
631 544 700 609 eins
734 544 911 628 prophetas
941 543 1133 622 fefellerant,
1185 541 1396 627 respondebit
1413 541 1498 626 quod
1518 541 1675 624 sequitur,
1700 541 1819 623 Nempe
1838 543 1869 608 si
1886 542 2064 626 abstuleris,
2086 565 2162 609 nam

154 625 236 692 ideo
250 626 409 693 Ieremias
431 627 521 694 iubet
543 650 598 694 eos
620 631 725 712 abque
753 632 836 708 fuco,
870 626 927 695 aut
956 630 1041 696 bona
1070 628 1134 695 fida
1185 628 1253 693 dixi
1276 628 1426 714 copulam
1457 649 1550 710 posse
1578 627 1707 703 resolvi,
1740 639 1776 692 ut
1805 629 1849 691 sit
1876 629 1982 711 posita
2004 629 2076 694 vioe
2105 650 2162 694 ex·

155 713 277 778 reverti
300 712 341 777 ad
365 711 483 778 Deum.
524 713 695 795 Quantum
716 715 757 781 ad
779 736 939 781 summam
965 714 1134 781 doctrinae
1185 716 1364 797 positionis,
1386 714 1629 780 abominationes
1654 717 1727 778 tuas
1748 733 1769 777 a
1789 713 1871 794 facie
1891 734 1971 796 mea,
1999 727 2070 783 'trin
2098 700 2163 793 nbi,

154 807 289 880 spectat,
319 799 372 863 hic
401 803 451 863 ost
480 800 659 882 prophetae
689 823 815 866 sensus.
865 800 933 866 Sed
961 802 994 865 in
1026 801 1134 867 verbis
1185 806 1294 866 naon
1316 800 1455 882 amplius
1475 800 1609 882 caperis.
1655 799 1741 863 Nam
1768 797 1830 863 hoo
1852 801 2024 881 praecipua
2047 803 2162 866 vitium

155 893 203 948 est
225 884 440 967 ambiguitas:
469 883 601 967 quidam
624 888 711 950 anim
739 889 786 951 sio
808 887 931 969 legunt,
963 886 999 951 Si
1024 907 1133 951 rever·
1186 886 1342 952 damnare
1364 886 1470 950 voluit
1496 886 1662 959 Ieremias,
1695 883 1779 966 quod
1810 884 1923 963 Israel,
1956 907 2056 967 quum
2087 907 2164 968 praa

153 969 233 1035 taris
255 968 360 1034 Israel
381 968 422 1034 ad
445 991 507 1047 me,
530 971 609 1035 dicit
631 972 797 1036 Iebovah:
820 971 907 1038 istud
926 957 981 1040 ’bn
999 973 1134 1037 aoniuu·
1186 993 1220 1037 se
1242 973 1342 1037 ferret
1363 971 1504 1054 aliquam
1523 971 1666 1052 speciem
1686 972 1826 1053 piatatis,
1850 982 1960 1036 tamen
1980 972 2163 1055 vacillabat,

154 1063 236 1138 gunt
257 1076 331 1121 cunr
355 1055 463 1137 priora
486 1055 646 1122 membro:
678 1068 789 1139 postea
812 1060 988 1139 separatim
1019 1057 1134 1141 legunt
1186 1078 1290 1140 neque
1313 1064 1440 1140 poterat
1461 1067 1532 1121 toto
1555 1055 1665 1120 animo
1687 1078 1722 1119 se
1739 1054 1811 1120 Deo
1831 1055 1990 1132 additare,
2014 1059 2070 1123 aad
2093 1070 2164 1123 erat

153 1152 257 1216 bitin,
281 1141 436 1223 quiesces,
459 1153 493 1205 at
510 1143 557 1205 ita
574 1142 691 1207 volunt
708 1164 779 1208 asse
799 1143 1025 1226 repetitionem
1046 1146 1132 1208 eius·
1185 1143 1357 1224 ambiguus
1380 1141 1517 1208 consilii.
1562 1141 1636 1206 Hoc
1658 1143 1760 1224 igitur
1783 1141 1901 1206 vitium
1933 1143 2049 1207 merito
2073 1143 2162 1208 dam·

155 1227 228 1290 dom
253 1227 445 1303 sententiae,
477 1226 532 1292 ubi
562 1228 674 1292 statim
704 1230 861 1311 sequitur,
892 1226 929 1294 Si
960 1227 1133 1293 abstuleris
1186 1239 1242 1292 nat
1271 1228 1439 1304 Ieremias,
1473 1239 1504 1291 et
1535 1228 1607 1291 ideo
1640 1227 1723 1292 banc
1752 1229 1990 1310 expositionem
2024 1229 2164 1293 libenter

155 1312 416 1377 abominationes
450 1320 524 1377 tuas
552 1332 571 1376 a
600 1334 663 1397 me,
694 1334 758 1378 non
790 1313 955 1396 migrabis,
989 1313 1052 1378 hoo
1074 1326 1134 1393 εει,
1185 1312 1374 1395 amplector,
1405 1313 1520 1395 Israel,
1550 1314 1580 1377 si
1608 1314 1786 1394 revertaris,
1817 1314 1937 1393 quiesce
1958 1314 1993 1377 in
2014 1335 2072 1397 me,
2102 1313 2163 1379 hoo

153 1417 213 1479 ago
236 1409 268 1459 te
291 1417 358 1460 uon
382 1396 520 1471 eiiciam,
549 1399 647 1463 sicuti
669 1400 816 1464 minatus
838 1419 921 1464 sum.
968 1399 1036 1463 Alii
1058 1419 1131 1463 ver·
1185 1410 1243 1474 est,
1266 1420 1400 1464 maneas
1422 1398 1540 1463 firmus
1563 1396 1649 1480 apud
1673 1420 1734 1462 mo.
1776 1397 1947 1479 Quomodo
1969 1410 2078 1464 autem
2102 1399 2163 1464 hoo

154 1482 230 1547 bum
253 1493 340 1550 bittit
364 1481 463 1568 (quod
488 1483 537 1548 bis
560 1483 735 1573 repetitur)
757 1485 870 1548 eodem
894 1505 992 1549 sensu
1015 1484 1132 1565 accipi·
1183 1481 1264 1547 fiet?
1312 1484 1431 1565 Nempe
1457 1484 1487 1547 si
1508 1481 1674 1549 abstuleris
1703 1483 1946 1550 abominationes
1971 1489 2055 1565 tuae,
2085 1486 2163 1550 etti

152 1578 222 1644 unt,
257 1567 370 1641 Israel,
405 1569 433 1632 si
465 1571 652 1644 revertaris,
687 1579 852 1634 revertare
881 1569 921 1635 ad
951 1589 1012 1633 me.
1057 1569 1132 1634 Non
1184 1589 1246 1633 non
1267 1570 1400 1653 uaporis,
1435 1568 1707 1650 quamadmodum
1738 1569 1855 1633 levitas
1885 1584 1950 1644 tua,
1984 1583 2017 1634 et
2050 1576 2161 1634 incon·

153 1651 287 1716 dubium
322 1663 372 1716 est
400 1655 478 1736 quin
510 1655 669 1737 propheta
702 1655 813 1720 iubeat
845 1654 1014 1719 Israelitas
1047 1655 1133 1719 bona
1184 1655 1488 1739 stantia-haetenus
1511 1654 1586 1735 plus
1613 1656 1691 1717 eatis
1721 1655 1853 1737 cognita
1876 1654 1946 1719 fuit.
1992 1655 2161 1738 Quidquid

151 1737 214 1801 fide
237 1750 271 1801 ot
299 1738 421 1821 absque
450 1740 523 1804 fuco
552 1743 699 1805 converti
728 1739 768 1805 ad
791 1739 911 1819 Deum,
934 1761 1000 1804 non
1023 1750 1130 1803 antem
1184 1739 1236 1817 sit,
1259 1740 1348 1804 loous
1372 1741 1425 1805 hic
1447 1739 1621 1805 observatu
1645 1739 1763 1824 dignus
1786 1754 1836 1805 ast
1865 1754 1980 1805 contra
2010 1741 2160 1824 hypocri-

152 1823 315 1889 fallaciter
337 1844 445 1906 agere,
469 1823 740 1907 quomadmodum
765 1825 851 1891 soliti
874 1836 978 1890 arant.
1018 1824 1130 1889 Retuli
1184 1835 1245 1906 tas,
1276 1826 1331 1907 qui
1362 1847 1427 1890 non
1460 1824 1582 1889 audant
1615 1824 1722 1906 palam
1756 1828 1890 1890 reiicera
1923 1825 2161 1892 admonitiones

152 1907 309 1974 hactenus
333 1908 410 1991 quid
439 1909 496 1974 alii
525 1911 686 1975 sentiant:
714 1909 770 1975 sed
800 1912 871 1990 hoc,
902 1931 974 1974 meo
1003 1912 1131 1991 iudicio,
1184 1910 1400 1992 propheticas,
1430 1909 1486 1975 sed
1510 1910 1588 1973 dum
1612 1917 1779 1975 ostentant
1801 1912 1910 1994 aliqua
1931 1911 2026 1995 signa
2048 1914 2161 1994 poeni·

150 1995 271 2075 optime
294 1995 457 2060 convenit.
502 1995 607 2060 Israel
635 1997 666 2060 si
692 1999 869 2075 revertaris,
897 1998 1018 2076 quiesce
1046 1997 1133 2076 apud
1185 1997 1322 2071 tentiae,
1363 2017 1422 2079 por
1462 1995 1616 2078 ambages
1656 1997 1788 2079 fugiunt
1831 2010 2039 2077 conspectum
2081 1999 2159 2063 Dei:

150 2097 206 2152 me,
230 2081 359 2143 Arreste
380 2084 441 2161 toy,
463 2079 558 2145 sicuti
581 2080 696 2164 galliae
715 2082 862 2147 dicimus.
907 2080 1047 2162 Quiesce
1069 2083 1130 2164 igi·
1183 2091 1348 2144 testantur
1379 2081 1510 2163 quidam
1539 2100 1594 2145 ore
1624 2103 1658 2146 se
1688 2101 1845 2163 quaerere
1876 2081 1994 2159 Deum,
2024 2083 2079 2148 sed
2109 2085 2159 2146 in·

150 2175 204 2227 tur
227 2162 313 2246 apud
343 2185 413 2228 ma:
442 2165 559 2229 deinde
589 2165 723 2230 additur
751 2165 905 2242 definitio,
936 2187 1062 2248 nempe,
1093 2165 1131 2231 Si
1184 2174 1274 2230 terea
1303 2166 1426 2249 effugia
1459 2176 1600 2248 captant.
1646 2167 1691 2230 Et
1723 2166 1796 2232 idao
1828 2166 1897 2230 dixi
1930 2166 2018 2233 huno
2052 2168 2156 2232 locum

149 2249 317 2314 abstuleris
357 2248 602 2316 abominationes
641 2256 713 2316 tuas
753 2250 882 2336 (copula
914 2253 1000 2316 anim
1035 2252 1131 2317 debat
1182 2251 1343 2333 insignem
1368 2272 1440 2316 esse
1463 2263 1499 2315 ut
1521 2252 1660 2316 sciamus
1690 2271 1755 2315 non
1782 2272 1875 2334 posse
1903 2251 2025 2334 placari
2046 2251 2157 2319 Daum

149 2333 271 2398 resolvi
300 2335 335 2398 in
357 2336 551 2417 particulam
579 2337 630 2401 vel
660 2338 871 2419 expletivum,
902 2336 953 2402 vel
983 2339 1129 2422 exegeti·
1182 2336 1354 2402 fallacibus
1380 2338 1487 2421 nugis,
1517 2357 1599 2418 quas
1622 2337 1812 2421 hypocritae
1834 2338 2000 2422 ingerunt,
2026 2338 2083 2403 aad
2105 2359 2157 2403 ra·

148 2418 237 2505 cam)
271 2441 292 2484 a
323 2421 407 2502 facie
438 2441 520 2498 mea,
555 2426 582 2486 et
613 2443 674 2487 non
705 2424 808 2505 fueris
839 2428 980 2504 capatus.
1032 2422 1127 2504 Quod
1182 2424 1309 2503 quirere
1331 2444 1388 2489 eor
1410 2425 1582 2500 sincerum,
1611 2432 1643 2486 at
1666 2423 1848 2488 abominari
1870 2441 2001 2486 omnem
2024 2424 2156 2488 simula·

150 2516 259 2569 autem
283 2504 351 2581 alii,
373 2508 458 2571 sicut
482 2528 587 2589 nuper
606 2508 714 2585 retuli,
743 2511 791 2573 ita
813 2520 999 2590 exponunt:
1024 2509 1127 2574 Israel
1181 2510 1313 2573 tionem.
1349 2509 1428 2573 Ideo
1451 2508 1548 2573 etiam
1573 2506 1692 2572 diserte
1710 2508 1913 2590 exprimitur,
1937 2506 1976 2572 St
1993 2507 2158 2575 abstuleris

148 2591 177 2655 ai
210 2590 250 2655 ad
285 2612 338 2655 me
370 2595 557 2669 revertaris,
592 2597 746 2674 quiesces,
781 2596 859 2676 quia
893 2593 1024 2659 videtur
1057 2616 1128 2660 esse
1179 2592 1423 2658 abominationes
1464 2600 1537 2657 tuas
1569 2611 1674 2657 coram
1707 2594 1789 2675 facia
1820 2614 1900 2658 ntea.
1955 2593 2157 2676 Hypooritaa

149 2685 308 2751 eoactum,
332 2696 466 2758 prorsus
489 2678 641 2760 repudio:
672 2677 729 2743 sad
751 2679 891 2744 liberum
914 2681 1068 2762 permitto
1090 2693 1128 2743 ut
1179 2680 1267 2743 anim
1290 2700 1420 2762 semper
1445 2681 1594 2760 spactant
1622 2677 1796 2757 theatrum,
1827 2689 1860 2743 et
1882 2677 1998 2742 volunt
2027 2678 2157 2761 probari

148 2762 195 2824 ita
218 2760 353 2844 legatur,
377 2761 481 2826 Israel
503 2764 531 2826 si
550 2784 728 2829 conversus
744 2765 854 2840 fueris,
878 2767 1025 2847 quiescas
1040 2765 1126 2846 apud
1179 2762 1374 2840 hominibus,
1398 2773 1430 2829 et
1452 2764 1596 2829 conteuti
1618 2773 1697 2826 sunt
1719 2783 1832 2827 eorum
1855 2763 2029 2845 suffragiis.
2064 2762 2157 2831 Deus

150 2867 218 2910 ma:
248 2846 311 2922 vel,
334 2845 438 2911 Israel
461 2849 488 2912 si
518 2869 698 2914 conversus
728 2850 839 2929 fueris,
866 2860 1057 2915 convertere
1086 2850 1127 2913 ad
1179 2860 1287 2914 autam
1312 2848 1353 2914 ad
1376 2871 1411 2914 se
1433 2859 1575 2914 revocat.
1609 2848 1741 2913 Interea
1763 2847 1946 2914 notandum
1967 2862 2025 2925 est,
2047 2848 2155 2932 ipsum

148 2953 209 2996 me.
256 2931 372 3013 Neque
394 2932 480 2997 anim
506 2954 624 3016 magna
646 2943 695 2999 εει
718 2933 950 3016 discrepantia:
973 2936 1126 3017 quoniam
1180 2955 1244 2998 non
1275 2955 1368 3016 posse
1398 2934 1482 2998 falli:
1520 2934 1598 3016 quia
1627 2944 1676 2998 ast
1705 2935 1853 3016 cognitor
1886 2933 2042 2999 cordium.
2097 2933 2156 3001 Se·

148 3016 201 3081 hic
224 3017 384 3098 propheta
406 3019 599 3104 perstringit
620 3019 873 3098 simulationem,
896 3040 960 3102 qna
982 3021 1032 3085 usi
1055 3020 1126 3085 fue·
1179 3019 1299 3101 quitur,

147 3115 223 3166 rant
244 3101 425 3178 Israelitae,
455 3125 556 3187 quum
580 3103 717 3171 subinde
744 3106 975 3186 profiterentur
1005 3127 1040 3171 se
1069 3125 1126 3188 pa·

147 3195 237 3252 ratos
256 3209 327 3253 essa
343 3187 384 3253 ad
399 3190 631 3271 praestandum
646 3189 719 3255 Dao
736 3191 942 3272 obsequium:
963 3204 996 3254 et
1014 3199 1125 3256 tamen
1264 3190 1294 3254 2.
1313 3187 1359 3254 Et
1376 3188 1508 3268 iurabis,
1526 3190 1603 3254 aicit
1615 3188 1761 3272 laborati,
1780 3190 1968 3273 inveritate,
1986 3191 2156 3258 iniustitia

147 3282 259 3354 postea
281 3272 492 3339 ostenderent
514 3295 549 3340 aa
580 3275 737 3340 fallaciter
766 3277 813 3340 ita
842 3275 940 3341 inissa
964 3276 1123 3357 loquutus.
1177 3280 1204 3339 et
1230 3277 1372 3340 iustitia:
1396 3280 1431 3357 ,et
1461 3273 1632 3341 benedicent
1664 3295 1698 3339 se
1730 3275 1766 3340 iu
1798 3296 1832 3341 eo
1858 3281 1971 3358 pentes,
2005 3281 2032 3340 et
2059 3279 2095 3342 in
2123 3296 2156 3343 eo

147 3358 256 3438 Quum
281 3379 359 3442 ergo
378 3361 473 3425 toties
494 3359 697 3443 deprehensa
723 3362 838 3427 fuisset
859 3362 893 3426 in
912 3361 978 3426 illis
997 3361 1125 3427 fallacia
1174 3360 1402 3444 gloriabuntur.

147 3457 180 3507 et
202 3444 343 3520 vanitas,
376 3444 448 3510 idao
471 3445 524 3511 hio
546 3447 705 3528 propheta
728 3447 791 3510 Dei
814 3448 947 3511 nomina
976 3457 1010 3510 et
1032 3469 1124 3512 man·

146 3529 222 3594 dato
244 3530 391 3612 requirit,
413 3539 452 3594 ut
473 3531 665 3614 simpliciter
694 3542 728 3596 et
751 3533 834 3597 bona
855 3530 920 3596 fida
950 3533 991 3596 ad
1016 3533 1123 3597 Deum
1262 3531 1328 3595 Hic
1348 3533 1558 3613 prosequitur
1581 3529 1717 3595 eandem
1749 3530 1946 3594 sententiam
1976 3533 2152 3613 propheta:

146 3616 291 3680 redeant.
337 3613 375 3682 si
399 3616 525 3699 placeat
543 3616 624 3682 haec
647 3617 752 3692 lectio,
776 3617 880 3682 Israal
896 3628 1062 3682 revertare
1083 3617 1125 3681 ad
1176 3615 1295 3680 refellit
1316 3619 1403 3680 anim
1427 3616 1500 3680 illas
1524 3615 1708 3698 blanditias,
1731 3616 1848 3699 quibus
1866 3616 2027 3698 putabant
2044 3616 2153 3681 Deum

146 3721 207 3776 me,
239 3703 323 3766 ratio
353 3703 425 3776 erit,
454 3703 606 3783 quoniam
635 3722 693 3785 per
722 3704 876 3767 circuitus
904 3701 965 3767 hoc
994 3722 1125 3785 semper
1175 3721 1270 3783 posse
1299 3701 1431 3783 placari.
1482 3700 1567 3765 Nam
1601 3722 1700 3784 quum
1733 3702 1768 3765 iu
1803 3722 1858 3766 ore
1893 3701 2050 3766 haberant
2083 3702 2153 3767 aius

145 3786 490 3868 captabant,nerecto
509 3788 680 3852 itinerare
698 3786 863 3851 adDaum
879 3798 1123 3853 converterent:
1176 3807 1304 3865 noman,
1328 3787 1485 3869 putabant
1507 3785 1567 3851 boc
1588 3787 1738 3852 sufficere
1761 3785 1801 3850 ad
1832 3786 2034 3868 probandam
2057 3809 2150 3852 suam

145 3870 207 3936 hoc
230 3872 318 3935 enim
341 3870 475 3936 solenne
493 3883 543 3938 ast
560 3871 751 3957 hypocritis,
774 3882 810 3936 ut
831 3882 997 3937 ostentant
1014 3876 1124 3955 poeni·
1174 3891 1314 3936 oausam.
1349 3870 1460 3952 Quid?
1482 3892 1590 3936 nonne
1608 3872 1798 3938 invocamus
1814 3872 1946 3937 Deum?
1970 3893 2078 3937 nonne
2097 3873 2150 3938 de-

145 3957 293 4032 tentiam,
325 3957 451 4023 interea
471 3967 582 4023 autem
613 3958 741 4042 fugiant
764 3957 882 4023 Deum.
926 3958 999 4023 Hoc
1022 3958 1123 4041 igitur
1174 3957 1311 4022 ferimus
1331 3959 1361 4022 ei
1378 3955 1523 4021 debitum
1547 3956 1712 4032 honorem,
1737 3957 1812 4039 quia
1833 3958 1978 4023 iuramus
1999 3979 2057 4039 par
2079 3960 2150 4025 eius

143 4043 216 4106 vult
239 4041 410 4125 propheta,
439 4044 465 4107 si
496 4043 580 4109 hauc
609 4044 782 4110 lectionem
811 4064 996 4127 sequamur,
1020 4045 1121 4110 Israel
1174 4045 1317 4106 nomen?
1357 4043 1418 4107 Εει
1438 4044 1525 4106 euim
1548 4042 1752 4126 synecdoche
1774 4044 1807 4105 in
1830 4043 2009 4124 prophetae
2032 4043 2149 4124 verbis,

144 4149 208 4193 non
231 4128 389 4208 estquod
412 4128 548 4209 posthac
575 4129 743 4194 existimes
777 4137 809 4194 te
838 4129 1014 4210 quidquam
1047 4149 1121 4212 pro·
1173 4128 1249 4208 quia
1264 4127 1490 4193 iusiurandum
1509 4127 1627 4210 accipit
1648 4148 1707 4210 pro
1730 4138 1797 4191 toto
1812 4126 1876 4192 Dei
1898 4129 2000 4216 cultu,
2036 4128 2148 4210 Quum

143 4214 250 4292 ficere,
284 4214 362 4277 dum
397 4214 632 4293 poenitentiam
666 4236 722 4279 ore
755 4214 870 4279 iactas:
903 4220 1051 4279 reuertere
1079 4216 1122 4281 att
1172 4234 1249 4297 ergo
1272 4234 1392 4278 noman
1416 4214 1478 4278 Dei
1500 4212 1714 4277 obtenderent
1736 4212 1906 4277 Israelitas
1933 4214 2092 4296 putabant
2113 4236 2149 4281 εε

143 4318 206 4363 me:
228 4298 289 4363 hoo
312 4311 370 4374 est,
394 4299 478 4364 scias
502 4298 562 4364 tibi
585 4302 753 4384 negotium
773 4320 845 4365 asse
867 4321 941 4366 cum
960 4301 1040 4374 Deo,
1064 4303 1119 4383 qui
1172 4301 1260 4363 omni
1277 4310 1370 4367 reatu
1386 4319 1458 4364 esse
1473 4298 1646 4363 absolutos.
1670 4298 1748 4362 Ideo
1764 4298 1842 4363 dicit
1857 4298 2031 4382 propheta:
2048 4299 2148 4365 Iura·

143 4404 209 4447 non
232 4383 365 4463 fallitur,
388 4384 663 4466 quemadmodum
682 4386 781 4450 etiam
805 4405 870 4450 non
893 4386 986 4450 fallit.
1024 4385 1120 4451 Boua
1170 4383 1218 4448 bis
1231 4386 1382 4450 amariter
1395 4384 1431 4448 in
1445 4385 1567 4449 nomine
1578 4383 1650 4464 Dei,
1662 4384 1777 4466 inquit,
1788 4382 1850 4450 hoc
1863 4396 1921 4463 est,
1936 4386 2004 4450 Vos
2016 4384 2146 4465 quidem

142 4468 246 4551 igitur
266 4468 330 4533 fida
352 4471 467 4535 redeas
496 4470 536 4534 ad
565 4491 627 4546 me,
656 4478 690 4536 et
710 4471 839 4537 sincera
861 4472 903 4534 sit
925 4492 961 4537 ac
984 4473 1119 4537 minime
1171 4470 1243 4534 idao
1259 4470 1365 4536 securi
1381 4471 1468 4551 estis,
1485 4470 1562 4550 quia
1584 4469 1739 4549 professio
1755 4479 1892 4534 externa
1909 4471 2039 4552 pietatis
2054 4469 2147 4535 vida·

141 4553 244 4618 fallax
267 4563 324 4617 tua
345 4556 524 4622 conversio.
570 4555 608 4621 si
638 4565 746 4620 autam
776 4555 921 4621 secundo
950 4557 1021 4621 loao
1044 4579 1118 4623 ver·
1171 4568 1226 4621 tur
1241 4557 1334 4621 vobis
1357 4576 1428 4621 esse
1450 4553 1608 4636 quaedam
1631 4554 1782 4635 expiatio,
1805 4557 1930 4638 quoties
1952 4556 2053 4620 vultis
2075 4554 2147 4621 Deo

143 4637 218 4702 burn
242 4650 329 4706 2th
347 4640 448 4706 ¹aliter
475 4642 621 4723 accipere
650 4640 785 4723 placeat,
815 4648 926 4706 tamen
955 4642 989 4706 in
1020 4664 1119 4708 sensu
1169 4642 1281 4708 litare:
1311 4640 1440 4706 iactatis
1463 4660 1521 4704 vos
1544 4660 1615 4704 asso
1636 4639 1789 4705 Abrahae
1819 4660 1940 4716 samen,
1970 4650 2002 4704 ει
2031 4641 2146 4705 iuratis
2215 4654 2221 4665 ·

142 4744 210 4789 nou
244 4726 308 4789 erit
339 4745 458 4808 magna
491 4726 682 4807 diversitas,
714 4725 835 4803 Israel,
869 4729 897 4791 si
932 4731 1117 4806 revertaris,
1169 4730 1309 4810 danique
1331 4747 1389 4810 per
1411 4746 1530 4790 nomen
1555 4725 1632 4789 Dei:
1662 4725 1753 4808 atqui
1775 4726 1855 4791 estis
1877 4724 2037 4810 sacrilegi,
2067 4725 2146 4790 dum

142 4811 289 4892 quiescas
317 4809 404 4891 apud
432 4833 494 4890 me,
525 4811 587 4877 hoo
608 4823 668 4893 ast,
697 4812 748 4877 No
777 4812 953 4895 quidquam
984 4814 1119 4896 posthac
1170 4817 1216 4878 ita
1243 4815 1324 4879 falso
1353 4809 1530 4877 obtenditis
1559 4810 1622 4874 Dei
1652 4831 1781 4876 nomen.
1831 4810 1956 4893 furate,
1986 4831 2080 4895 ergo,
2110 4813 2146 4876 in

141 4897 185 4960 sit
206 4896 266 4961 tibi
289 4896 410 4978 negotii
431 4917 506 4962 oum
527 4898 632 4973 idolis,
662 4907 696 4964 et
717 4899 782 4963 tuis
803 4900 967 4980 perversis
993 4899 1117 4981 cupidi·
1168 4900 1303 4983 ueritate,
1332 4898 1451 4980 inquit.
1496 4896 1592 4960 Nunc
1620 4895 1771 4962 videmus
1805 4896 1965 4978 quomodo
1994 4897 2082 4961 inter
2110 4918 2146 4961 sa

141 4981 273 5047 tatibus.
318 4981 373 5046 Ita
401 4980 544 5047 breviter
573 4982 666 5050 docet
693 4983 853 5067 propheta
882 4983 1015 5050 modum
1045 5004 1120 5050 oon·
1168 4985 1365 5051 cohaereant
1391 4980 1569 5065 prophetae
1592 4980 1705 5046 verba:
1736 4980 1866 5046 dixerat
1887 4982 2045 5048 Israelem
2068 4983 2144 5048 hac·

140 5066 303 5132 versionis
327 5088 391 5131 non
421 5067 521 5132 alium
551 5089 632 5151 esso,
660 5070 723 5135 nisi
748 5078 785 5133 ut
806 5068 909 5133 Israel
933 5071 1119 5153 acquiescat
1170 5080 1265 5135 tonus
1287 5071 1461 5134 mentitum
1484 5067 1583 5132 fuisse
1606 5068 1687 5143 Deo,
1710 5069 1863 5149 quoniam
1886 5087 1953 5132 nou
1976 5070 2145 5151 praestite-

141 5152 176 5216 in
208 5153 275 5219 solo
310 5152 398 5236 Deo,
432 5173 538 5234 neque
571 5154 711 5237 amplius
742 5155 992 5220 circumferatur
1024 5159 1118 5241 vagis
1169 5166 1221 5222 rat
1253 5153 1339 5239 quod
1364 5154 1473 5218 verbis
1507 5152 1729 5234 pollicebatur.
1782 5153 1864 5217 Erat
1893 5154 1982 5218 enim
2014 5174 2144 5236 semper

142 5237 211 5303 suis
244 5238 486 5320 cupiditatibus,
520 5247 557 5303 ut
589 5261 686 5324 saepe
718 5240 857 5306 fecerat:
890 5250 923 5306 et
955 5243 1002 5306 ita
1035 5244 1118 5311 bene
1169 5262 1292 5324 vagus:
1324 5241 1389 5304 iam
1413 5237 1563 5322 adiungit
1586 5260 1651 5304 nou
1675 5237 1836 5321 prodesse,
1866 5237 1951 5321 quod
1974 5240 2143 5305 israelitae
