4784 5970
119 374 182 439 477
868 376 917 441 IN
939 375 1188 443 IEREMIAM.
1224 375 1325 442 cnP.
1348 374 1374 441 Ι.
2055 383 2119 448 478

121 562 218 625 lectu.
263 563 309 627 Et
330 562 452 629 scimus
474 584 515 627 ex
538 562 631 629 bonis
661 564 830 647 prinoipiie
858 585 956 647 saepe
987 562 1097 646 aliqua
1149 564 1205 628 fiet
1227 573 1264 627 ut
1286 582 1382 628 nemo
1405 562 1505 629 stulte
1527 585 1562 630 ιι
1584 564 1727 650 ingerat,
1756 575 1789 632 et
1810 568 1872 634 sibi
1895 579 2025 655 arroget
2046 572 2122 655 plus

121 647 203 712 vitia
224 648 319 713 oriri:
343 648 399 712 sod
418 658 529 713 tamen
550 650 584 713 in
604 648 744 714 Ieremia
762 649 823 715 hoo
842 648 905 714 fuit
923 649 1096 731 laudabile,
1149 668 1246 731 quam
1268 656 1405 732 oportet.
1441 648 1615 716 Caeterum
1633 651 1689 716 ubi
1706 650 1799 718 Deus
1817 674 1879 719 nos
1896 666 2000 735 vooat,
2023 659 2120 722 etiam

121 732 206 813 quod
228 734 359 817 putavit
381 732 442 798 sibi
464 755 530 798 non
555 746 730 818 suppetere
748 736 834 800 vires
852 735 893 799 ad
911 734 1095 801 obeundum
1148 735 1175 798 si
1204 733 1314 798 omnio
1347 753 1405 799 nos
1439 733 1606 816 defioiant,
1639 745 1751 801 tamen
1785 739 2029 822 obsequendum
2062 753 2120 807 ιιι.

121 817 347 901 propheticum
375 839 511 885 munus:
545 827 579 884 ιι
605 821 733 902 optavit
760 820 894 884 veniam
924 819 986 886 sibi
1016 819 1095 897 dari,
1148 819 1192 883 Et
1214 818 1380 902 colligitur
1401 817 1482 885 haee
1504 820 1652 887 doetrina
1674 843 1715 886 ex
1734 821 1799 887 Dei
1817 823 1933 902 verbis,
1956 825 2012 890 ubi
2035 826 2121 904 dioit,

120 911 154 967 ιι
176 905 277 969 alium
300 905 393 988 eligi,
427 907 482 988 qui
505 905 662 988 ampliore
685 906 801 989 spiritu
833 917 865 970 et
891 905 1096 971 uberioribus
1150 903 1200 968 Ne
1220 904 1318 987 dicae,
1336 924 1418 986 puer
1434 925 1514 986 mm,
1537 907 1598 972 hoe
1620 915 1681 984 eet,
1704 907 1801 972 etiam
1825 909 1852 974 si
1876 911 1998 976 sentias
2021 921 2052 976 ιι
2074 912 2121 975 ι·

121 988 214 1053 donis
238 1001 324 1054 esset
346 989 521 1072 praeditus.
567 990 649 1055 Cras
671 1011 850 1073 prosequar
872 992 1007 1074 reliqua.
1148 990 1270 1055 cultata
1292 990 1434 1070 destitui,
1457 991 1503 1055 sis
1526 991 1583 1055 tibi
1606 994 1756 1057 conscius
1780 995 1930 1077 propriae
1947 996 2121 1061 infirmita-

1149 1075 1203 1158 tis,
1225 1080 1327 1139 ιαιιιιιι
1348 1075 1418 1151 tur,
1450 1075 1512 1141 hoo
1533 1086 1592 1155 ιιι,
1621 1095 1740 1143 moroso
1761 1084 1805 1144 eet
1825 1085 1853 1144 te
1874 1081 1922 1145 ire
1940 1101 2122 1163 quocunque

480 1182 537 1241 pp
545 1180 604 1242 EO
610 1181 737 1243 gp10,
1147 1161 1319 1225 temisero.
1364 1161 1480 1244 Exigit
1500 1162 1589 1226 enim
1613 1163 1704 1230 Deus
1726 1163 1917 1247 simpliciter
1943 1167 2003 1231 sibi
2034 1167 2122 1232 huno

1149 1246 1307 1310 honorem
1320 1245 1447 1325 deferri,
1466 1255 1503 1312 ut
1514 1247 1673 1326 homines,
1693 1249 1791 1313 etiam
1806 1250 1832 1316 si
1850 1250 1988 1316 facultas
2004 1253 2122 1335 agendi

204 1328 261 1394 Do
282 1331 473 1410 ιιιιιιριιιιιι
495 1331 599 1412 Deae,
629 1352 724 1414 qutun
744 1352 807 1398 aori
828 1332 918 1398 modo
938 1332 1097 1398 cortoulae·
1148 1351 1215 1395 non
1245 1340 1411 1413 suppetat,
1441 1331 1667 1416 obtemperent
1700 1341 1812 1400 tamen
1845 1335 1916 1401 eius
1948 1335 2121 1402 mandatis.

119 1411 166 1476 rie
195 1415 289 1478 ceteri
318 1420 391 1480 tuac
420 1418 578 1499 ecclesiae,
611 1415 665 1482 abi
698 1417 821 1500 elegisti
852 1437 977 1483 ιιιιιιιιι
1007 1424 1096 1484 tuum
1148 1417 1268 1482 Postea
1288 1417 1437 1499 sequitur
1990 1431 1993 1435 ’

120 1496 307 1565 Ieremicm:
336 1502 669 1567 recommiscere
696 1509 803 1568 uestra
831 1502 889 1568 bac
917 1508 1015 1569 aetate
1043 1524 1095 1569 ce-

120 1588 204 1647 starc
223 1584 361 1664 fructum
381 1586 499 1652 ιιιινιι
520 1589 604 1653 eiua:
624 1589 677 1672 da,
700 1591 839 1672 iuquam,
863 1608 902 1654 oc
916 1589 973 1654 tibi
994 1590 1096 1655 simus
1234 1587 1263 1652 8.
1296 1586 1347 1650 Ne
1368 1586 1519 1653 tomara
1546 1589 1628 1669 facie
1657 1590 1811 1671 ipsorum,
1841 1592 1917 1673 quio
1944 1596 2043 1658 tecum
2070 1613 2123 1676 eoo

121 1669 247 1751 ingrati,
270 1671 325 1737 sed
345 1677 430 1737 tauto
451 1673 592 1753 beneficio
612 1675 658 1740 cic
678 1673 838 1757 fruamur,
860 1679 896 1739 at
914 1675 1039 1756 fructae
1062 1675 1096 1740 ιιι
1147 1671 1193 1821 ῼι
1219 1680 1284 1750 ιιι,
1318 1692 1378 1755 ego
1408 1693 1483 1737 eum
1512 1673 1634 1760 tecum)
1667 1676 1711 1742 ad
1742 1676 1938 1756 eripiendum
1970 1683 2013 1757 te,
2047 1678 2123 1744 dicit

119 1752 208 1818 uobis
237 1763 392 1838 appareat
423 1759 458 1822 ia
488 1759 626 1842 gloriam
657 1761 795 1824 comitio
826 1760 890 1838 tui,
922 1780 1030 1842 rumpe
1061 1764 1096 1826 at
1169 1757 1292 1823 chaoal.

119 1839 280 1906 discamus
312 1861 368 1907 taos
400 1849 474 1910 totae
506 1843 563 1907 tibi
595 1845 739 1910 addicere
770 1846 806 1908 ia
838 1845 1031 1927 obsequium,
1068 1850 1097 1910 et

119 1925 252 2006 quisquc
272 1927 319 1991 ita
342 1928 502 2009 inpendat
523 1929 580 1993 tibi
601 1949 692 1994 suom
722 1949 848 2011 operam
876 1931 913 1995 ia
940 1932 1096 1996 vocatione
1233 1927 1413 1993 Possumus
1442 1948 1484 1992 ex
1517 1928 1579 1993 hoo
1618 1950 1714 1994 versu
1755 1928 1907 2014 colligere
1939 1930 2123 2012 Ieremiem,

118 2028 190 2087 suu,
212 2015 247 2074 at
268 2011 387 2077 intereo
415 2015 588 2080 coniunctis
617 2015 736 2080 auimio
764 2016 945 2080 studeamus
967 2036 1094 2096 prorae·
1149 2033 1250 2094 quum
1280 2013 1408 2077 videret
1436 2034 1470 2078 ιι
1500 2013 1608 2078 vooari
1638 2012 1678 2077 ad
1708 2036 1827 2098 graves
1856 2028 1889 2079 et
1917 2016 2017 2082 duros
2047 2039 2123 2082 oon-

119 2113 188 2158 oere
208 2098 344 2162 caninis
365 2099 412 2163 tui
434 2098 688 2182 amplitudinem,
717 2105 746 2165 et
766 2120 898 2183 regnam
919 2101 1013 2165 etiam
1033 2101 1096 2182 ulit
1148 2098 1272 2175 fliotus,
1306 2097 1406 2162 luisse
1429 2097 1612 2177 turbatum,
1647 2100 1724 2181 quia
1754 2121 1820 2165 non
1843 2110 1914 2165 erat
1937 2111 2065 2166 tantum
2088 2103 2123 2166 in

119 2180 167 2242 tui
186 2182 356 2265 unigeniti,
387 2185 478 2250 donoc
500 2186 663 2267 perfuncti
690 2190 796 2252 uootra
824 2185 949 2250 molitio
970 2187 1096 2252 taudem
1148 2184 1218 2265 ipso
1237 2181 1369 2258 roboris,
1392 2193 1430 2248 ut
1447 2192 1635 2248 constanter
1652 2192 1750 2266 atque
1768 2185 1930 2269 intrepide
1948 2186 2122 2252 laoesseret

113 2267 337 2344 perveniamus
359 2270 394 2334 ia
416 2270 569 2336 coetestem
599 2272 746 2354 quietem,
777 2292 856 2352 qaae
883 2271 972 2336 uobis
997 2277 1096 2352 porta
1149 2277 1196 2333 tot
1226 2269 1349 2342 hostes,
1389 2276 1421 2333 et
1448 2271 1516 2332 tam
1545 2267 1713 2334 violentos.
1765 2270 1910 2336 Videbat
1942 2272 2031 2336 enim
2060 2273 2124 2338 sibi

117 2349 182 2429 fuit
203 2351 340 2418 eiusdem
359 2354 424 2435 filii
444 2358 492 2421 tui
513 2359 676 2440 sauguine,
700 2361 812 2422 Amen.
1148 2354 1316 2436 negotium
1339 2352 1407 2417 fore
1429 2373 1504 2419 oum
1527 2354 1646 2436 populo
1676 2355 1848 2438 degenere.
1894 2356 1980 2421 Nam
2010 2376 2123 2423 omnes

1148 2439 1216 2503 fere
1238 2438 1443 2503 desciverant
1465 2461 1484 2503 a
1506 2438 1577 2521 lege
1600 2437 1677 2504 Dei:
1708 2447 1741 2505 ιι
1763 2460 1863 2522 quum
1886 2462 2023 2507 excusso
2046 2443 2123 2526 iugo

206 2522 288 2587 Heri
313 2523 434 2590 dietum
457 2527 519 2590 fuit
546 2548 605 2592 eur
629 2526 724 2592 initio
753 2525 985 2592 detrectaverit
1005 2527 1096 2592 Iere·
1148 2524 1212 2588 iam
1235 2545 1255 2589 a
1277 2523 1388 2587 multis
1410 2523 1507 2587 annis
1529 2525 1575 2589 ita
1598 2533 1750 2607 proterve
1772 2526 2008 2602 exsultassent,
2041 2528 2123 2592 diffi-

119 2606 202 2671 mias
224 2610 426 2689 provinciam
451 2611 603 2690 docendi,
633 2632 751 2694 nempe
773 2612 850 2693 quia
872 2633 937 2676 non
960 2612 1095 2692 putabet
1147 2609 1210 2673 oile
1232 2618 1304 2673 erat
1324 2608 1412 2690 ipsos
1438 2628 1593 2673 revocare
1622 2609 1662 2674 ad
1692 2611 1881 2692 obsequium
1913 2622 1946 2676 ιι
1973 2612 2121 2677 modera-

120 2712 154 2755 se
177 2693 245 2756 lore
268 2713 397 2774 parem:
431 2705 464 2759 ιι
485 2696 548 2761 heo
570 2697 696 2760 ratione
726 2697 862 2762 vocabat
889 2718 923 2762 se
945 2716 1094 2780 puerum,
1148 2694 1280 2757 tionem.
1324 2694 1472 2775 Apparet
1492 2693 1597 2777 igitur
1619 2696 1811 2776 prophetam
1840 2696 1903 2761 heo
1932 2697 2122 2763 diffioultate

119 2795 186 2839 non
209 2787 326 2855 aetate,
359 2779 415 2844 sed
438 2782 515 2862 quia
536 2802 646 2846 rerum
670 2790 741 2846 erat
761 2783 943 2864 imperitus.
988 2781 1094 2847 Meta·
1148 2779 1246 2843 fuisse
1269 2776 1445 2843 oobibitum
1475 2798 1515 2842 ne
1545 2777 1678 2844 auderet
1707 2781 1870 2863 suscipere
1896 2782 2121 2865 propheticum

26 2882 32 2895 ·
118 2859 251 2943 phorioe
273 2864 375 2947 igitur
397 2867 553 2948 aoeipitur
571 2866 633 2933 boo
650 2887 778 2943 nomen,
802 2867 955 2949 quoniam
974 2867 1095 2932 fatetur
1148 2884 1276 2928 munus.
1311 2861 1446 2928 (lartum
1470 2864 1558 2928 enim
1581 2874 1640 2941 est,
1665 2865 1771 2929 Deum
1796 2864 1983 2933 adhibuisse
2004 2888 2122 2951 oppor-

118 2946 336 3030 prophetase
364 2971 468 3032 neque
498 2953 648 3032 scientia,
682 2973 787 3036 neque
819 2972 881 3017 usu
914 2953 994 3017 satis
1023 2972 1094 3018 esee
1147 2957 1262 3014 tenum
1288 2946 1468 3013 remedium
1499 2949 1567 3014 eius
1597 2949 1716 3014 timori.
1762 2950 1851 3030 Quid
1881 2961 1992 3017 autem
2021 2953 2122 3018 dicit?

118 3037 327 3100 instructum.
374 3036 460 3100 Nam
493 3037 604 3120 inepte
637 3037 698 3103 hoo
732 3036 773 3101 ad
806 3046 962 3119 aetatem,
996 3037 1094 3103 siouti
1149 3034 1199 3099 Nc
1228 3034 1341 3101 timeae
1374 3053 1395 3098 a
1426 3034 1510 3115 facie
1542 3034 1692 3116 ipsorum.
1736 3035 1828 3119 Ergo
1862 3058 1964 3120 quum
1996 3037 2123 3105 dicebat

120 3119 198 3198 dixi,
221 3121 358 3187 trahunt
380 3122 521 3204 quidam.
567 3122 729 3204 Quamvis
749 3143 827 3207 ergo
849 3122 982 3188 adultae
1007 3135 1095 3188 esset
1145 3118 1303 3185 Ieremias
1320 3139 1356 3184 se
1373 3139 1449 3192 esse¹
1462 3140 1611 3202 puerum,
1629 3121 1831 3205 respieiebat,
1849 3122 2122 3204 quemadmodum

120 3206 253 3283 aetatis,
286 3213 397 3272 tamen
431 3220 566 3290 propter
598 3209 813 3293 imperitiam,
848 3216 881 3274 ιι
914 3208 990 3290 quie
1023 3229 1091 3272 non
1146 3207 1211 3270 iam
1234 3204 1338 3288 attigi,
1368 3203 1408 3269 ad
1431 3205 1520 3269 illam
1544 3204 1781 3286 difficultatem,
1811 3207 1896 3289 quod
1919 3207 2041 3274 seilioet
2063 3211 2122 3275 vix

119 3290 260 3374 pollebat
283 3294 472 3358 neeessariis
495 3293 623 3360 dotibus
646 3293 687 3358 ad
710 3303 777 3359 tem
797 3292 1000 3377 praeclarum
1020 3314 1092 3358 mu·
1146 3298 1258 3373 posset
1279 3288 1389 3354 subire
1409 3298 1474 3354 tam
1495 3310 1610 3373 aspera
1629 3293 1818 3368 certamina,
1842 3313 1925 3375 quae
1942 3294 2122 3377 instabant,

119 3396 199 3456 nus,
238 3376 311 3442 ideo
343 3398 483 3460 puerum
517 3399 552 3444 ιι
593 3380 751 3445 nominat.
808 3379 905 3446 Nune
945 3380 1093 3461 sequitur
1146 3396 1219 3442 eum
1242 3375 1362 3457 populo
1384 3373 1441 3439 illo
1464 3374 1577 3440 rebelli
1600 3385 1632 3440 ιι
1653 3378 1719 3441 iam
1743 3376 1901 3443 obdurato
1920 3379 1954 3442 in
1974 3400 2033 3443 sna
2054 3399 2121 3443 ma-

118 3463 298 3544 responsio,
332 3463 383 3527 Nc
404 3464 503 3547 dicus,
523 3484 608 3546 puer
628 3485 708 3541 earu,
732 3465 809 3546 quia
831 3465 901 3543 aas,
923 3474 982 3530 ete.
1027 3464 1093 3531 Hie
1146 3460 1225 3526 litia.
1270 3459 1430 3524 Videmus
1453 3479 1532 3543 ergo
1556 3470 1593 3524 ut
1622 3460 1750 3542 oblique
1779 3461 2009 3528 detrectaverit
2037 3484 2121 3531 onus

118 3547 210 3611 Deus
233 3567 298 3611 non
330 3557 458 3614 tantum
486 3549 645 3633 praedicit
672 3549 749 3633 quid
779 3551 924 3615 facturus
950 3549 994 3614 sit·
1022 3569 1094 3631 pro·
1147 3546 1208 3612 sibi
1229 3545 1435 3628 impositum,
1466 3544 1633 3626 quianon
1657 3544 1797 3611 audebat
1822 3546 1945 3630 palam,
1976 3553 2007 3611 et
2029 3548 2122 3631 inge·

118 3631 234 3713 pheta,
268 3634 323 3696 sed
350 3633 524 3699 denuntiat
551 3636 630 3719 quid
658 3635 740 3701 velit
767 3635 873 3716 ipsum
904 3635 1026 3712 faeere,
1060 3644 1094 3699 st
1147 3652 1227 3710 nus,
1260 3639 1294 3693 ιι
1322 3629 1444 3711 apertis
1474 3629 1582 3694 verbis
1614 3630 1708 3694 lateri
1740 3631 1825 3711 qnod
1855 3651 1908 3696 res
1928 3639 2008 3697 erat.
2053 3632 2121 3698 Sed

120 3715 197 3799 quid
218 3719 330 3801 exigat
352 3719 392 3784 ah
415 3720 505 3802 ipso:
539 3722 633 3804 quasi
656 3719 786 3798 diceret,
810 3718 917 3782 Tuum
940 3730 991 3784 est
1012 3718 1094 3783 mihi
1147 3716 1239 3781 Deus
1262 3715 1315 3797 qui
1340 3722 1490 3796 penetrat
1511 3714 1545 3777 in
1568 3711 1665 3779 corda
1687 3714 1870 3797 hominum,
1900 3724 1934 3782 ιι
1954 3720 2122 3802 cognoscit

119 3821 252 3886 parere,
288 3804 442 3883 quoniam
475 3824 575 3887 penes
609 3825 659 3870 me
692 3813 741 3870 est
773 3811 918 3887 potestas
949 3804 1093 3870 iubendi.
1147 3820 1261 3866 omnes
1293 3819 1409 3865 sensus
1448 3799 1607 3878 oooultos,
1648 3799 1813 3866 medetur*
1836 3803 1906 3866 ιιιιι
1943 3803 2121 3889 timiditati,

119 3886 211 3969 Ergo
235 3907 365 3951 neeesse
387 3903 451 3964 est,
481 3895 518 3953 ιιι
540 3909 656 3973 pergas
679 3909 873 3973 quoeunque
903 3895 934 3953 ιι
956 3890 1093 3955 misero:
1146 3906 1246 3971 quum
1270 3883 1364 3962 dicit,
1395 3882 1445 3949 Ne
1464 3884 1576 3950 timeae
1597 3904 1618 3948 a
1638 3885 1721 3967 facie
1749 3887 1901 3968 ipsorum.
1946 3887 2123 3954 (laetorum

120 3970 238 4035 deinde
261 3983 296 4034 ut
318 3973 465 4054 proferas
487 3994 699 4057 quaecunque
720 3994 913 4058 praeoepero
928 3974 997 4041 tibi.
1031 3974 1095 4040 Ηιι
1146 3970 1287 4037 ostendit
1310 3971 1363 4033 hic
1384 3968 1475 4035 loeus
1498 3979 1576 4034 tuno
1598 3970 1645 4034 ita
1666 3970 1847 4036 invaluisse
1865 3975 2067 4054 corruptelas
2086 3974 2122 4040 in

121 4067 231 4126 autem
248 4058 357 4123 verbis
376 4057 528 4124 admonet
546 4058 638 4124 Deus
657 4080 788 4125 servum
809 4081 916 4136 suum,
939 4081 1005 4124 non
1021 4079 1095 4126 esse
1146 4058 1248 4123 electo
1270 4054 1408 4138 populo,
1436 4064 1473 4118 ut
1495 4074 1592 4118 nemo
1614 4075 1657 4120 ex
1679 4056 1786 4120 servis
1808 4055 1871 4121 Dei
1899 4067 2007 4140 posset
2029 4071 2122 4124 tran·

120 4161 179 4206 our
200 4142 308 4225 ipsum
341 4152 463 4209 terreat
495 4145 638 4228 cognitio
670 4147 822 4228 propriae
852 4145 1093 4222 imbeoillitatis,
1146 4141 1245 4226 quille
1278 4139 1414 4223 exsequi
1446 4160 1566 4205 munus
1598 4161 1704 4206 suum.
1762 4139 1798 4207 Si
1831 4144 1999 4227 negotium
2034 4149 2122 4210 osset

121 4229 197 4310 quia
219 4228 368 4295 sufficere
391 4228 507 4294 debeat
528 4230 720 4312 simplieiter
742 4232 874 4312 obsequi
901 4230 1004 4314 ipsius
1033 4231 1093 4294 im·
1146 4226 1314 4310 prophetis
1344 4240 1376 4289 et
1406 4223 1591 4290 dootoribus
1621 4245 1694 4290 eum
1722 4225 1832 4308 aliquo
1863 4228 1983 4313 populo
2013 4229 2120 4311 dooili,

120 4316 220 4396 perio.
264 4314 309 4379 Et
332 4314 413 4381 baeu
435 4314 583 4380 doetrina
604 4317 738 4400 cognitu
761 4317 908 4398 apprime
926 4314 1017 4380 utilis
1035 4324 1093 4380 est.
1146 4335 1210 4378 non
1234 4320 1319 4377 esset
1340 4309 1583 4393 praeliandum:
1617 4310 1673 4375 sed
1702 4311 1758 4376 ubi
1788 4312 1897 4378 nullus
1919 4320 1970 4380 ιιι
1991 4313 2056 4379 Ι)ιι
2079 4316 2120 4378 ti·

120 4400 207 4464 Nam
230 4401 324 4465 sicuti
353 4400 438 4467 nihil
467 4399 602 4485 aggredi
632 4408 760 4484 oportet
790 4411 965 4484 antequam
994 4398 1095 4483 probe
1146 4419 1227 4476 mor,
1251 4418 1312 4462 neo
1333 4397 1528 4474 reverentia,
1549 4396 1616 4460 imo
1638 4395 1695 4461 ubi
1717 4396 1868 4462 feruntur
1883 4399 2032 4464 homines
2048 4406 2120 4481 post

121 4484 371 4567 expenderimus
400 4485 477 4569 quid
511 4487 597 4552 vires
631 4494 762 4551 nostrae
795 4487 921 4564 ferent,
959 4485 1005 4550 ita
1038 4485 1094 4550 uhi
1145 4502 1279 4550 suarum
1301 4480 1520 4564 eupiditatum
1542 4480 1693 4564 impetus,
1716 4502 1811 4547 nemo
1832 4484 1905 4565 pius
1924 4483 2035 4549 doctor
2048 4484 2119 4548 offi-

120 4569 213 4634 Deus
239 4569 361 4652 aliquid
388 4571 551 4655 iniungit,
585 4573 679 4654 quasi
707 4571 826 4637 clausis
855 4572 956 4636 oeulis
985 4571 1093 4635 statim
1146 4569 1232 4635 oium
1255 4587 1350 4632 suum
1381 4575 1490 4648 potest
1520 4585 1690 4649 exeruere,
1723 4569 1800 4649 quin
1831 4574 1976 4634 armatus
2003 4568 2047 4634 sit
2076 4569 2119 4633 ad

121 4674 192 4719 moe
214 4654 376 4736 gerendus
399 4667 449 4721 ιιι
470 4658 539 4721 eius
563 4658 671 4723 verbo.
706 4657 825 4722 Merito
847 4657 1000 4721 laudatur
1019 4676 1095 4738 pru·
1145 4653 1314 4737 praelium.
1359 4651 1432 4716 Hoo
1459 4651 1562 4734 igitur
1591 4652 1756 4736 signifieat
1776 4651 1885 4734 Deus,
1915 4672 2017 4735 quum
2045 4674 2120 4736 pro·

122 4739 236 4805 <lentie
258 4741 290 4804 in
314 4741 542 4824 seriptorihus:
576 4751 609 4807 et
631 4741 692 4808 boo
714 4743 811 4806 etiam
834 4750 941 4824 potest
962 4741 1095 4806 extendi
1145 4739 1279 4823 phetam
1302 4757 1400 4803 suum
1422 4736 1512 4801 iubet
1534 4756 1605 4802 esse
1628 4738 1714 4803 bono
1738 4738 1857 4815 animo,
1888 4739 1965 4821 quia
1987 4738 2119 4805 videbat

122 4825 163 4892 ad
186 4825 266 4890 alios
287 4846 401 4891 omnes
423 4827 629 4911 generaliter,
658 4848 776 4910 nempe
797 4825 874 4910 quid
897 4826 981 4891 terre
1003 4847 1094 4892 reeu-
1146 4823 1282 4889 totidem
1306 4823 1373 4888 fore
1395 4821 1445 4886 illi
1475 4820 1601 4900 hostes,
1631 4832 1789 4905 quotquot
1819 4824 2055 4904 profitebantur
2084 4845 2119 4889 se

122 4922 213 4994 sent,
247 4909 325 4994 quid
356 4912 488 4977 valeant
513 4911 649 4977 humeri.
694 4912 792 4978 Unde
819 4911 908 4976 enim
935 4919 1029 4976 tanta
1058 4912 1093 4975 in
1146 4930 1217 4975 esse
1239 4909 1323 4973 tilios
1344 4905 1506 4973 Abrahae.
1551 4906 1596 4971 llt
1618 4906 1761 4972 notanda
1790 4912 1841 4972 ιιι
1869 4910 1952 4973 ratio
1980 4909 2118 4974 fiduciae

120 4996 283 5082 plerisque
305 4996 442 5064 audacia
464 5005 498 5062 et
519 4998 696 5080 temeritas,
719 4997 784 5062 nisi
805 4997 957 5080 qnoniam
976 4995 1095 5061 fiducia
1145 5006 1179 5060 et
1207 4994 1392 5060 securitatis
1421 5012 1508 5074 quae
1537 4992 1685 5073 additur,
1720 4991 1877 5090 Quoamm
1902 5013 1972 5076 epa,
1999 4994 2117 5076 inquit,

121 5082 228 5148 inflati
250 5102 321 5147 sese
342 5080 539 5166 proiioiunt?
584 5083 674 5167 Ergo
694 5083 729 5147 in
753 5080 934 5148 aetionibus
963 5081 1024 5147 hoo
1045 5090 1096 5146 ιιι
1145 5100 1216 5145 oum
1238 5085 1345 5161 ιιιιιιι,
1366 5083 1402 5142 ut
1422 5082 1450 5142 tc
1471 5078 1615 5159 ιιιιιιιι.
1649 5077 1713 5142 Ηιι
1736 5097 1823 5142 emm
1842 5078 1950 5144 verbis
1965 5077 2119 5144 admonet

122 5167 213 5250 quasi
236 5167 420 5252 legitimum
449 5168 663 5252 principium,
696 5176 735 5234 ut
764 5167 901 5250 quisque
929 5164 1095 5249 expendat
1145 5167 1237 5230 Deus
1259 5167 1339 5229 satie
1360 5163 1430 5229 fore
1459 5163 1612 5246 praesidii
1642 5163 1676 5226 in
1705 5181 1765 5227 sua
1794 5180 1894 5227 manu
1924 5172 1957 5230 ιι
1987 5164 2118 5242 virtute,

123 5255 211 5319 vires
233 5273 316 5333 suas,
340 5263 372 5320 ιι
393 5253 565 5322 eonsilium
587 5260 679 5336 petat
701 5275 743 5320 ex
765 5274 825 5319 sue
848 5271 1009 5319 mensura.
1043 5250 1095 5315 Ita
1146 5273 1187 5315 ne
1220 5248 1377 5333 propheta
1411 5247 1551 5313 furorem
1586 5247 1693 5331 gentis
1726 5266 1804 5312 suae
1846 5256 1978 5316 metuat.
2035 5249 2118 5315 Erat
