<?xml version="1.0" encoding="UTF-8"?>
<!DOCTYPE html PUBLIC "-//W3C//DTD XHTML 1.0 Transitional//EN"
    "http://www.w3.org/TR/xhtml1/DTD/xhtml1-transitional.dtd">
<html xmlns="http://www.w3.org/1999/xhtml" xml:lang="en" lang="en">
 <head>
  <title>
</title>
<meta http-equiv="Content-Type" content="text/html;charset=utf-8" />
  <meta name='ocr-system' content='tesseract 3.04.00' />
  <meta name='ocr-capabilities' content='ocr_page ocr_carea ocr_par ocr_line ocrx_word'/>
</head>
<body>
  <div class='ocr_page' id='page_1' title='image "./corpusreformato04melagoog_0314.png"; bbox 0 0 4784 5970; ppageno 0'>
   <div class='ocr_carea' id='block_1_1' title="bbox 124 395 2134 467">
    <p class='ocr_par' dir='ltr' id='par_1_1' title="bbox 124 395 2134 467">
     <span class='ocr_line' id='line_1_1' title="bbox 124 395 2134 467; baseline 0.002 -5"><span class='ocrx_word' id='word_1_1' title='bbox 124 398 187 464; x_wconf 76' lang='lat' dir='ltr'><strong>eet</strong></span> <span class='ocrx_word' id='word_1_2' title='bbox 849 396 899 461; x_wconf 89' lang='lat' dir='ltr'><strong>IN</strong></span> <span class='ocrx_word' id='word_1_3' title='bbox 921 395 1173 463; x_wconf 74' lang='lat' dir='ltr'><strong>quentati.</strong></span> <span class='ocrx_word' id='word_1_4' title='bbox 1217 397 1318 465; x_wconf 80' lang='lat' dir='ltr'><strong>cuP.</strong></span> <span class='ocrx_word' id='word_1_5' title='bbox 1340 398 1402 464; x_wconf 89' lang='lat' dir='ltr'><strong>IV.</strong></span> <span class='ocrx_word' id='word_1_6' title='bbox 2069 400 2134 467; x_wconf 80' lang='lat'><strong>598</strong></span> 
     </span>
    </p>
   </div>
   <div class='ocr_carea' id='block_1_2' title="bbox 119 585 2137 5113">
    <p class='ocr_par' dir='ltr' id='par_1_2' title="bbox 119 585 2137 3320">
     <span class='ocr_line' id='line_1_2' title="bbox 124 585 2134 682; baseline 0.001 -30"><span class='ocrx_word' id='word_1_7' title='bbox 124 588 304 653; x_wconf 89' lang='lat' dir='ltr'><strong>humanum</strong></span> <span class='ocrx_word' id='word_1_8' title='bbox 327 606 440 670; x_wconf 76' lang='lat' dir='ltr'><strong>genus,</strong></span> <span class='ocrx_word' id='word_1_9' title='bbox 462 587 612 652; x_wconf 79' lang='lat' dir='ltr'><strong>ridentur</strong></span> <span class='ocrx_word' id='word_1_10' title='bbox 629 606 743 651; x_wconf 86' lang='lat' dir='ltr'><strong>omnes</strong></span> <span class='ocrx_word' id='word_1_11' title='bbox 763 586 833 652; x_wconf 90' lang='lat' dir='ltr'><strong>eius</strong></span> <span class='ocrx_word' id='word_1_12' title='bbox 850 585 970 663; x_wconf 92' lang='lat' dir='ltr'><strong>minae,</strong></span> <span class='ocrx_word' id='word_1_13' title='bbox 992 604 1101 668; x_wconf 91' lang='lat' dir='ltr'><strong>quem·</strong></span> <span class='ocrx_word' id='word_1_14' title='bbox 1153 586 1295 650; x_wconf 88' lang='lat' dir='ltr'><strong>furorem</strong></span> <span class='ocrx_word' id='word_1_15' title='bbox 1318 598 1402 682; x_wconf 60' lang='lat' dir='ltr'><strong>pun:</strong></span> <span class='ocrx_word' id='word_1_16' title='bbox 1433 596 1468 652; x_wconf 94' lang='lat' dir='ltr'><strong>et</strong></span> <span class='ocrx_word' id='word_1_17' title='bbox 1489 587 1571 654; x_wconf 87' lang='lat' dir='ltr'><strong>haec</strong></span> <span class='ocrx_word' id='word_1_18' title='bbox 1592 607 1719 671; x_wconf 90' lang='lat' dir='ltr'><strong>quoque</strong></span> <span class='ocrx_word' id='word_1_19' title='bbox 1742 587 1889 671; x_wconf 90' lang='lat' dir='ltr'><strong>loquutio</strong></span> <span class='ocrx_word' id='word_1_20' title='bbox 1953 587 2053 654; x_wconf 90' lang='lat' dir='ltr'><strong>ndere</strong></span> <span class='ocrx_word' id='word_1_21' title='bbox 2075 609 2134 654; x_wconf 88' lang='lat' dir='ltr'><strong>suo</strong></span> 
     </span>
     <span class='ocr_line' id='line_1_3' title="bbox 124 668 2134 754; baseline 0.001 -17"><span class='ocrx_word' id='word_1_22' title='bbox 124 672 301 738; x_wconf 83' lang='lat' dir='ltr'><strong>admodum</strong></span> <span class='ocrx_word' id='word_1_23' title='bbox 337 693 443 754; x_wconf 80' lang='lat' dir='ltr'><strong>nuper</strong></span> <span class='ocrx_word' id='word_1_24' title='bbox 483 671 604 738; x_wconf 90' lang='lat' dir='ltr'><strong>dietum</strong></span> <span class='ocrx_word' id='word_1_25' title='bbox 645 671 716 738; x_wconf 87' lang='lat' dir='ltr'><strong>fuit.</strong></span> <span class='ocrx_word' id='word_1_26' title='bbox 772 668 950 737; x_wconf 73' lang='lat' dir='ltr'><strong>Descendit</strong></span> <span class='ocrx_word' id='word_1_27' title='bbox 988 680 1103 751; x_wconf 79' lang='lat' dir='ltr'><strong>penten</strong></span> <span class='ocrx_word' id='word_1_28' title='bbox 1153 691 1220 735; x_wconf 88' lang='lat' dir='ltr'><strong>ncu</strong></span> <span class='ocrx_word' id='word_1_29' title='bbox 1234 679 1333 736; x_wconf 88' lang='lat' dir='ltr'><strong>caret.</strong></span> <span class='ocrx_word' id='word_1_30' title='bbox 1367 670 1523 737; x_wconf 86' lang='lat' dir='ltr'><strong>Diximus</strong></span> <span class='ocrx_word' id='word_1_31' title='bbox 1538 673 1627 738; x_wconf 92' lang='lat' dir='ltr'><strong>enim</strong></span> <span class='ocrx_word' id='word_1_32' title='bbox 1643 673 1802 752; x_wconf 88' lang='lat' dir='ltr'><strong>homines,</strong></span> <span class='ocrx_word' id='word_1_33' title='bbox 1819 673 1886 741; x_wconf 89' lang='lat' dir='ltr'><strong>nisi</strong></span> <span class='ocrx_word' id='word_1_34' title='bbox 1935 693 1992 740; x_wconf 87' lang='lat' dir='ltr'><strong>eus</strong></span> <span class='ocrx_word' id='word_1_35' title='bbox 2007 678 2134 739; x_wconf 90' lang='lat' dir='ltr'><strong>metum</strong></span> 
     </span>
     <span class='ocr_line' id='line_1_4' title="bbox 124 755 2134 844; baseline 0.002 -22"><span class='ocrx_word' id='word_1_36' title='bbox 124 759 281 824; x_wconf 76' lang='lat' dir='ltr'><strong>Ieremias</strong></span> <span class='ocrx_word' id='word_1_37' title='bbox 303 779 323 822; x_wconf 91' lang='lat' dir='ltr'><strong>a</strong></span> <span class='ocrx_word' id='word_1_38' title='bbox 343 758 431 823; x_wconf 89' lang='lat' dir='ltr'><strong>coelo</strong></span> <span class='ocrx_word' id='word_1_39' title='bbox 454 756 494 822; x_wconf 91' lang='lat' dir='ltr'><strong>ad</strong></span> <span class='ocrx_word' id='word_1_40' title='bbox 519 766 654 837; x_wconf 89' lang='lat' dir='ltr'><strong>montes,</strong></span> <span class='ocrx_word' id='word_1_41' title='bbox 678 768 711 821; x_wconf 92' lang='lat' dir='ltr'><strong>et</strong></span> <span class='ocrx_word' id='word_1_42' title='bbox 729 756 805 822; x_wconf 89' lang='lat' dir='ltr'><strong>dicit</strong></span> <span class='ocrx_word' id='word_1_43' title='bbox 826 757 1103 832; x_wconf 74' lang='lat' dir='ltr'><strong>emdremaisse,et</strong></span> <span class='ocrx_word' id='word_1_44' title='bbox 1153 755 1292 821; x_wconf 84' lang='lat' dir='ltr'><strong>incutiat</strong></span> <span class='ocrx_word' id='word_1_45' title='bbox 1314 758 1409 839; x_wconf 90' lang='lat' dir='ltr'><strong>quasi</strong></span> <span class='ocrx_word' id='word_1_46' title='bbox 1435 757 1647 835; x_wconf 89' lang='lat' dir='ltr'><strong>fulminando,</strong></span> <span class='ocrx_word' id='word_1_47' title='bbox 1676 779 1748 825; x_wconf 89' lang='lat' dir='ltr'><strong>esse</strong></span> <span class='ocrx_word' id='word_1_48' title='bbox 1778 760 1911 843; x_wconf 84' lang='lat' dir='ltr'><strong>sopitos,</strong></span> <span class='ocrx_word' id='word_1_49' title='bbox 1944 779 2004 826; x_wconf 92' lang='lat' dir='ltr'><strong>nec</strong></span> <span class='ocrx_word' id='word_1_50' title='bbox 2031 778 2134 844; x_wconf 78' lang='lat' dir='ltr'><strong>agno·</strong></span> 
     </span>
     <span class='ocr_line' id='line_1_5' title="bbox 123 841 2134 929; baseline 0 -20"><span class='ocrx_word' id='word_1_51' title='bbox 123 864 228 909; x_wconf 79' lang='lat' dir='ltr'><strong>manee</strong></span> <span class='ocrx_word' id='word_1_52' title='bbox 259 844 349 910; x_wconf 84' lang='lat' dir='ltr'><strong>eolles</strong></span> <span class='ocrx_word' id='word_1_53' title='bbox 376 843 478 924; x_wconf 79' lang='lat' dir='ltr'><strong>fuisse</strong></span> <span class='ocrx_word' id='word_1_54' title='bbox 509 848 681 925; x_wconf 81' lang='lat' dir='ltr'><strong>commotos,</strong></span> <span class='ocrx_word' id='word_1_55' title='bbox 711 843 763 907; x_wconf 85' lang='lat' dir='ltr'><strong>vel</strong></span> <span class='ocrx_word' id='word_1_56' title='bbox 790 861 976 909; x_wconf 87' lang='lat' dir='ltr'><strong>concussos.</strong></span> <span class='ocrx_word' id='word_1_57' title='bbox 1033 842 1099 905; x_wconf 78' lang='lat' dir='ltr'><strong>ulii</strong></span> <span class='ocrx_word' id='word_1_58' title='bbox 1153 861 1244 908; x_wconf 88' lang='lat' dir='ltr'><strong>scere</strong></span> <span class='ocrx_word' id='word_1_59' title='bbox 1266 841 1337 908; x_wconf 91' lang='lat' dir='ltr'><strong>eius</strong></span> <span class='ocrx_word' id='word_1_60' title='bbox 1359 841 1533 909; x_wconf 92' lang='lat' dir='ltr'><strong>iudicium:</strong></span> <span class='ocrx_word' id='word_1_61' title='bbox 1558 843 1696 928; x_wconf 90' lang='lat' dir='ltr'><strong>ideoque</strong></span> <span class='ocrx_word' id='word_1_62' title='bbox 1717 844 1853 911; x_wconf 90' lang='lat' dir='ltr'><strong>inutiles</strong></span> <span class='ocrx_word' id='word_1_63' title='bbox 1874 865 1946 911; x_wconf 90' lang='lat' dir='ltr'><strong>esse</strong></span> <span class='ocrx_word' id='word_1_64' title='bbox 1967 844 2054 929; x_wconf 87' lang='lat' dir='ltr'><strong>apud</strong></span> <span class='ocrx_word' id='word_1_65' title='bbox 2077 863 2134 911; x_wconf 90' lang='lat' dir='ltr'><strong>sos</strong></span> 
     </span>
     <span class='ocr_line' id='line_1_6' title="bbox 125 927 2135 1012; baseline 0.001 -20"><span class='ocrx_word' id='word_1_66' title='bbox 125 935 261 995; x_wconf 86' lang='lat' dir='ltr'><strong>vertunt</strong></span> <span class='ocrx_word' id='word_1_67' title='bbox 281 927 482 994; x_wconf 86' lang='lat' dir='ltr'><strong>destructos:</strong></span> <span class='ocrx_word' id='word_1_68' title='bbox 505 927 563 994; x_wconf 88' lang='lat' dir='ltr'><strong>sed</strong></span> <span class='ocrx_word' id='word_1_69' title='bbox 585 930 695 994; x_wconf 92' lang='lat' dir='ltr'><strong>nescio</strong></span> <span class='ocrx_word' id='word_1_70' title='bbox 718 948 782 1011; x_wconf 88' lang='lat' dir='ltr'><strong>qua</strong></span> <span class='ocrx_word' id='word_1_71' title='bbox 804 929 939 993; x_wconf 88' lang='lat' dir='ltr'><strong>ratione.</strong></span> <span class='ocrx_word' id='word_1_72' title='bbox 984 927 1101 1009; x_wconf 88' lang='lat' dir='ltr'><strong>Neque</strong></span> <span class='ocrx_word' id='word_1_73' title='bbox 1153 947 1265 992; x_wconf 92' lang='lat' dir='ltr'><strong>omnes</strong></span> <span class='ocrx_word' id='word_1_74' title='bbox 1287 928 1403 993; x_wconf 90' lang='lat' dir='ltr'><strong>minas.</strong></span> <span class='ocrx_word' id='word_1_75' title='bbox 1449 928 1541 996; x_wconf 86' lang='lat' dir='ltr'><strong>Haec</strong></span> <span class='ocrx_word' id='word_1_76' title='bbox 1566 929 1670 1012; x_wconf 78' lang='lat' dir='ltr'><strong>igitur</strong></span> <span class='ocrx_word' id='word_1_77' title='bbox 1699 932 1781 996; x_wconf 89' lang='lat' dir='ltr'><strong>ratio</strong></span> <span class='ocrx_word' id='word_1_78' title='bbox 1802 941 1863 1008; x_wconf 89' lang='lat' dir='ltr'><strong>est,</strong></span> <span class='ocrx_word' id='word_1_79' title='bbox 1891 950 1950 997; x_wconf 91' lang='lat' dir='ltr'><strong>eur</strong></span> <span class='ocrx_word' id='word_1_80' title='bbox 1971 929 2135 1012; x_wconf 85' lang='lat' dir='ltr'><strong>scripture</strong></span> 
     </span>
     <span class='ocr_line' id='line_1_7' title="bbox 123 1010 2135 1097; baseline 0 -19"><span class='ocrx_word' id='word_1_81' title='bbox 123 1016 211 1079; x_wconf 90' lang='lat' dir='ltr'><strong>enim</strong></span> <span class='ocrx_word' id='word_1_82' title='bbox 237 1014 372 1080; x_wconf 89' lang='lat' dir='ltr'><strong>dubium</strong></span> <span class='ocrx_word' id='word_1_83' title='bbox 395 1028 445 1078; x_wconf 90' lang='lat' dir='ltr'><strong>est</strong></span> <span class='ocrx_word' id='word_1_84' title='bbox 466 1017 547 1096; x_wconf 88' lang='lat' dir='ltr'><strong>quin</strong></span> <span class='ocrx_word' id='word_1_85' title='bbox 567 1013 727 1097; x_wconf 92' lang='lat' dir='ltr'><strong>propheta</strong></span> <span class='ocrx_word' id='word_1_86' title='bbox 747 1013 885 1078; x_wconf 90' lang='lat' dir='ltr'><strong>eandem</strong></span> <span class='ocrx_word' id='word_1_87' title='bbox 903 1013 1100 1078; x_wconf 89' lang='lat' dir='ltr'><strong>seutentiam</strong></span> <span class='ocrx_word' id='word_1_88' title='bbox 1154 1012 1250 1076; x_wconf 90' lang='lat' dir='ltr'><strong>toties</strong></span> <span class='ocrx_word' id='word_1_89' title='bbox 1273 1010 1360 1077; x_wconf 90' lang='lat' dir='ltr'><strong>dicat</strong></span> <span class='ocrx_word' id='word_1_90' title='bbox 1383 1015 1527 1080; x_wconf 88' lang='lat' dir='ltr'><strong>furorem</strong></span> <span class='ocrx_word' id='word_1_91' title='bbox 1548 1014 1617 1080; x_wconf 91' lang='lat' dir='ltr'><strong>irae</strong></span> <span class='ocrx_word' id='word_1_92' title='bbox 1638 1014 1712 1095; x_wconf 90' lang='lat' dir='ltr'><strong>Dei,</strong></span> <span class='ocrx_word' id='word_1_93' title='bbox 1742 1016 1796 1081; x_wconf 87' lang='lat' dir='ltr'><strong>vel</strong></span> <span class='ocrx_word' id='word_1_94' title='bbox 1827 1014 2135 1082; x_wconf 87' lang='lat' dir='ltr'><strong>excandescentiem</strong></span> 
     </span>
     <span class='ocr_line' id='line_1_8' title="bbox 123 1097 2135 1194; baseline 0 -29"><span class='ocrx_word' id='word_1_95' title='bbox 123 1101 295 1165; x_wconf 89' lang='lat' dir='ltr'><strong>confirmet</strong></span> <span class='ocrx_word' id='word_1_96' title='bbox 334 1120 419 1165; x_wconf 87' lang='lat' dir='ltr'><strong>ncvc</strong></span> <span class='ocrx_word' id='word_1_97' title='bbox 459 1120 580 1184; x_wconf 87' lang='lat' dir='ltr'><strong>genere</strong></span> <span class='ocrx_word' id='word_1_98' title='bbox 619 1097 783 1181; x_wconf 90' lang='lat' dir='ltr'><strong>loquendi.</strong></span> <span class='ocrx_word' id='word_1_99' title='bbox 842 1097 949 1164; x_wconf 81' lang='lat' dir='ltr'><strong>Sicuti</strong></span> <span class='ocrx_word' id='word_1_100' title='bbox 988 1107 1100 1163; x_wconf 87' lang='lat' dir='ltr'><strong>autem</strong></span> <span class='ocrx_word' id='word_1_101' title='bbox 1153 1097 1231 1163; x_wconf 89' lang='lat' dir='ltr'><strong>irae.</strong></span> <span class='ocrx_word' id='word_1_102' title='bbox 1275 1098 1410 1164; x_wconf 80' lang='lat' dir='ltr'><strong>Poterat</strong></span> <span class='ocrx_word' id='word_1_103' title='bbox 1431 1099 1563 1183; x_wconf 89' lang='lat' dir='ltr'><strong>quidem</strong></span> <span class='ocrx_word' id='word_1_104' title='bbox 1589 1101 1738 1167; x_wconf 85' lang='lat' dir='ltr'><strong>sufficere</strong></span> <span class='ocrx_word' id='word_1_105' title='bbox 1759 1101 1915 1167; x_wconf 89' lang='lat' dir='ltr'><strong>alterum:</strong></span> <span class='ocrx_word' id='word_1_106' title='bbox 1938 1112 2006 1194; x_wconf 56' lang='lat' dir='ltr'><strong>pun</strong></span> <span class='ocrx_word' id='word_1_107' title='bbox 2029 1099 2135 1184; x_wconf 77' lang='lat' dir='ltr'><strong>signi·</strong></span> 
     </span>
     <span class='ocr_line' id='line_1_9' title="bbox 124 1181 2134 1277; baseline 0 -28"><span class='ocrx_word' id='word_1_108' title='bbox 124 1185 253 1250; x_wconf 87' lang='lat' dir='ltr'><strong>dixerat</strong></span> <span class='ocrx_word' id='word_1_109' title='bbox 274 1195 403 1250; x_wconf 91' lang='lat' dir='ltr'><strong>montes</strong></span> <span class='ocrx_word' id='word_1_110' title='bbox 425 1187 631 1251; x_wconf 87' lang='lat' dir='ltr'><strong>tremefactos</strong></span> <span class='ocrx_word' id='word_1_111' title='bbox 653 1185 766 1265; x_wconf 87' lang='lat' dir='ltr'><strong>fuisse,</strong></span> <span class='ocrx_word' id='word_1_112' title='bbox 793 1184 840 1249; x_wconf 89' lang='lat' dir='ltr'><strong>ita</strong></span> <span class='ocrx_word' id='word_1_113' title='bbox 861 1184 959 1248; x_wconf 89' lang='lat' dir='ltr'><strong>etiam</strong></span> <span class='ocrx_word' id='word_1_114' title='bbox 982 1181 1101 1248; x_wconf 89' lang='lat' dir='ltr'><strong>ediuu·</strong></span> <span class='ocrx_word' id='word_1_115' title='bbox 1152 1183 1231 1248; x_wconf 88' lang='lat' dir='ltr'><strong>licat</strong></span> <span class='ocrx_word' id='word_1_116' title='bbox 1261 1182 1421 1264; x_wconf 91' lang='lat' dir='ltr'><strong>furorem,</strong></span> <span class='ocrx_word' id='word_1_117' title='bbox 1453 1185 1508 1251; x_wconf 82' lang='lat' dir='ltr'><strong>vel</strong></span> <span class='ocrx_word' id='word_1_118' title='bbox 1542 1184 1864 1253; x_wconf 84' lang='lat' dir='ltr'><strong>excandescentiam:</strong></span> <span class='ocrx_word' id='word_1_119' title='bbox 1896 1198 1941 1277; x_wconf 66' lang='lat' dir='ltr'><strong>qt:</strong></span> <span class='ocrx_word' id='word_1_120' title='bbox 1968 1186 2134 1270; x_wconf 77' lang='lat' dir='ltr'><strong>significat</strong></span> 
     </span>
     <span class='ocr_line' id='line_1_10' title="bbox 123 1267 2135 1355; baseline 0.001 -21"><span class='ocrx_word' id='word_1_121' title='bbox 123 1272 173 1352; x_wconf 80' lang='lat' dir='ltr'><strong>git</strong></span> <span class='ocrx_word' id='word_1_122' title='bbox 194 1269 282 1335; x_wconf 82' lang='lat' dir='ltr'><strong>colles</strong></span> <span class='ocrx_word' id='word_1_123' title='bbox 303 1290 481 1336; x_wconf 77' lang='lat' dir='ltr'><strong>merassas:</strong></span> <span class='ocrx_word' id='word_1_124' title='bbox 510 1280 543 1336; x_wconf 93' lang='lat' dir='ltr'><strong>et</strong></span> <span class='ocrx_word' id='word_1_125' title='bbox 569 1271 669 1335; x_wconf 91' lang='lat' dir='ltr'><strong>etiam</strong></span> <span class='ocrx_word' id='word_1_126' title='bbox 699 1270 830 1354; x_wconf 92' lang='lat' dir='ltr'><strong>propria</strong></span> <span class='ocrx_word' id='word_1_127' title='bbox 853 1268 943 1335; x_wconf 86' lang='lat' dir='ltr'><strong>verbi</strong></span> <span class='ocrx_word' id='word_1_128' title='bbox 973 1269 1100 1352; x_wconf 78' lang='lat' dir='ltr'><strong>signifi·</strong></span> <span class='ocrx_word' id='word_1_129' title='bbox 1153 1269 1244 1333; x_wconf 86' lang='lat' dir='ltr'><strong>iram.</strong></span> <span class='ocrx_word' id='word_1_130' title='bbox 1289 1267 1360 1335; x_wconf 80' lang='lat' dir='ltr'><strong>(lun</strong></span> <span class='ocrx_word' id='word_1_131' title='bbox 1383 1279 1494 1336; x_wconf 89' lang='lat' dir='ltr'><strong>autem</strong></span> <span class='ocrx_word' id='word_1_132' title='bbox 1516 1280 1693 1355; x_wconf 88' lang='lat' dir='ltr'><strong>utrumque</strong></span> <span class='ocrx_word' id='word_1_133' title='bbox 1720 1271 1835 1355; x_wconf 85' lang='lat' dir='ltr'><strong>ponit?</strong></span> <span class='ocrx_word' id='word_1_134' title='bbox 1867 1293 1984 1354; x_wconf 82' lang='lat' dir='ltr'><strong>nempe</strong></span> <span class='ocrx_word' id='word_1_135' title='bbox 2007 1273 2135 1336; x_wconf 87' lang='lat' dir='ltr'><strong>utiam</strong></span> 
     </span>
     <span class='ocr_line' id='line_1_11' title="bbox 123 1352 2135 1440; baseline -0 -19"><span class='ocrx_word' id='word_1_136' title='bbox 123 1357 208 1421; x_wconf 90' lang='lat' dir='ltr'><strong>catio</strong></span> <span class='ocrx_word' id='word_1_137' title='bbox 231 1356 291 1421; x_wconf 92' lang='lat' dir='ltr'><strong>hcc</strong></span> <span class='ocrx_word' id='word_1_138' title='bbox 313 1357 460 1438; x_wconf 86' lang='lat' dir='ltr'><strong>requirit.</strong></span> <span class='ocrx_word' id='word_1_139' title='bbox 506 1356 704 1422; x_wconf 83' lang='lat' dir='ltr'><strong>Ourautem</strong></span> <span class='ocrx_word' id='word_1_140' title='bbox 728 1353 956 1420; x_wconf 88' lang='lat' dir='ltr'><strong>dementibus</strong></span> <span class='ocrx_word' id='word_1_141' title='bbox 979 1355 1100 1419; x_wconf 87' lang='lat' dir='ltr'><strong>eteol·</strong></span> <span class='ocrx_word' id='word_1_142' title='bbox 1154 1352 1231 1430; x_wconf 87' lang='lat' dir='ltr'><strong>dixi,</strong></span> <span class='ocrx_word' id='word_1_143' title='bbox 1251 1352 1329 1437; x_wconf 92' lang='lat' dir='ltr'><strong>quia</strong></span> <span class='ocrx_word' id='word_1_144' title='bbox 1351 1375 1485 1421; x_wconf 77' lang='lat' dir='ltr'><strong>nemeae</strong></span> <span class='ocrx_word' id='word_1_145' title='bbox 1506 1367 1558 1422; x_wconf 90' lang='lat' dir='ltr'><strong>est</strong></span> <span class='ocrx_word' id='word_1_146' title='bbox 1573 1357 1666 1440; x_wconf 91' lang='lat' dir='ltr'><strong>quasi</strong></span> <span class='ocrx_word' id='word_1_147' title='bbox 1690 1356 1817 1423; x_wconf 89' lang='lat' dir='ltr'><strong>malleis</strong></span> <span class='ocrx_word' id='word_1_148' title='bbox 1831 1358 1957 1423; x_wconf 77' lang='lat' dir='ltr'><strong>ocntmi</strong></span> <span class='ocrx_word' id='word_1_149' title='bbox 1979 1354 2135 1422; x_wconf 87' lang='lat' dir='ltr'><strong>duritiem</strong></span> 
     </span>
     <span class='ocr_line' id='line_1_12' title="bbox 122 1438 2135 1525; baseline 0 -20"><span class='ocrx_word' id='word_1_150' title='bbox 122 1440 417 1523; x_wconf 88' lang='lat' dir='ltr'><strong>libusloquaturin</strong></span> <span class='ocrx_word' id='word_1_151' title='bbox 430 1452 583 1524; x_wconf 89' lang='lat' dir='ltr'><strong>promptu</strong></span> <span class='ocrx_word' id='word_1_152' title='bbox 599 1453 649 1507; x_wconf 92' lang='lat' dir='ltr'><strong>est</strong></span> <span class='ocrx_word' id='word_1_153' title='bbox 667 1441 767 1505; x_wconf 89' lang='lat' dir='ltr'><strong>ratio:</strong></span> <span class='ocrx_word' id='word_1_154' title='bbox 787 1460 863 1504; x_wconf 88' lang='lat' dir='ltr'><strong>nam</strong></span> <span class='ocrx_word' id='word_1_155' title='bbox 881 1440 949 1505; x_wconf 92' lang='lat' dir='ltr'><strong>illio</strong></span> <span class='ocrx_word' id='word_1_156' title='bbox 964 1447 1101 1522; x_wconf 90' lang='lat' dir='ltr'><strong>apparet</strong></span> <span class='ocrx_word' id='word_1_157' title='bbox 1153 1449 1316 1504; x_wconf 89' lang='lat' dir='ltr'><strong>nostram:</strong></span> <span class='ocrx_word' id='word_1_158' title='bbox 1350 1440 1471 1524; x_wconf 92' lang='lat' dir='ltr'><strong>alioqui</strong></span> <span class='ocrx_word' id='word_1_159' title='bbox 1503 1462 1670 1525; x_wconf 88' lang='lat' dir='ltr'><strong>nunquam</strong></span> <span class='ocrx_word' id='word_1_160' title='bbox 1703 1443 1850 1508; x_wconf 90' lang='lat' dir='ltr'><strong>flecteret</strong></span> <span class='ocrx_word' id='word_1_161' title='bbox 1883 1463 1942 1508; x_wconf 94' lang='lat' dir='ltr'><strong>nos</strong></span> <span class='ocrx_word' id='word_1_162' title='bbox 1972 1442 2062 1508; x_wconf 89' lang='lat' dir='ltr'><strong>Deus</strong></span> <span class='ocrx_word' id='word_1_163' title='bbox 2091 1438 2135 1506; x_wconf 86' lang='lat' dir='ltr'><strong>ad</strong></span> 
     </span>
     <span class='ocr_line' id='line_1_13' title="bbox 125 1524 2133 1611; baseline -0 -20"><span class='ocrx_word' id='word_1_164' title='bbox 125 1527 229 1592; x_wconf 85' lang='lat' dir='ltr'><strong>maior</strong></span> <span class='ocrx_word' id='word_1_165' title='bbox 250 1527 420 1604; x_wconf 72' lang='lat' dir='ltr'><strong>stabilitae,</strong></span> <span class='ocrx_word' id='word_1_166' title='bbox 444 1547 540 1609; x_wconf 93' lang='lat' dir='ltr'><strong>quam</strong></span> <span class='ocrx_word' id='word_1_167' title='bbox 561 1529 596 1592; x_wconf 91' lang='lat' dir='ltr'><strong>in</strong></span> <span class='ocrx_word' id='word_1_168' title='bbox 616 1528 695 1593; x_wconf 92' lang='lat' dir='ltr'><strong>loeis</strong></span> <span class='ocrx_word' id='word_1_169' title='bbox 713 1525 829 1609; x_wconf 91' lang='lat' dir='ltr'><strong>planis,</strong></span> <span class='ocrx_word' id='word_1_170' title='bbox 852 1526 929 1608; x_wconf 92' lang='lat' dir='ltr'><strong>quia</strong></span> <span class='ocrx_word' id='word_1_171' title='bbox 946 1535 982 1590; x_wconf 90' lang='lat' dir='ltr'><strong>ut</strong></span> <span class='ocrx_word' id='word_1_172' title='bbox 1000 1525 1100 1607; x_wconf 88' lang='lat' dir='ltr'><strong>pluri·</strong></span> <span class='ocrx_word' id='word_1_173' title='bbox 1153 1524 1313 1590; x_wconf 88' lang='lat' dir='ltr'><strong>timorem.</strong></span> <span class='ocrx_word' id='word_1_174' title='bbox 1357 1525 1452 1593; x_wconf 89' lang='lat' dir='ltr'><strong>Haec</strong></span> <span class='ocrx_word' id='word_1_175' title='bbox 1473 1527 1575 1611; x_wconf 82' lang='lat' dir='ltr'><strong>igitur</strong></span> <span class='ocrx_word' id='word_1_176' title='bbox 1603 1527 1755 1611; x_wconf 87' lang='lat' dir='ltr'><strong>repetitio</strong></span> <span class='ocrx_word' id='word_1_177' title='bbox 1784 1526 1825 1593; x_wconf 91' lang='lat' dir='ltr'><strong>ad</strong></span> <span class='ocrx_word' id='word_1_178' title='bbox 1856 1527 2053 1593; x_wconf 91' lang='lat' dir='ltr'><strong>domandam</strong></span> <span class='ocrx_word' id='word_1_179' title='bbox 2081 1526 2133 1590; x_wconf 90' lang='lat' dir='ltr'><strong>in·</strong></span> 
     </span>
     <span class='ocr_line' id='line_1_14' title="bbox 124 1609 2134 1696; baseline 0 -20"><span class='ocrx_word' id='word_1_180' title='bbox 124 1633 213 1677; x_wconf 89' lang='lat' dir='ltr'><strong>mum</strong></span> <span class='ocrx_word' id='word_1_181' title='bbox 240 1611 378 1696; x_wconf 89' lang='lat' dir='ltr'><strong>lapidosi</strong></span> <span class='ocrx_word' id='word_1_182' title='bbox 408 1620 487 1677; x_wconf 92' lang='lat' dir='ltr'><strong>suut</strong></span> <span class='ocrx_word' id='word_1_183' title='bbox 515 1623 653 1692; x_wconf 88' lang='lat' dir='ltr'><strong>montes,</strong></span> <span class='ocrx_word' id='word_1_184' title='bbox 682 1622 716 1676; x_wconf 89' lang='lat' dir='ltr'><strong>et</strong></span> <span class='ocrx_word' id='word_1_185' title='bbox 744 1610 867 1677; x_wconf 86' lang='lat' dir='ltr'><strong>habent</strong></span> <span class='ocrx_word' id='word_1_186' title='bbox 893 1611 1101 1677; x_wconf 89' lang='lat' dir='ltr'><strong>firmissimas</strong></span> <span class='ocrx_word' id='word_1_187' title='bbox 1152 1609 1242 1691; x_wconf 79' lang='lat' dir='ltr'><strong>genii</strong></span> <span class='ocrx_word' id='word_1_188' title='bbox 1263 1611 1366 1675; x_wconf 92' lang='lat' dir='ltr'><strong>nostri</strong></span> <span class='ocrx_word' id='word_1_189' title='bbox 1389 1612 1603 1693; x_wconf 84' lang='lat' dir='ltr'><strong>pervicaciam</strong></span> <span class='ocrx_word' id='word_1_190' title='bbox 1627 1612 1737 1678; x_wconf 79' lang='lat' dir='ltr'><strong>valere</strong></span> <span class='ocrx_word' id='word_1_191' title='bbox 1760 1612 1871 1679; x_wconf 91' lang='lat' dir='ltr'><strong>debet:</strong></span> <span class='ocrx_word' id='word_1_192' title='bbox 1902 1633 1966 1678; x_wconf 92' lang='lat' dir='ltr'><strong>non</strong></span> <span class='ocrx_word' id='word_1_193' title='bbox 1990 1611 2075 1696; x_wconf 91' lang='lat' dir='ltr'><strong>quod</strong></span> <span class='ocrx_word' id='word_1_194' title='bbox 2098 1613 2134 1676; x_wconf 92' lang='lat' dir='ltr'><strong>in</strong></span> 
     </span>
     <span class='ocr_line' id='line_1_15' title="bbox 123 1693 2134 1781; baseline -0 -19"><span class='ocrx_word' id='word_1_195' title='bbox 123 1698 248 1763; x_wconf 81' lang='lat' dir='ltr'><strong>radices</strong></span> <span class='ocrx_word' id='word_1_196' title='bbox 270 1700 304 1761; x_wconf 93' lang='lat' dir='ltr'><strong>in</strong></span> <span class='ocrx_word' id='word_1_197' title='bbox 327 1697 470 1780; x_wconf 87' lang='lat' dir='ltr'><strong>rupibus.</strong></span> <span class='ocrx_word' id='word_1_198' title='bbox 508 1698 661 1781; x_wconf 89' lang='lat' dir='ltr'><strong>Denique</strong></span> <span class='ocrx_word' id='word_1_199' title='bbox 683 1699 711 1762; x_wconf 88' lang='lat' dir='ltr'><strong>si</strong></span> <span class='ocrx_word' id='word_1_200' title='bbox 731 1705 816 1763; x_wconf 88' lang='lat' dir='ltr'><strong>totus</strong></span> <span class='ocrx_word' id='word_1_201' title='bbox 836 1696 925 1762; x_wconf 91' lang='lat' dir='ltr'><strong>orbis</strong></span> <span class='ocrx_word' id='word_1_202' title='bbox 946 1696 1100 1775; x_wconf 88' lang='lat' dir='ltr'><strong>labascat,</strong></span> <span class='ocrx_word' id='word_1_203' title='bbox 1152 1693 1262 1761; x_wconf 92' lang='lat' dir='ltr'><strong>Deum</strong></span> <span class='ocrx_word' id='word_1_204' title='bbox 1279 1694 1399 1762; x_wconf 88' lang='lat' dir='ltr'><strong>cudant</strong></span> <span class='ocrx_word' id='word_1_205' title='bbox 1416 1697 1476 1763; x_wconf 92' lang='lat' dir='ltr'><strong>ulli</strong></span> <span class='ocrx_word' id='word_1_206' title='bbox 1492 1697 1672 1764; x_wconf 85' lang='lat' dir='ltr'><strong>turbulenti</strong></span> <span class='ocrx_word' id='word_1_207' title='bbox 1688 1698 1834 1779; x_wconf 86' lang='lat' dir='ltr'><strong>affectus,</strong></span> <span class='ocrx_word' id='word_1_208' title='bbox 1856 1697 2134 1781; x_wconf 88' lang='lat' dir='ltr'><strong>quemadmodum</strong></span> 
     </span>
     <span class='ocr_line' id='line_1_16' title="bbox 123 1781 2134 1867; baseline 0 -21"><span class='ocrx_word' id='word_1_209' title='bbox 123 1782 279 1848; x_wconf 83' lang='lat' dir='ltr'><strong>videntur</strong></span> <span class='ocrx_word' id='word_1_210' title='bbox 300 1792 412 1849; x_wconf 88' lang='lat' dir='ltr'><strong>tamen</strong></span> <span class='ocrx_word' id='word_1_211' title='bbox 435 1790 564 1850; x_wconf 83' lang='lat' dir='ltr'><strong>montes</strong></span> <span class='ocrx_word' id='word_1_212' title='bbox 584 1784 632 1849; x_wconf 85' lang='lat' dir='ltr'><strong>ita</strong></span> <span class='ocrx_word' id='word_1_213' title='bbox 649 1802 721 1849; x_wconf 91' lang='lat' dir='ltr'><strong>esse</strong></span> <span class='ocrx_word' id='word_1_214' title='bbox 741 1782 881 1859; x_wconf 88' lang='lat' dir='ltr'><strong>fundati,</strong></span> <span class='ocrx_word' id='word_1_215' title='bbox 905 1790 942 1847; x_wconf 93' lang='lat' dir='ltr'><strong>ut</strong></span> <span class='ocrx_word' id='word_1_216' title='bbox 964 1781 1005 1847; x_wconf 91' lang='lat' dir='ltr'><strong>ad</strong></span> <span class='ocrx_word' id='word_1_217' title='bbox 1028 1782 1100 1848; x_wconf 91' lang='lat' dir='ltr'><strong>illos</strong></span> <span class='ocrx_word' id='word_1_218' title='bbox 1152 1782 1233 1846; x_wconf 89' lang='lat' dir='ltr'><strong>satis</strong></span> <span class='ocrx_word' id='word_1_219' title='bbox 1266 1791 1382 1847; x_wconf 90' lang='lat' dir='ltr'><strong>netum</strong></span> <span class='ocrx_word' id='word_1_220' title='bbox 1415 1792 1475 1849; x_wconf 90' lang='lat' dir='ltr'><strong>est.</strong></span> <span class='ocrx_word' id='word_1_221' title='bbox 1528 1782 1595 1849; x_wconf 85' lang='lat' dir='ltr'><strong>Sed</strong></span> <span class='ocrx_word' id='word_1_222' title='bbox 1628 1784 1705 1865; x_wconf 88' lang='lat' dir='ltr'><strong>quia</strong></span> <span class='ocrx_word' id='word_1_223' title='bbox 1738 1804 1803 1849; x_wconf 91' lang='lat' dir='ltr'><strong>non</strong></span> <span class='ocrx_word' id='word_1_224' title='bbox 1834 1804 2004 1867; x_wconf 91' lang='lat' dir='ltr'><strong>possemus</strong></span> <span class='ocrx_word' id='word_1_225' title='bbox 2037 1783 2134 1848; x_wconf 88' lang='lat' dir='ltr'><strong>aliter</strong></span> 
     </span>
     <span class='ocr_line' id='line_1_17' title="bbox 124 1866 2134 1953; baseline 0 -21"><span class='ocrx_word' id='word_1_226' title='bbox 124 1889 191 1933; x_wconf 93' lang='lat' dir='ltr'><strong>non</strong></span> <span class='ocrx_word' id='word_1_227' title='bbox 225 1870 398 1953; x_wconf 82' lang='lat' dir='ltr'><strong>perveniat</strong></span> <span class='ocrx_word' id='word_1_228' title='bbox 429 1869 516 1934; x_wconf 88' lang='lat' dir='ltr'><strong>ullus</strong></span> <span class='ocrx_word' id='word_1_229' title='bbox 555 1874 671 1935; x_wconf 93' lang='lat' dir='ltr'><strong>motus.</strong></span> <span class='ocrx_word' id='word_1_230' title='bbox 728 1866 795 1934; x_wconf 85' lang='lat' dir='ltr'><strong>Sed</strong></span> <span class='ocrx_word' id='word_1_231' title='bbox 829 1866 989 1950; x_wconf 90' lang='lat' dir='ltr'><strong>propheta</strong></span> <span class='ocrx_word' id='word_1_232' title='bbox 1021 1867 1100 1933; x_wconf 93' lang='lat' dir='ltr'><strong>dicit</strong></span> <span class='ocrx_word' id='word_1_233' title='bbox 1152 1867 1321 1949; x_wconf 90' lang='lat' dir='ltr'><strong>concipere</strong></span> <span class='ocrx_word' id='word_1_234' title='bbox 1344 1887 1443 1950; x_wconf 88' lang='lat' dir='ltr'><strong>qnam</strong></span> <span class='ocrx_word' id='word_1_235' title='bbox 1465 1867 1680 1935; x_wconf 82' lang='lat' dir='ltr'><strong>formidabilis</strong></span> <span class='ocrx_word' id='word_1_236' title='bbox 1703 1869 1746 1935; x_wconf 90' lang='lat' dir='ltr'><strong>sit</strong></span> <span class='ocrx_word' id='word_1_237' title='bbox 1773 1870 1878 1953; x_wconf 89' lang='lat' dir='ltr'><strong>ipsius</strong></span> <span class='ocrx_word' id='word_1_238' title='bbox 1900 1869 2053 1946; x_wconf 84' lang='lat' dir='ltr'><strong>vindicta,</strong></span> <span class='ocrx_word' id='word_1_239' title='bbox 2076 1887 2134 1932; x_wconf 92' lang='lat' dir='ltr'><strong>ne·</strong></span> 
     </span>
     <span class='ocr_line' id='line_1_18' title="bbox 119 1952 2134 2037; baseline 0 -18"><span class='ocrx_word' id='word_1_240' title='bbox 119 1954 222 2036; x_wconf 76' lang='lat' dir='ltr'><strong>fcisse</strong></span> <span class='ocrx_word' id='word_1_241' title='bbox 250 1953 505 2035; x_wconf 70' lang='lat' dir='ltr'><strong>eeutremefaetoa</strong></span> <span class='ocrx_word' id='word_1_242' title='bbox 534 1959 563 2019; x_wconf 85' lang='lat' dir='ltr'><strong>et</strong></span> <span class='ocrx_word' id='word_1_243' title='bbox 590 1954 681 2020; x_wconf 68' lang='lat' dir='ltr'><strong>eolla</strong></span> <span class='ocrx_word' id='word_1_244' title='bbox 706 1952 809 2035; x_wconf 76' lang='lat' dir='ltr'><strong>fuisse</strong></span> <span class='ocrx_word' id='word_1_245' title='bbox 836 1971 1007 2019; x_wconf 75' lang='grc' dir='ltr'>οοοοοοοοο.</span> <span class='ocrx_word' id='word_1_246' title='bbox 1058 1953 1098 2017; x_wconf 95' lang='lat' dir='ltr'><strong>In</strong></span> <span class='ocrx_word' id='word_1_247' title='bbox 1152 1973 1241 2019; x_wconf 91' lang='lat' dir='ltr'><strong>cesse</strong></span> <span class='ocrx_word' id='word_1_248' title='bbox 1262 1962 1313 2018; x_wconf 90' lang='lat' dir='ltr'><strong>est</strong></span> <span class='ocrx_word' id='word_1_249' title='bbox 1339 1974 1416 2019; x_wconf 91' lang='lat' dir='ltr'><strong>eum</strong></span> <span class='ocrx_word' id='word_1_250' title='bbox 1443 1954 1538 2021; x_wconf 90' lang='lat' dir='ltr'><strong>nobis</strong></span> <span class='ocrx_word' id='word_1_251' title='bbox 1566 1953 1708 2037; x_wconf 88' lang='lat' dir='ltr'><strong>proponi</strong></span> <span class='ocrx_word' id='word_1_252' title='bbox 1738 1953 1868 2032; x_wconf 86' lang='lat' dir='ltr'><strong>iratum,</strong></span> <span class='ocrx_word' id='word_1_253' title='bbox 1900 1965 1934 2021; x_wconf 94' lang='lat' dir='ltr'><strong>et</strong></span> <span class='ocrx_word' id='word_1_254' title='bbox 1962 1955 2018 2036; x_wconf 92' lang='lat' dir='ltr'><strong>qui</strong></span> <span class='ocrx_word' id='word_1_255' title='bbox 2046 1961 2134 2019; x_wconf 87' lang='lat' dir='ltr'><strong>tetus</strong></span> 
     </span>
     <span class='ocr_line' id='line_1_19' title="bbox 124 2035 2133 2122; baseline 0 -19"><span class='ocrx_word' id='word_1_256' title='bbox 124 2041 221 2104; x_wconf 86' lang='lat' dir='ltr'><strong>tertie</strong></span> <span class='ocrx_word' id='word_1_257' title='bbox 245 2041 367 2104; x_wconf 86' lang='lat' dir='ltr'><strong>visione</strong></span> <span class='ocrx_word' id='word_1_258' title='bbox 394 2040 488 2122; x_wconf 88' lang='lat' dir='ltr'><strong>pouit</strong></span> <span class='ocrx_word' id='word_1_259' title='bbox 514 2039 741 2105; x_wconf 84' lang='lat' dir='ltr'><strong>solitudinem:</strong></span> <span class='ocrx_word' id='word_1_260' title='bbox 774 2038 853 2105; x_wconf 89' lang='lat' dir='ltr'><strong>dicit</strong></span> <span class='ocrx_word' id='word_1_261' title='bbox 880 2040 968 2103; x_wconf 92' lang='lat' dir='ltr'><strong>enim</strong></span> <span class='ocrx_word' id='word_1_262' title='bbox 997 2039 1101 2104; x_wconf 81' lang='lat' dir='ltr'><strong>ualles</strong></span> <span class='ocrx_word' id='word_1_263' title='bbox 1152 2035 1325 2103; x_wconf 85' lang='lat' dir='ltr'><strong>exardeat:</strong></span> <span class='ocrx_word' id='word_1_264' title='bbox 1353 2038 1628 2121; x_wconf 83' lang='lat' dir='ltr'><strong>quemadmodum</strong></span> <span class='ocrx_word' id='word_1_265' title='bbox 1660 2041 1759 2104; x_wconf 87' lang='lat' dir='ltr'><strong>etiam</strong></span> <span class='ocrx_word' id='word_1_266' title='bbox 1789 2059 1879 2106; x_wconf 89' lang='lat' dir='ltr'><strong>mors</strong></span> <span class='ocrx_word' id='word_1_267' title='bbox 1909 2048 2043 2104; x_wconf 85' lang='lat' dir='ltr'><strong>aeterna</strong></span> <span class='ocrx_word' id='word_1_268' title='bbox 2071 2041 2133 2103; x_wconf 89' lang='lat' dir='ltr'><strong>sub</strong></span> 
     </span>
     <span class='ocr_line' id='line_1_20' title="bbox 119 2122 2133 2208; baseline 0 -19"><span class='ocrx_word' id='word_1_269' title='bbox 119 2125 221 2206; x_wconf 83' lang='lat' dir='ltr'><strong>fuisse</strong></span> <span class='ocrx_word' id='word_1_270' title='bbox 241 2124 389 2205; x_wconf 80' lang='lat' dir='ltr'><strong>homiues,</strong></span> <span class='ocrx_word' id='word_1_271' title='bbox 417 2130 446 2190; x_wconf 86' lang='lat' dir='ltr'><strong>et</strong></span> <span class='ocrx_word' id='word_1_272' title='bbox 470 2145 575 2192; x_wconf 75' lang='lat' dir='ltr'><strong>omues</strong></span> <span class='ocrx_word' id='word_1_273' title='bbox 602 2145 676 2191; x_wconf 84' lang='lat' dir='ltr'><strong>aces</strong></span> <span class='ocrx_word' id='word_1_274' title='bbox 705 2124 922 2191; x_wconf 75' lang='lat' dir='ltr'><strong>transvolasse.</strong></span> <span class='ocrx_word' id='word_1_275' title='bbox 969 2122 1099 2190; x_wconf 78' lang='lat' dir='ltr'><strong>Scimus</strong></span> <span class='ocrx_word' id='word_1_276' title='bbox 1152 2125 1257 2208; x_wconf 83' lang='lat' dir='ltr'><strong>figura</strong></span> <span class='ocrx_word' id='word_1_277' title='bbox 1278 2123 1366 2208; x_wconf 82' lang='lat' dir='ltr'><strong>ignis</strong></span> <span class='ocrx_word' id='word_1_278' title='bbox 1388 2124 1480 2191; x_wconf 92' lang='lat' dir='ltr'><strong>nobis</strong></span> <span class='ocrx_word' id='word_1_279' title='bbox 1502 2124 1707 2191; x_wconf 77' lang='lat' dir='ltr'><strong>describitur.</strong></span> <span class='ocrx_word' id='word_1_280' title='bbox 1751 2124 1848 2190; x_wconf 91' lang='lat' dir='ltr'><strong>Nune</strong></span> <span class='ocrx_word' id='word_1_281' title='bbox 1871 2125 1956 2207; x_wconf 89' lang='lat' dir='ltr'><strong>quod</strong></span> <span class='ocrx_word' id='word_1_282' title='bbox 1979 2125 2021 2189; x_wconf 93' lang='lat' dir='ltr'><strong>ad</strong></span> <span class='ocrx_word' id='word_1_283' title='bbox 2043 2144 2133 2190; x_wconf 92' lang='lat' dir='ltr'><strong>sum·</strong></span> 
     </span>
     <span class='ocr_line' id='line_1_21' title="bbox 122 2208 2134 2293; baseline -0.001 -17"><span class='ocrx_word' id='word_1_284' title='bbox 122 2211 332 2292; x_wconf 83' lang='lat' dir='ltr'><strong>praecipuum</strong></span> <span class='ocrx_word' id='word_1_285' title='bbox 355 2210 473 2277; x_wconf 91' lang='lat' dir='ltr'><strong>mundi</strong></span> <span class='ocrx_word' id='word_1_286' title='bbox 494 2221 645 2276; x_wconf 87' lang='lat' dir='ltr'><strong>ornatum</strong></span> <span class='ocrx_word' id='word_1_287' title='bbox 675 2231 746 2277; x_wconf 90' lang='lat' dir='ltr'><strong>esse</strong></span> <span class='ocrx_word' id='word_1_288' title='bbox 773 2209 811 2274; x_wconf 90' lang='lat' dir='ltr'><strong>in</strong></span> <span class='ocrx_word' id='word_1_289' title='bbox 839 2209 1037 2288; x_wconf 88' lang='lat' dir='ltr'><strong>homiuibus,</strong></span> <span class='ocrx_word' id='word_1_290' title='bbox 1067 2219 1101 2274; x_wconf 92' lang='lat' dir='ltr'><strong>et</strong></span> <span class='ocrx_word' id='word_1_291' title='bbox 1153 2231 1240 2275; x_wconf 87' lang='lat' dir='ltr'><strong>mam</strong></span> <span class='ocrx_word' id='word_1_292' title='bbox 1270 2212 1421 2291; x_wconf 88' lang='lat' dir='ltr'><strong>pertinet,</strong></span> <span class='ocrx_word' id='word_1_293' title='bbox 1456 2231 1522 2276; x_wconf 90' lang='lat' dir='ltr'><strong>non</strong></span> <span class='ocrx_word' id='word_1_294' title='bbox 1553 2209 1698 2275; x_wconf 89' lang='lat' dir='ltr'><strong>dubium&#39;</strong></span> <span class='ocrx_word' id='word_1_295' title='bbox 1721 2218 1773 2274; x_wconf 91' lang='lat' dir='ltr'><strong>est</strong></span> <span class='ocrx_word' id='word_1_296' title='bbox 1802 2211 1880 2293; x_wconf 92' lang='lat' dir='ltr'><strong>quin</strong></span> <span class='ocrx_word' id='word_1_297' title='bbox 1914 2218 1993 2276; x_wconf 89' lang='lat' dir='ltr'><strong>tuuc</strong></span> <span class='ocrx_word' id='word_1_298' title='bbox 2025 2208 2134 2274; x_wconf 88' lang='lat' dir='ltr'><strong>adhuc</strong></span> 
     </span>
     <span class='ocr_line' id='line_1_22' title="bbox 123 2294 2134 2379; baseline 0 -20"><span class='ocrx_word' id='word_1_299' title='bbox 123 2296 353 2362; x_wconf 89' lang='lat' dir='ltr'><strong>animantibus.</strong></span> <span class='ocrx_word' id='word_1_300' title='bbox 413 2296 580 2378; x_wconf 77' lang='lat' dir='ltr'><strong>Quorsum</strong></span> <span class='ocrx_word' id='word_1_301' title='bbox 620 2296 707 2362; x_wconf 93' lang='lat' dir='ltr'><strong>enim</strong></span> <span class='ocrx_word' id='word_1_302' title='bbox 751 2303 842 2361; x_wconf 92' lang='lat' dir='ltr'><strong>terra</strong></span> <span class='ocrx_word' id='word_1_303' title='bbox 883 2295 1100 2361; x_wconf 84' lang='lat' dir='ltr'><strong>foecunditate</strong></span> <span class='ocrx_word' id='word_1_304' title='bbox 1151 2295 1341 2361; x_wconf 88' lang='lat' dir='ltr'><strong>fruerentur</strong></span> <span class='ocrx_word' id='word_1_305' title='bbox 1374 2294 1490 2361; x_wconf 91' lang='lat' dir='ltr'><strong>Iudaei</strong></span> <span class='ocrx_word' id='word_1_306' title='bbox 1518 2301 1552 2360; x_wconf 90' lang='lat' dir='ltr'><strong>et</strong></span> <span class='ocrx_word' id='word_1_307' title='bbox 1581 2315 1702 2379; x_wconf 81' lang='lat' dir='ltr'><strong>magne</strong></span> <span class='ocrx_word' id='word_1_308' title='bbox 1732 2315 1842 2361; x_wconf 91' lang='lat' dir='ltr'><strong>rerum</strong></span> <span class='ocrx_word' id='word_1_309' title='bbox 1872 2296 1975 2378; x_wconf 90' lang='lat' dir='ltr'><strong>copia,</strong></span> <span class='ocrx_word' id='word_1_310' title='bbox 2005 2301 2039 2360; x_wconf 90' lang='lat' dir='ltr'><strong>et</strong></span> <span class='ocrx_word' id='word_1_311' title='bbox 2066 2294 2134 2362; x_wconf 90' lang='lat' dir='ltr'><strong>suis</strong></span> 
     </span>
     <span class='ocr_line' id='line_1_23' title="bbox 122 2379 2135 2530; baseline -0.001 -84"><span class='ocrx_word' id='word_1_312' title='bbox 122 2379 269 2463; x_wconf 86' lang='lat' dir='ltr'><strong>praedita</strong></span> <span class='ocrx_word' id='word_1_313' title='bbox 302 2393 371 2466; x_wconf 89' lang='lat' dir='ltr'><strong>est,</strong></span> <span class='ocrx_word' id='word_1_314' title='bbox 410 2394 447 2447; x_wconf 91' lang='lat' dir='ltr'><strong>ut</strong></span> <span class='ocrx_word' id='word_1_315' title='bbox 487 2390 537 2446; x_wconf 93' lang='lat' dir='ltr'><strong>tot</strong></span> <span class='ocrx_word' id='word_1_316' title='bbox 575 2402 612 2449; x_wconf 89' lang='lat' dir='ltr'><strong>ac</strong></span> <span class='ocrx_word' id='word_1_317' title='bbox 645 2391 720 2446; x_wconf 91' lang='lat' dir='ltr'><strong>tam.</strong></span> <span class='ocrx_word' id='word_1_318' title='bbox 747 2380 944 2463; x_wconf 87' lang='lat' dir='ltr'><strong>multiplices</strong></span> <span class='ocrx_word' id='word_1_319' title='bbox 976 2381 1100 2448; x_wconf 89' lang='lat' dir='ltr'><strong>fructus</strong></span> <span class='ocrx_word' id='word_1_320' title='bbox 1153 2380 1291 2446; x_wconf 88' lang='lat' dir='ltr'><strong>delitiis:</strong></span> <span class='ocrx_word' id='word_1_321' title='bbox 1321 2379 1463 2463; x_wconf 88' lang='lat' dir='ltr'><strong>denique</strong></span> <span class='ocrx_word' id='word_1_322' title='bbox 1492 2381 1554 2446; x_wconf 92' lang='lat' dir='ltr'><strong>sibi</strong></span> <span class='ocrx_word' id='word_1_323' title='bbox 1582 2381 1751 2464; x_wconf 89' lang='lat' dir='ltr'><strong>placerent</strong></span> <span class='ocrx_word' id='word_1_324' title='bbox 1778 2381 1814 2445; x_wconf 85' lang='lat' dir='ltr'><strong>in</strong></span> <span class='ocrx_word' id='word_1_325' title='bbox 1842 2381 2009 2530; x_wconf 69' lang='lat' dir='ltr'><strong>praesenti</strong></span> <span class='ocrx_word' id='word_1_326' title='bbox 2036 2388 2135 2445; x_wconf 88' lang='lat' dir='ltr'><strong>statu.</strong></span> 
     </span>
     <span class='ocr_line' id='line_1_24' title="bbox 122 2464 2135 2551; baseline 0 -21"><span class='ocrx_word' id='word_1_327' title='bbox 122 2466 247 2550; x_wconf 79' lang='lat' dir='ltr'><strong>gignat,</strong></span> <span class='ocrx_word' id='word_1_328' title='bbox 281 2468 347 2532; x_wconf 92' lang='lat' dir='ltr'><strong>nisi</strong></span> <span class='ocrx_word' id='word_1_329' title='bbox 374 2469 410 2531; x_wconf 93' lang='lat' dir='ltr'><strong>in</strong></span> <span class='ocrx_word' id='word_1_330' title='bbox 442 2467 613 2533; x_wconf 92' lang='lat' dir='ltr'><strong>hominum</strong></span> <span class='ocrx_word' id='word_1_331' title='bbox 646 2476 679 2531; x_wconf 91' lang='lat' dir='ltr'><strong>et</strong></span> <span class='ocrx_word' id='word_1_332' title='bbox 712 2466 903 2533; x_wconf 90' lang='lat' dir='ltr'><strong>animalium</strong></span> <span class='ocrx_word' id='word_1_333' title='bbox 937 2466 1100 2549; x_wconf 81' lang='lat' dir='ltr'><strong>gratiam?</strong></span> <span class='ocrx_word' id='word_1_334' title='bbox 1154 2464 1221 2533; x_wconf 86' lang='lat' dir='ltr'><strong>Sed</strong></span> <span class='ocrx_word' id='word_1_335' title='bbox 1252 2465 1415 2548; x_wconf 92' lang='lat' dir='ltr'><strong>propheta</strong></span> <span class='ocrx_word' id='word_1_336' title='bbox 1447 2465 1501 2533; x_wconf 91' lang='lat' dir='ltr'><strong>hie</strong></span> <span class='ocrx_word' id='word_1_337' title='bbox 1534 2465 1708 2532; x_wconf 89' lang='lat' dir='ltr'><strong>denuntiat</strong></span> <span class='ocrx_word' id='word_1_338' title='bbox 1740 2487 1841 2551; x_wconf 89' lang='lat' dir='ltr'><strong>procu</strong></span> <span class='ocrx_word' id='word_1_339' title='bbox 1893 2486 1929 2531; x_wconf 89' lang='lat' dir='ltr'><strong>se</strong></span> <span class='ocrx_word' id='word_1_340' title='bbox 1968 2464 2135 2548; x_wconf 88' lang='lat' dir='ltr'><strong>adspicere</strong></span> 
     </span>
     <span class='ocr_line' id='line_1_25' title="bbox 122 2550 2136 2636; baseline -0.001 -19"><span class='ocrx_word' id='word_1_341' title='bbox 122 2553 274 2634; x_wconf 87' lang='lat' dir='ltr'><strong>quamvis</strong></span> <span class='ocrx_word' id='word_1_342' title='bbox 292 2573 370 2636; x_wconf 84' lang='lat' dir='ltr'><strong>ergo</strong></span> <span class='ocrx_word' id='word_1_343' title='bbox 387 2553 607 2635; x_wconf 89' lang='lat' dir='ltr'><strong>pulcherrima</strong></span> <span class='ocrx_word' id='word_1_344' title='bbox 621 2553 665 2618; x_wconf 91' lang='lat' dir='ltr'><strong>sit</strong></span> <span class='ocrx_word' id='word_1_345' title='bbox 680 2561 787 2617; x_wconf 88' lang='lat' dir='ltr'><strong>terrae</strong></span> <span class='ocrx_word' id='word_1_346' title='bbox 804 2553 928 2634; x_wconf 90' lang='lat' dir='ltr'><strong>species</strong></span> <span class='ocrx_word' id='word_1_347' title='bbox 950 2553 985 2616; x_wconf 94' lang='lat' dir='ltr'><strong>in</strong></span> <span class='ocrx_word' id='word_1_348' title='bbox 1009 2551 1099 2617; x_wconf 90' lang='lat' dir='ltr'><strong>arbe·</strong></span> <span class='ocrx_word' id='word_1_349' title='bbox 1154 2550 1240 2635; x_wconf 92' lang='lat' dir='ltr'><strong>quod</strong></span> <span class='ocrx_word' id='word_1_350' title='bbox 1261 2550 1311 2615; x_wconf 91' lang='lat' dir='ltr'><strong>illi</strong></span> <span class='ocrx_word' id='word_1_351' title='bbox 1333 2552 1498 2617; x_wconf 85' lang='lat' dir='ltr'><strong>excaecati</strong></span> <span class='ocrx_word' id='word_1_352' title='bbox 1520 2572 1586 2617; x_wconf 92' lang='lat' dir='ltr'><strong>non</strong></span> <span class='ocrx_word' id='word_1_353' title='bbox 1601 2563 1752 2628; x_wconf 86' lang='lat' dir='ltr'><strong>cernunt,</strong></span> <span class='ocrx_word' id='word_1_354' title='bbox 1775 2572 1894 2634; x_wconf 88' lang='lat' dir='ltr'><strong>nempe</strong></span> <span class='ocrx_word' id='word_1_355' title='bbox 1915 2552 2038 2616; x_wconf 90' lang='lat' dir='ltr'><strong>instare</strong></span> <span class='ocrx_word' id='word_1_356' title='bbox 2061 2569 2136 2632; x_wconf 92' lang='lat' dir='ltr'><strong>prc-</strong></span> 
     </span>
     <span class='ocr_line' id='line_1_26' title="bbox 122 2634 2135 2720; baseline -0 -20"><span class='ocrx_word' id='word_1_357' title='bbox 122 2638 213 2703; x_wconf 91' lang='lat' dir='ltr'><strong>ribus</strong></span> <span class='ocrx_word' id='word_1_358' title='bbox 241 2646 276 2701; x_wconf 91' lang='lat' dir='ltr'><strong>et</strong></span> <span class='ocrx_word' id='word_1_359' title='bbox 302 2637 423 2714; x_wconf 86' lang='lat' dir='ltr'><strong>herbis,</strong></span> <span class='ocrx_word' id='word_1_360' title='bbox 452 2648 486 2703; x_wconf 93' lang='lat' dir='ltr'><strong>et</strong></span> <span class='ocrx_word' id='word_1_361' title='bbox 513 2639 604 2702; x_wconf 92' lang='lat' dir='ltr'><strong>omni</strong></span> <span class='ocrx_word' id='word_1_362' title='bbox 633 2657 765 2720; x_wconf 83' lang='lat' dir='ltr'><strong>genere·</strong></span> <span class='ocrx_word' id='word_1_363' title='bbox 782 2636 959 2715; x_wconf 89' lang='lat' dir='ltr'><strong>fructuum,</strong></span> <span class='ocrx_word' id='word_1_364' title='bbox 989 2646 1102 2702; x_wconf 91' lang='lat' dir='ltr'><strong>tamen</strong></span> <span class='ocrx_word' id='word_1_365' title='bbox 1155 2638 1311 2720; x_wconf 90' lang='lat' dir='ltr'><strong>pinquam</strong></span> <span class='ocrx_word' id='word_1_366' title='bbox 1334 2635 1400 2702; x_wconf 92' lang='lat' dir='ltr'><strong>Dei</strong></span> <span class='ocrx_word' id='word_1_367' title='bbox 1417 2635 1610 2714; x_wconf 82' lang='lat' dir='ltr'><strong>vindictam,</strong></span> <span class='ocrx_word' id='word_1_368' title='bbox 1632 2657 1715 2719; x_wconf 86' lang='lat' dir='ltr'><strong>quae</strong></span> <span class='ocrx_word' id='word_1_369' title='bbox 1737 2656 1793 2702; x_wconf 88' lang='lat' dir='ltr'><strong>ecs</strong></span> <span class='ocrx_word' id='word_1_370' title='bbox 1815 2637 1934 2718; x_wconf 89' lang='lat' dir='ltr'><strong>spoliet</strong></span> <span class='ocrx_word' id='word_1_371' title='bbox 1955 2634 2135 2718; x_wconf 87' lang='lat' dir='ltr'><strong>opulentia,</strong></span> 
     </span>
     <span class='ocr_line' id='line_1_27' title="bbox 122 2720 2136 2806; baseline -0.001 -19"><span class='ocrx_word' id='word_1_372' title='bbox 122 2722 295 2806; x_wconf 89' lang='lat' dir='ltr'><strong>praecipue</strong></span> <span class='ocrx_word' id='word_1_373' title='bbox 317 2744 390 2788; x_wconf 91' lang='lat' dir='ltr'><strong>eam</strong></span> <span class='ocrx_word' id='word_1_374' title='bbox 411 2731 575 2788; x_wconf 86' lang='lat' dir='ltr'><strong>exornant</strong></span> <span class='ocrx_word' id='word_1_375' title='bbox 596 2722 747 2788; x_wconf 90' lang='lat' dir='ltr'><strong>homines</strong></span> <span class='ocrx_word' id='word_1_376' title='bbox 775 2730 809 2787; x_wconf 91' lang='lat' dir='ltr'><strong>et</strong></span> <span class='ocrx_word' id='word_1_377' title='bbox 828 2723 993 2787; x_wconf 86' lang='lat' dir='ltr'><strong>animalia.</strong></span> <span class='ocrx_word' id='word_1_378' title='bbox 1037 2723 1103 2787; x_wconf 91' lang='lat' dir='ltr'><strong>Per</strong></span> <span class='ocrx_word' id='word_1_379' title='bbox 1154 2742 1218 2805; x_wconf 89' lang='lat' dir='ltr'><strong>qua</strong></span> <span class='ocrx_word' id='word_1_380' title='bbox 1246 2722 1433 2806; x_wconf 75' lang='lat' dir='ltr'><strong>turgebant,</strong></span> <span class='ocrx_word' id='word_1_381' title='bbox 1466 2730 1563 2804; x_wconf 86' lang='lat' dir='ltr'><strong>atque</strong></span> <span class='ocrx_word' id='word_1_382' title='bbox 1593 2722 1674 2788; x_wconf 88' lang='lat' dir='ltr'><strong>adeo</strong></span> <span class='ocrx_word' id='word_1_383' title='bbox 1708 2720 1836 2805; x_wconf 78' lang='lat' dir='ltr'><strong>redigat</strong></span> <span class='ocrx_word' id='word_1_384' title='bbox 1868 2742 1924 2788; x_wconf 90' lang='lat' dir='ltr'><strong>eos</strong></span> <span class='ocrx_word' id='word_1_385' title='bbox 1956 2740 2070 2787; x_wconf 90' lang='lat' dir='ltr'><strong>omues</strong></span> <span class='ocrx_word' id='word_1_386' title='bbox 2098 2720 2136 2785; x_wconf 90' lang='lat' dir='ltr'><strong>iu</strong></span> 
     </span>
     <span class='ocr_line' id='line_1_28' title="bbox 122 2805 2137 2892; baseline -0.001 -20"><span class='ocrx_word' id='word_1_387' title='bbox 122 2807 349 2892; x_wconf 85' lang='lat' dir='ltr'><strong>synecdochen</strong></span> <span class='ocrx_word' id='word_1_388' title='bbox 386 2810 447 2875; x_wconf 92' lang='lat' dir='ltr'><strong>sub</strong></span> <span class='ocrx_word' id='word_1_389' title='bbox 477 2808 596 2873; x_wconf 81' lang='lat' dir='ltr'><strong>avibus</strong></span> <span class='ocrx_word' id='word_1_390' title='bbox 631 2808 792 2890; x_wconf 86' lang='lat' dir='ltr'><strong>propheta</strong></span> <span class='ocrx_word' id='word_1_391' title='bbox 821 2807 973 2890; x_wconf 80' lang='lat' dir='ltr'><strong>designat</strong></span> <span class='ocrx_word' id='word_1_392' title='bbox 1001 2808 1101 2873; x_wconf 89' lang='lat' dir='ltr'><strong>etiam</strong></span> <span class='ocrx_word' id='word_1_393' title='bbox 1155 2807 1352 2886; x_wconf 74' lang='lat' dir='ltr'><strong>vacutatem,</strong></span> <span class='ocrx_word' id='word_1_394' title='bbox 1381 2818 1418 2872; x_wconf 92' lang='lat' dir='ltr'><strong>ut</strong></span> <span class='ocrx_word' id='word_1_395' title='bbox 1439 2826 1571 2872; x_wconf 91' lang='lat' dir='ltr'><strong>sursum</strong></span> <span class='ocrx_word' id='word_1_396' title='bbox 1595 2816 1629 2872; x_wconf 91' lang='lat' dir='ltr'><strong>et</strong></span> <span class='ocrx_word' id='word_1_397' title='bbox 1651 2806 1803 2874; x_wconf 89' lang='lat' dir='ltr'><strong>deorsum</strong></span> <span class='ocrx_word' id='word_1_398' title='bbox 1827 2806 1919 2873; x_wconf 89' lang='lat' dir='ltr'><strong>nulla</strong></span> <span class='ocrx_word' id='word_1_399' title='bbox 1940 2806 2071 2872; x_wconf 89' lang='lat' dir='ltr'><strong>residua</strong></span> <span class='ocrx_word' id='word_1_400' title='bbox 2093 2805 2137 2871; x_wconf 89' lang='lat' dir='ltr'><strong>sit</strong></span> 
     </span>
     <span class='ocr_line' id='line_1_29' title="bbox 123 2891 2136 2977; baseline 0 -21"><span class='ocrx_word' id='word_1_401' title='bbox 123 2893 278 2959; x_wconf 89' lang='lat' dir='ltr'><strong>animalia</strong></span> <span class='ocrx_word' id='word_1_402' title='bbox 310 2895 488 2959; x_wconf 86' lang='lat' dir='ltr'><strong>terrestria.</strong></span> <span class='ocrx_word' id='word_1_403' title='bbox 545 2893 638 2958; x_wconf 91' lang='lat' dir='ltr'><strong>Dicit</strong></span> <span class='ocrx_word' id='word_1_404' title='bbox 676 2893 782 2975; x_wconf 75' lang='lat' dir='ltr'><strong>igitur</strong></span> <span class='ocrx_word' id='word_1_405' title='bbox 821 2896 938 2958; x_wconf 80' lang='lat' dir='ltr'><strong>ferram</strong></span> <span class='ocrx_word' id='word_1_406' title='bbox 969 2912 1103 2959; x_wconf 71' lang='lat' dir='ltr'><strong>caemm</strong></span> <span class='ocrx_word' id='word_1_407' title='bbox 1155 2893 1288 2977; x_wconf 86' lang='lat' dir='ltr'><strong>speeies,</strong></span> <span class='ocrx_word' id='word_1_408' title='bbox 1322 2891 1379 2958; x_wconf 91' lang='lat' dir='ltr'><strong>sed</strong></span> <span class='ocrx_word' id='word_1_409' title='bbox 1414 2892 1569 2959; x_wconf 91' lang='lat' dir='ltr'><strong>deformis</strong></span> <span class='ocrx_word' id='word_1_410' title='bbox 1600 2893 1757 2969; x_wconf 89' lang='lat' dir='ltr'><strong>confusio,</strong></span> <span class='ocrx_word' id='word_1_411' title='bbox 1785 2892 1890 2976; x_wconf 90' lang='lat' dir='ltr'><strong>qualis</strong></span> <span class='ocrx_word' id='word_1_412' title='bbox 1919 2892 2028 2958; x_wconf 87' lang='lat' dir='ltr'><strong>fuerat</strong></span> <span class='ocrx_word' id='word_1_413' title='bbox 2057 2898 2136 2957; x_wconf 87' lang='lat' dir='ltr'><strong>ante</strong></span> 
     </span>
     <span class='ocr_line' id='line_1_30' title="bbox 121 2976 2137 3061; baseline -0 -18"><span class='ocrx_word' id='word_1_414' title='bbox 121 2979 225 3061; x_wconf 77' lang='lat' dir='ltr'><strong>faisse</strong></span> <span class='ocrx_word' id='word_1_415' title='bbox 256 2979 491 3045; x_wconf 57' lang='lat' dir='ltr'><strong>imbribus.</strong></span> <span class='ocrx_word' id='word_1_416' title='bbox 547 2979 675 3058; x_wconf 89' lang='lat' dir='ltr'><strong>Quarta</strong></span> <span class='ocrx_word' id='word_1_417' title='bbox 708 2978 791 3042; x_wconf 83' lang='lat' dir='ltr'><strong>visio</strong></span> <span class='ocrx_word' id='word_1_418' title='bbox 824 2978 914 3044; x_wconf 89' lang='lat' dir='ltr'><strong>aliud</strong></span> <span class='ocrx_word' id='word_1_419' title='bbox 948 2980 1101 3058; x_wconf 91' lang='lat' dir='ltr'><strong>continet,</strong></span> <span class='ocrx_word' id='word_1_420' title='bbox 1154 2977 1303 3045; x_wconf 90' lang='lat' dir='ltr'><strong>ordinem</strong></span> <span class='ocrx_word' id='word_1_421' title='bbox 1337 2985 1489 3057; x_wconf 89' lang='lat' dir='ltr'><strong>naturae,</strong></span> <span class='ocrx_word' id='word_1_422' title='bbox 1526 2998 1628 3061; x_wconf 90' lang='lat' dir='ltr'><strong>quum</strong></span> <span class='ocrx_word' id='word_1_423' title='bbox 1662 2976 1769 3044; x_wconf 89' lang='lat' dir='ltr'><strong>adhuc</strong></span> <span class='ocrx_word' id='word_1_424' title='bbox 1803 2977 1946 3043; x_wconf 91' lang='lat' dir='ltr'><strong>nondum</strong></span> <span class='ocrx_word' id='word_1_425' title='bbox 1980 2977 2137 3043; x_wconf 85' lang='lat' dir='ltr'><strong>distincte</strong></span> 
     </span>
     <span class='ocr_line' id='line_1_31' title="bbox 123 3062 2137 3148; baseline 0 -20"><span class='ocrx_word' id='word_1_426' title='bbox 123 3085 241 3147; x_wconf 89' lang='lat' dir='ltr'><strong>nempe</strong></span> <span class='ocrx_word' id='word_1_427' title='bbox 267 3066 350 3146; x_wconf 82' lang='lat' dir='ltr'><strong>qaod</strong></span> <span class='ocrx_word' id='word_1_428' title='bbox 370 3085 532 3132; x_wconf 73' lang='lat' dir='ltr'><strong>macerae</strong></span> <span class='ocrx_word' id='word_1_429' title='bbox 558 3065 680 3146; x_wconf 74' lang='lat' dir='ltr'><strong>feceriut</strong></span> <span class='ocrx_word' id='word_1_430' title='bbox 706 3063 874 3144; x_wconf 71' lang='lat' dir='ltr'><strong>foecundae</strong></span> <span class='ocrx_word' id='word_1_431' title='bbox 900 3065 1041 3148; x_wconf 70' lang='lat' dir='ltr'><strong>septenes</strong></span> <span class='ocrx_word' id='word_1_432' title='bbox 1068 3065 1103 3129; x_wconf 77' lang='lat' dir='ltr'><strong>iu</strong></span> <span class='ocrx_word' id='word_1_433' title='bbox 1154 3072 1282 3131; x_wconf 86' lang='lat' dir='ltr'><strong>essete</strong></span> <span class='ocrx_word' id='word_1_434' title='bbox 1307 3063 1396 3130; x_wconf 89' lang='lat' dir='ltr'><strong>coelo</strong></span> <span class='ocrx_word' id='word_1_435' title='bbox 1424 3075 1523 3144; x_wconf 88' lang='lat' dir='ltr'><strong>terra,</strong></span> <span class='ocrx_word' id='word_1_436' title='bbox 1552 3073 1587 3130; x_wconf 91' lang='lat' dir='ltr'><strong>st</strong></span> <span class='ocrx_word' id='word_1_437' title='bbox 1615 3071 1745 3129; x_wconf 91' lang='lat' dir='ltr'><strong>tantum</strong></span> <span class='ocrx_word' id='word_1_438' title='bbox 1775 3083 1883 3129; x_wconf 87' lang='lat' dir='ltr'><strong>massa</strong></span> <span class='ocrx_word' id='word_1_439' title='bbox 1911 3062 1969 3129; x_wconf 89' lang='lat' dir='ltr'><strong>illa</strong></span> <span class='ocrx_word' id='word_1_440' title='bbox 1998 3064 2137 3128; x_wconf 87' lang='lat' dir='ltr'><strong>confusa</strong></span> 
     </span>
     <span class='ocr_line' id='line_1_32' title="bbox 122 3148 2136 3234; baseline -0.001 -18"><span class='ocrx_word' id='word_1_441' title='bbox 122 3151 253 3217; x_wconf 68' lang='lat' dir='ltr'><strong>clesma</strong></span> <span class='ocrx_word' id='word_1_442' title='bbox 305 3149 503 3234; x_wconf 80' lang='lat' dir='ltr'><strong>Quanquam</strong></span> <span class='ocrx_word' id='word_1_443' title='bbox 539 3149 621 3215; x_wconf 92' lang='lat' dir='ltr'><strong>mihi</strong></span> <span class='ocrx_word' id='word_1_444' title='bbox 649 3150 805 3232; x_wconf 89' lang='lat' dir='ltr'><strong>probatur</strong></span> <span class='ocrx_word' id='word_1_445' title='bbox 832 3148 1021 3215; x_wconf 80' lang='lat' dir='ltr'><strong>Carmelum</strong></span> <span class='ocrx_word' id='word_1_446' title='bbox 1049 3149 1103 3216; x_wconf 90' lang='lat' dir='ltr'><strong>hie</strong></span> <span class='ocrx_word' id='word_1_447' title='bbox 1155 3150 1188 3215; x_wconf 92' lang='lat' dir='ltr'><strong>in</strong></span> <span class='ocrx_word' id='word_1_448' title='bbox 1212 3170 1248 3216; x_wconf 90' lang='lat' dir='ltr'><strong>se</strong></span> <span class='ocrx_word' id='word_1_449' title='bbox 1269 3148 1562 3233; x_wconf 89' lang='lat' dir='ltr'><strong>comprehenderet</strong></span> <span class='ocrx_word' id='word_1_450' title='bbox 1591 3170 1711 3227; x_wconf 91' lang='lat' dir='ltr'><strong>aerem,</strong></span> <span class='ocrx_word' id='word_1_451' title='bbox 1740 3156 1773 3214; x_wconf 89' lang='lat' dir='ltr'><strong>et</strong></span> <span class='ocrx_word' id='word_1_452' title='bbox 1799 3158 1915 3228; x_wconf 90' lang='lat' dir='ltr'><strong>terras,</strong></span> <span class='ocrx_word' id='word_1_453' title='bbox 1945 3148 2043 3233; x_wconf 89' lang='lat' dir='ltr'><strong>idque</strong></span> <span class='ocrx_word' id='word_1_454' title='bbox 2064 3148 2136 3215; x_wconf 88' lang='lat' dir='ltr'><strong>siue</strong></span> 
     </span>
     <span class='ocr_line' id='line_1_33' title="bbox 125 3234 1674 3320; baseline -0.001 -19"><span class='ocrx_word' id='word_1_455' title='bbox 125 3238 254 3318; x_wconf 91' lang='lat' dir='ltr'><strong>proprie</strong></span> <span class='ocrx_word' id='word_1_456' title='bbox 284 3237 402 3318; x_wconf 86' lang='lat' dir='ltr'><strong>accipi:</strong></span> <span class='ocrx_word' id='word_1_457' title='bbox 436 3236 557 3303; x_wconf 90' lang='lat' dir='ltr'><strong>scimus</strong></span> <span class='ocrx_word' id='word_1_458' title='bbox 587 3235 676 3300; x_wconf 89' lang='lat' dir='ltr'><strong>enim</strong></span> <span class='ocrx_word' id='word_1_459' title='bbox 709 3244 834 3317; x_wconf 89' lang='lat' dir='ltr'><strong>partem</strong></span> <span class='ocrx_word' id='word_1_460' title='bbox 868 3235 960 3300; x_wconf 92' lang='lat' dir='ltr'><strong>illam</strong></span> <span class='ocrx_word' id='word_1_461' title='bbox 994 3245 1102 3301; x_wconf 90' lang='lat' dir='ltr'><strong>terrae</strong></span> <span class='ocrx_word' id='word_1_462' title='bbox 1155 3235 1223 3301; x_wconf 86' lang='lat' dir='ltr'><strong>ulla</strong></span> <span class='ocrx_word' id='word_1_463' title='bbox 1245 3235 1328 3301; x_wconf 91' lang='lat' dir='ltr'><strong>luce.</strong></span> <span class='ocrx_word' id='word_1_464' title='bbox 1371 3235 1491 3301; x_wconf 90' lang='lat' dir='ltr'><strong>Postea</strong></span> <span class='ocrx_word' id='word_1_465' title='bbox 1513 3234 1674 3320; x_wconf 78' lang='lat' dir='ltr'><strong>adiungit,</strong></span> 
     </span>
    </p>

    <p class='ocr_par' dir='ltr' id='par_1_3' title="bbox 124 3319 1100 3406">
     <span class='ocr_line' id='line_1_34' title="bbox 124 3319 1100 3406; baseline 0 -20"><span class='ocrx_word' id='word_1_466' title='bbox 124 3330 255 3386; x_wconf 91' lang='lat' dir='ltr'><strong>sanetae</strong></span> <span class='ocrx_word' id='word_1_467' title='bbox 286 3342 403 3386; x_wconf 92' lang='lat' dir='ltr'><strong>nomen</strong></span> <span class='ocrx_word' id='word_1_468' title='bbox 435 3323 613 3406; x_wconf 88' lang='lat' dir='ltr'><strong>sumpsisse</strong></span> <span class='ocrx_word' id='word_1_469' title='bbox 640 3341 661 3386; x_wconf 92' lang='lat' dir='ltr'><strong>a</strong></span> <span class='ocrx_word' id='word_1_470' title='bbox 689 3319 917 3387; x_wconf 83' lang='lat' dir='ltr'><strong>foecunditate.</strong></span> <span class='ocrx_word' id='word_1_471' title='bbox 971 3320 1100 3388; x_wconf 87' lang='lat' dir='ltr'><strong>Oermel</strong></span> 
     </span>
    </p>

    <p class='ocr_par' dir='ltr' id='par_1_4' title="bbox 123 3401 2137 3832">
     <span class='ocr_line' id='line_1_35' title="bbox 123 3401 2137 3491; baseline -0.001 -21"><span class='ocrx_word' id='word_1_472' title='bbox 123 3407 287 3490; x_wconf 79' lang='lat' dir='ltr'><strong>signifieat</strong></span> <span class='ocrx_word' id='word_1_473' title='bbox 309 3406 487 3489; x_wconf 90' lang='lat' dir='ltr'><strong>quemlibet</strong></span> <span class='ocrx_word' id='word_1_474' title='bbox 508 3408 615 3473; x_wconf 91' lang='lat' dir='ltr'><strong>locum</strong></span> <span class='ocrx_word' id='word_1_475' title='bbox 638 3406 842 3489; x_wconf 84' lang='lat' dir='ltr'><strong>foecundum,</strong></span> <span class='ocrx_word' id='word_1_476' title='bbox 873 3416 906 3471; x_wconf 91' lang='lat' dir='ltr'><strong>et</strong></span> <span class='ocrx_word' id='word_1_477' title='bbox 927 3408 1101 3491; x_wconf 82' lang='lat' dir='ltr'><strong>pinguem:</strong></span> <span class='ocrx_word' id='word_1_478' title='bbox 1239 3407 1291 3472; x_wconf 78' lang='lat'><strong>27.</strong></span> <span class='ocrx_word' id='word_1_479' title='bbox 1319 3405 1403 3488; x_wconf 78' lang='lat' dir='ltr'><strong>Quia</strong></span> <span class='ocrx_word' id='word_1_480' title='bbox 1424 3408 1471 3471; x_wconf 86' lang='lat' dir='ltr'><strong>eie</strong></span> <span class='ocrx_word' id='word_1_481' title='bbox 1490 3406 1567 3473; x_wconf 77' lang='lat' dir='ltr'><strong>dicit</strong></span> <span class='ocrx_word' id='word_1_482' title='bbox 1588 3405 1737 3487; x_wconf 67' lang='lat' dir='ltr'><strong>Ielreuala</strong></span> <span class='ocrx_word' id='word_1_483' title='bbox 1761 3405 1913 3471; x_wconf 81' lang='lat' dir='ltr'><strong>Desolata</strong></span> <span class='ocrx_word' id='word_1_484' title='bbox 1936 3405 1995 3469; x_wconf 79' lang='lat' dir='ltr'><strong>erit</strong></span> <span class='ocrx_word' id='word_1_485' title='bbox 2016 3401 2137 3489; x_wconf 80' lang='lat' dir='ltr'><strong>(vasta,</strong></span> 
     </span>
     <span class='ocr_line' id='line_1_36' title="bbox 124 3488 2137 3577; baseline -0.001 -21"><span class='ocrx_word' id='word_1_486' title='bbox 124 3492 190 3569; x_wconf 90' lang='lat' dir='ltr'><strong>sed,</strong></span> <span class='ocrx_word' id='word_1_487' title='bbox 213 3491 488 3574; x_wconf 88' lang='lat' dir='ltr'><strong>quemadmodum</strong></span> <span class='ocrx_word' id='word_1_488' title='bbox 506 3495 571 3557; x_wconf 91' lang='lat' dir='ltr'><strong>iam</strong></span> <span class='ocrx_word' id='word_1_489' title='bbox 586 3491 667 3572; x_wconf 84' lang='lat' dir='ltr'><strong>dixi,</strong></span> <span class='ocrx_word' id='word_1_490' title='bbox 683 3492 745 3558; x_wconf 94' lang='lat' dir='ltr'><strong>hoc</strong></span> <span class='ocrx_word' id='word_1_491' title='bbox 760 3493 892 3557; x_wconf 91' lang='lat' dir='ltr'><strong>nomine</strong></span> <span class='ocrx_word' id='word_1_492' title='bbox 908 3504 1022 3558; x_wconf 85' lang='lat' dir='ltr'><strong>vocata</strong></span> <span class='ocrx_word' id='word_1_493' title='bbox 1040 3493 1103 3557; x_wconf 90' lang='lat' dir='ltr'><strong>fuit</strong></span> <span class='ocrx_word' id='word_1_494' title='bbox 1153 3491 1282 3574; x_wconf 89' lang='lat' dir='ltr'><strong>perdita</strong></span> <span class='ocrx_word' id='word_1_495' title='bbox 1304 3491 1379 3577; x_wconf 91' lang='lat' dir='ltr'><strong>erit)</strong></span> <span class='ocrx_word' id='word_1_496' title='bbox 1400 3497 1463 3557; x_wconf 83' lang='lat' dir='ltr'><strong>tcta</strong></span> <span class='ocrx_word' id='word_1_497' title='bbox 1480 3497 1574 3567; x_wconf 85' lang='lat' dir='ltr'><strong>terra,</strong></span> <span class='ocrx_word' id='word_1_498' title='bbox 1597 3495 1627 3556; x_wconf 84' lang='lat' dir='ltr'><strong>st</strong></span> <span class='ocrx_word' id='word_1_499' title='bbox 1641 3489 1738 3570; x_wconf 70' lang='lat' dir='ltr'><strong>ficem</strong></span> <span class='ocrx_word' id='word_1_500' title='bbox 1755 3489 1821 3575; x_wconf 83' lang='lat' dir='ltr'><strong>(vel</strong></span> <span class='ocrx_word' id='word_1_501' title='bbox 1840 3488 2137 3574; x_wconf 90' lang='lat' dir='ltr'><strong>consumptionem)</strong></span> 
     </span>
     <span class='ocr_line' id='line_1_37' title="bbox 123 3574 2137 3662; baseline -0.001 -22"><span class='ocrx_word' id='word_1_502' title='bbox 123 3577 180 3642; x_wconf 91' lang='lat' dir='ltr'><strong>illa</strong></span> <span class='ocrx_word' id='word_1_503' title='bbox 202 3579 301 3662; x_wconf 85' lang='lat' dir='ltr'><strong>regio,</strong></span> <span class='ocrx_word' id='word_1_504' title='bbox 324 3577 410 3660; x_wconf 90' lang='lat' dir='ltr'><strong>quod</strong></span> <span class='ocrx_word' id='word_1_505' title='bbox 433 3579 554 3643; x_wconf 87' lang='lat' dir='ltr'><strong>referta</strong></span> <span class='ocrx_word' id='word_1_506' title='bbox 571 3586 658 3644; x_wconf 91' lang='lat' dir='ltr'><strong>esset</strong></span> <span class='ocrx_word' id='word_1_507' title='bbox 674 3576 765 3643; x_wconf 92' lang='lat' dir='ltr'><strong>omni</strong></span> <span class='ocrx_word' id='word_1_508' title='bbox 783 3596 904 3660; x_wconf 83' lang='lat' dir='ltr'><strong>genere</strong></span> <span class='ocrx_word' id='word_1_509' title='bbox 925 3578 1100 3642; x_wconf 89' lang='lat' dir='ltr'><strong>fructuum.</strong></span> <span class='ocrx_word' id='word_1_510' title='bbox 1153 3597 1215 3642; x_wconf 85' lang='lat' dir='ltr'><strong>aaa</strong></span> <span class='ocrx_word' id='word_1_511' title='bbox 1234 3577 1355 3659; x_wconf 75' lang='lat' dir='ltr'><strong>faciam</strong></span> <span class='ocrx_word' id='word_1_512' title='bbox 1384 3575 1494 3661; x_wconf 88' lang='lat' dir='ltr'><strong>(atque</strong></span> <span class='ocrx_word' id='word_1_513' title='bbox 1515 3585 1594 3640; x_wconf 92' lang='lat' dir='ltr'><strong>tunc</strong></span> <span class='ocrx_word' id='word_1_514' title='bbox 1615 3574 1733 3656; x_wconf 90' lang='lat' dir='ltr'><strong>copula</strong></span> <span class='ocrx_word' id='word_1_515' title='bbox 1754 3575 1939 3641; x_wconf 87' lang='lat' dir='ltr'><strong>resolvetur</strong></span> <span class='ocrx_word' id='word_1_516' title='bbox 1961 3576 1995 3639; x_wconf 92' lang='lat' dir='ltr'><strong>in</strong></span> <span class='ocrx_word' id='word_1_517' title='bbox 2019 3575 2137 3641; x_wconf 81' lang='lat' dir='ltr'><strong>adver·</strong></span> 
     </span>
     <span class='ocr_line' id='line_1_38' title="bbox 123 3659 1999 3747; baseline -0.001 -21"><span class='ocrx_word' id='word_1_518' title='bbox 123 3663 209 3726; x_wconf 92' lang='lat' dir='ltr'><strong>Nam</strong></span> <span class='ocrx_word' id='word_1_519' title='bbox 243 3672 340 3728; x_wconf 88' lang='lat' dir='ltr'><strong>erent</strong></span> <span class='ocrx_word' id='word_1_520' title='bbox 372 3664 540 3729; x_wconf 86' lang='lat' dir='ltr'><strong>uberrima</strong></span> <span class='ocrx_word' id='word_1_521' title='bbox 572 3683 709 3747; x_wconf 87' lang='lat' dir='ltr'><strong>pascua,</strong></span> <span class='ocrx_word' id='word_1_522' title='bbox 750 3661 866 3726; x_wconf 88' lang='lat' dir='ltr'><strong>deiude</strong></span> <span class='ocrx_word' id='word_1_523' title='bbox 899 3663 971 3744; x_wconf 77' lang='lat' dir='ltr'><strong>agri</strong></span> <span class='ocrx_word' id='word_1_524' title='bbox 1004 3662 1102 3727; x_wconf 86' lang='lat' dir='ltr'><strong>valde</strong></span> <span class='ocrx_word' id='word_1_525' title='bbox 1153 3662 1304 3745; x_wconf 87' lang='lat' dir='ltr'><strong>sativam,</strong></span> <span class='ocrx_word' id='word_1_526' title='bbox 1328 3673 1527 3727; x_wconf 89' lang='lat' dir='ltr'><strong>nontamen</strong></span> <span class='ocrx_word' id='word_1_527' title='bbox 1550 3661 1834 3744; x_wconf 87' lang='lat' dir='ltr'><strong>consumptionem</strong></span> <span class='ocrx_word' id='word_1_528' title='bbox 1857 3659 1999 3746; x_wconf 85' lang='lat' dir='ltr'><strong>faciam).</strong></span> 
     </span>
     <span class='ocr_line' id='line_1_39' title="bbox 123 3746 1101 3832; baseline 0 -21"><span class='ocrx_word' id='word_1_529' title='bbox 123 3750 256 3829; x_wconf 82' lang='lat' dir='ltr'><strong>feraces,</strong></span> <span class='ocrx_word' id='word_1_530' title='bbox 278 3758 311 3812; x_wconf 91' lang='lat' dir='ltr'><strong>et</strong></span> <span class='ocrx_word' id='word_1_531' title='bbox 331 3749 420 3812; x_wconf 90' lang='lat' dir='ltr'><strong>omni</strong></span> <span class='ocrx_word' id='word_1_532' title='bbox 443 3771 486 3814; x_wconf 85' lang='lat' dir='ltr'><strong>ex</strong></span> <span class='ocrx_word' id='word_1_533' title='bbox 509 3758 601 3832; x_wconf 89' lang='lat' dir='ltr'><strong>parte</strong></span> <span class='ocrx_word' id='word_1_534' title='bbox 624 3764 713 3812; x_wconf 91' lang='lat' dir='ltr'><strong>terra</strong></span> <span class='ocrx_word' id='word_1_535' title='bbox 734 3747 794 3812; x_wconf 88' lang='lat' dir='ltr'><strong>illa</strong></span> <span class='ocrx_word' id='word_1_536' title='bbox 820 3746 926 3811; x_wconf 88' lang='lat' dir='ltr'><strong>multa</strong></span> <span class='ocrx_word' id='word_1_537' title='bbox 956 3749 1101 3812; x_wconf 89' lang='lat' dir='ltr'><strong>amoeni·</strong></span> 
     </span>
    </p>

    <p class='ocr_par' dir='ltr' id='par_1_5' title="bbox 122 3829 2137 5113">
     <span class='ocr_line' id='line_1_40' title="bbox 124 3829 2137 3917; baseline -0 -22"><span class='ocrx_word' id='word_1_538' title='bbox 124 3841 190 3896; x_wconf 87' lang='lat' dir='ltr'><strong>tate</strong></span> <span class='ocrx_word' id='word_1_539' title='bbox 220 3834 416 3914; x_wconf 85' lang='lat' dir='ltr'><strong>praestabat.</strong></span> <span class='ocrx_word' id='word_1_540' title='bbox 469 3834 629 3899; x_wconf 78' lang='lat' dir='ltr'><strong>Libenter</strong></span> <span class='ocrx_word' id='word_1_541' title='bbox 656 3834 759 3917; x_wconf 88' lang='lat' dir='ltr'><strong>igitur</strong></span> <span class='ocrx_word' id='word_1_542' title='bbox 791 3833 912 3914; x_wconf 89' lang='lat' dir='ltr'><strong>accipio</strong></span> <span class='ocrx_word' id='word_1_543' title='bbox 944 3832 985 3897; x_wconf 91' lang='lat' dir='ltr'><strong>de</strong></span> <span class='ocrx_word' id='word_1_544' title='bbox 1019 3831 1100 3898; x_wconf 81' lang='lat' dir='ltr'><strong>(lar-</strong></span> <span class='ocrx_word' id='word_1_545' title='bbox 1237 3832 1303 3897; x_wconf 92' lang='lat' dir='ltr'><strong>Hic</strong></span> <span class='ocrx_word' id='word_1_546' title='bbox 1326 3832 1469 3899; x_wconf 83' lang='lat' dir='ltr'><strong>breviter</strong></span> <span class='ocrx_word' id='word_1_547' title='bbox 1492 3831 1635 3914; x_wconf 88' lang='lat' dir='ltr'><strong>explicat</strong></span> <span class='ocrx_word' id='word_1_548' title='bbox 1655 3830 1817 3915; x_wconf 89' lang='lat' dir='ltr'><strong>propheta</strong></span> <span class='ocrx_word' id='word_1_549' title='bbox 1832 3831 1909 3913; x_wconf 89' lang='lat' dir='ltr'><strong>quid</strong></span> <span class='ocrx_word' id='word_1_550' title='bbox 1932 3829 2137 3896; x_wconf 79' lang='lat' dir='ltr'><strong>intellexerit</strong></span> 
     </span>
     <span class='ocr_line' id='line_1_41' title="bbox 123 3915 2133 4000; baseline 0 -19"><span class='ocrx_word' id='word_1_551' title='bbox 123 3917 225 3982; x_wconf 91' lang='lat' dir='ltr'><strong>melo:</strong></span> <span class='ocrx_word' id='word_1_552' title='bbox 256 3919 395 3982; x_wconf 86' lang='lat' dir='ltr'><strong>stratio</strong></span> <span class='ocrx_word' id='word_1_553' title='bbox 417 3918 516 3982; x_wconf 91' lang='lat' dir='ltr'><strong>etiam</strong></span> <span class='ocrx_word' id='word_1_554' title='bbox 539 3917 623 3982; x_wconf 93' lang='lat' dir='ltr'><strong>mihi</strong></span> <span class='ocrx_word' id='word_1_555' title='bbox 655 3926 792 3994; x_wconf 87' lang='lat' dir='ltr'><strong>constat,</strong></span> <span class='ocrx_word' id='word_1_556' title='bbox 820 3917 973 4000; x_wconf 87' lang='lat' dir='ltr'><strong>quoniam</strong></span> <span class='ocrx_word' id='word_1_557' title='bbox 1004 3917 1102 4000; x_wconf 89' lang='lat' dir='ltr'><strong>paulo</strong></span> <span class='ocrx_word' id='word_1_558' title='bbox 1153 3938 1211 3998; x_wconf 89' lang='lat' dir='ltr'><strong>per</strong></span> <span class='ocrx_word' id='word_1_559' title='bbox 1238 3915 1314 3982; x_wconf 91' lang='lat' dir='ltr'><strong>illas</strong></span> <span class='ocrx_word' id='word_1_560' title='bbox 1344 3926 1484 4000; x_wconf 88' lang='lat' dir='ltr'><strong>quatuor</strong></span> <span class='ocrx_word' id='word_1_561' title='bbox 1505 3918 1655 3997; x_wconf 81' lang='lat' dir='ltr'><strong>visiones,</strong></span> <span class='ocrx_word' id='word_1_562' title='bbox 1686 3916 1726 3981; x_wconf 91' lang='lat' dir='ltr'><strong>de</strong></span> <span class='ocrx_word' id='word_1_563' title='bbox 1755 3915 1876 3999; x_wconf 88' lang='lat' dir='ltr'><strong>quihus</strong></span> <span class='ocrx_word' id='word_1_564' title='bbox 1906 3915 2029 3982; x_wconf 90' lang='lat' dir='ltr'><strong>dictum</strong></span> <span class='ocrx_word' id='word_1_565' title='bbox 2060 3915 2133 3982; x_wconf 91' lang='lat' dir='ltr'><strong>fuit.</strong></span> 
     </span>
     <span class='ocr_line' id='line_1_42' title="bbox 122 4001 2135 4087; baseline -0.001 -19"><span class='ocrx_word' id='word_1_566' title='bbox 122 4011 196 4085; x_wconf 88' lang='lat' dir='ltr'><strong>post</strong></span> <span class='ocrx_word' id='word_1_567' title='bbox 215 4002 364 4087; x_wconf 81' lang='lat' dir='ltr'><strong>adiungit</strong></span> <span class='ocrx_word' id='word_1_568' title='bbox 381 4023 485 4069; x_wconf 85' lang='lat' dir='ltr'><strong>omues</strong></span> <span class='ocrx_word' id='word_1_569' title='bbox 502 4003 595 4069; x_wconf 81' lang='lat' dir='ltr'><strong>urbes</strong></span> <span class='ocrx_word' id='word_1_570' title='bbox 610 4003 797 4085; x_wconf 74' lang='lat' dir='ltr'><strong>elcesaitae</strong></span> <span class='ocrx_word' id='word_1_571' title='bbox 814 4004 995 4069; x_wconf 62' lang='lat' dir='ltr'><strong>maetas.</strong></span> <span class='ocrx_word' id='word_1_572' title='bbox 1027 4003 1101 4069; x_wconf 88' lang='lat' dir='ltr'><strong>Hoc</strong></span> <span class='ocrx_word' id='word_1_573' title='bbox 1152 4004 1352 4067; x_wconf 89' lang='lat' dir='ltr'><strong>Pronuntiat</strong></span> <span class='ocrx_word' id='word_1_574' title='bbox 1372 4003 1476 4087; x_wconf 81' lang='lat' dir='ltr'><strong>igitur</strong></span> <span class='ocrx_word' id='word_1_575' title='bbox 1496 4003 1588 4087; x_wconf 88' lang='lat' dir='ltr'><strong>quasi</strong></span> <span class='ocrx_word' id='word_1_576' title='bbox 1611 4005 1644 4068; x_wconf 92' lang='lat' dir='ltr'><strong>in</strong></span> <span class='ocrx_word' id='word_1_577' title='bbox 1667 4021 1808 4085; x_wconf 92' lang='lat' dir='ltr'><strong>persona</strong></span> <span class='ocrx_word' id='word_1_578' title='bbox 1822 4001 1900 4082; x_wconf 91' lang='lat' dir='ltr'><strong>Dei,</strong></span> <span class='ocrx_word' id='word_1_579' title='bbox 1921 4002 1991 4067; x_wconf 82' lang='lat' dir='ltr'><strong>fore</strong></span> <span class='ocrx_word' id='word_1_580' title='bbox 2012 4001 2047 4065; x_wconf 93' lang='lat' dir='ltr'><strong>in</strong></span> <span class='ocrx_word' id='word_1_581' title='bbox 2066 4007 2135 4066; x_wconf 89' lang='lat' dir='ltr'><strong>tcta</strong></span> 
     </span>
     <span class='ocr_line' id='line_1_43' title="bbox 123 4085 2136 4172; baseline -0 -20"><span class='ocrx_word' id='word_1_582' title='bbox 123 4095 234 4153; x_wconf 91' lang='lat' dir='ltr'><strong>autem</strong></span> <span class='ocrx_word' id='word_1_583' title='bbox 256 4092 365 4172; x_wconf 90' lang='lat' dir='ltr'><strong>aptius</strong></span> <span class='ocrx_word' id='word_1_584' title='bbox 389 4088 595 4170; x_wconf 88' lang='lat' dir='ltr'><strong>praedicetur</strong></span> <span class='ocrx_word' id='word_1_585' title='bbox 625 4088 666 4153; x_wconf 91' lang='lat' dir='ltr'><strong>de</strong></span> <span class='ocrx_word' id='word_1_586' title='bbox 695 4087 856 4167; x_wconf 81' lang='lat' dir='ltr'><strong>Oarmelo,</strong></span> <span class='ocrx_word' id='word_1_587' title='bbox 887 4108 984 4171; x_wconf 89' lang='lat' dir='ltr'><strong>quam</strong></span> <span class='ocrx_word' id='word_1_588' title='bbox 1012 4107 1100 4153; x_wconf 93' lang='lat' dir='ltr'><strong>com·</strong></span> <span class='ocrx_word' id='word_1_589' title='bbox 1152 4087 1276 4153; x_wconf 89' lang='lat' dir='ltr'><strong>Iudaea</strong></span> <span class='ocrx_word' id='word_1_590' title='bbox 1308 4086 1507 4153; x_wconf 87' lang='lat' dir='ltr'><strong>horrendam</strong></span> <span class='ocrx_word' id='word_1_591' title='bbox 1541 4090 1746 4153; x_wconf 85' lang='lat' dir='ltr'><strong>vastitatem:</strong></span> <span class='ocrx_word' id='word_1_592' title='bbox 1783 4085 1892 4168; x_wconf 82' lang='lat' dir='ltr'><strong>Vasta,</strong></span> <span class='ocrx_word' id='word_1_593' title='bbox 1925 4087 2043 4170; x_wconf 88' lang='lat' dir='ltr'><strong>inquit,</strong></span> <span class='ocrx_word' id='word_1_594' title='bbox 2076 4087 2136 4152; x_wconf 74' lang='lat' dir='ltr'><strong>erit</strong></span> 
     </span>
     <span class='ocr_line' id='line_1_44' title="bbox 123 4170 2135 4259; baseline 0 -22"><span class='ocrx_word' id='word_1_595' title='bbox 123 4183 214 4256; x_wconf 88' lang='lat' dir='ltr'><strong>petat</strong></span> <span class='ocrx_word' id='word_1_596' title='bbox 256 4174 458 4259; x_wconf 84' lang='lat' dir='ltr'><strong>generaliter</strong></span> <span class='ocrx_word' id='word_1_597' title='bbox 500 4176 536 4238; x_wconf 90' lang='lat' dir='ltr'><strong>in</strong></span> <span class='ocrx_word' id='word_1_598' title='bbox 578 4174 731 4257; x_wconf 78' lang='lat' dir='ltr'><strong>regiones</strong></span> <span class='ocrx_word' id='word_1_599' title='bbox 769 4184 881 4239; x_wconf 90' lang='lat' dir='ltr'><strong>omnes</strong></span> <span class='ocrx_word' id='word_1_600' title='bbox 919 4172 1101 4239; x_wconf 84' lang='lat' dir='ltr'><strong>foecundas.</strong></span> <span class='ocrx_word' id='word_1_601' title='bbox 1152 4175 1371 4255; x_wconf 67' lang='lat' dir='ltr'><strong>omniafere,</strong></span> <span class='ocrx_word' id='word_1_602' title='bbox 1402 4184 1460 4238; x_wconf 90' lang='lat' dir='ltr'><strong>aut</strong></span> <span class='ocrx_word' id='word_1_603' title='bbox 1488 4176 1523 4239; x_wconf 92' lang='lat' dir='ltr'><strong>in</strong></span> <span class='ocrx_word' id='word_1_604' title='bbox 1546 4181 1616 4239; x_wconf 92' lang='lat' dir='ltr'><strong>tcta</strong></span> <span class='ocrx_word' id='word_1_605' title='bbox 1637 4182 1728 4239; x_wconf 88' lang='lat' dir='ltr'><strong>terra</strong></span> <span class='ocrx_word' id='word_1_606' title='bbox 1756 4173 1821 4237; x_wconf 88' lang='lat' dir='ltr'><strong>erit</strong></span> <span class='ocrx_word' id='word_1_607' title='bbox 1842 4172 1992 4239; x_wconf 86' lang='lat' dir='ltr'><strong>vastitas.</strong></span> <span class='ocrx_word' id='word_1_608' title='bbox 2036 4170 2135 4253; x_wconf 90' lang='lat' dir='ltr'><strong>Quod</strong></span> 
     </span>
     <span class='ocr_line' id='line_1_45' title="bbox 124 4257 2136 4343; baseline -0.001 -20"><span class='ocrx_word' id='word_1_609' title='bbox 124 4258 292 4337; x_wconf 87' lang='lat' dir='ltr'><strong>Quantum</strong></span> <span class='ocrx_word' id='word_1_610' title='bbox 324 4260 365 4324; x_wconf 87' lang='lat' dir='ltr'><strong>ad</strong></span> <span class='ocrx_word' id='word_1_611' title='bbox 395 4279 447 4324; x_wconf 88' lang='lat' dir='ltr'><strong>me</strong></span> <span class='ocrx_word' id='word_1_612' title='bbox 480 4267 621 4342; x_wconf 90' lang='lat' dir='ltr'><strong>spectat,</strong></span> <span class='ocrx_word' id='word_1_613' title='bbox 654 4261 806 4326; x_wconf 86' lang='lat' dir='ltr'><strong>existimo</strong></span> <span class='ocrx_word' id='word_1_614' title='bbox 834 4259 1029 4342; x_wconf 90' lang='lat' dir='ltr'><strong>prophetam</strong></span> <span class='ocrx_word' id='word_1_615' title='bbox 1062 4260 1103 4325; x_wconf 89' lang='lat' dir='ltr'><strong>de</strong></span> <span class='ocrx_word' id='word_1_616' title='bbox 1154 4270 1266 4343; x_wconf 88' lang='lat' dir='ltr'><strong>postea</strong></span> <span class='ocrx_word' id='word_1_617' title='bbox 1288 4259 1444 4342; x_wconf 90' lang='lat' dir='ltr'><strong>sequitur,</strong></span> <span class='ocrx_word' id='word_1_618' title='bbox 1466 4261 1513 4324; x_wconf 90' lang='lat' dir='ltr'><strong>ita</strong></span> <span class='ocrx_word' id='word_1_619' title='bbox 1534 4266 1707 4343; x_wconf 86' lang='lat' dir='ltr'><strong>exponunt</strong></span> <span class='ocrx_word' id='word_1_620' title='bbox 1727 4257 1871 4341; x_wconf 92' lang='lat' dir='ltr'><strong>quidam,</strong></span> <span class='ocrx_word' id='word_1_621' title='bbox 1894 4277 1934 4322; x_wconf 89' lang='lat' dir='ltr'><strong>ao</strong></span> <span class='ocrx_word' id='word_1_622' title='bbox 1955 4259 1981 4323; x_wconf 89' lang='lat' dir='ltr'><strong>si</strong></span> <span class='ocrx_word' id='word_1_623' title='bbox 2006 4258 2136 4340; x_wconf 83' lang='lat' dir='ltr'><strong>mitiget</strong></span> 
     </span>
     <span class='ocr_line' id='line_1_46' title="bbox 124 4342 2133 4429; baseline -0.001 -22"><span class='ocrx_word' id='word_1_624' title='bbox 124 4342 277 4409; x_wconf 77' lang='lat' dir='ltr'><strong>Cermalo</strong></span> <span class='ocrx_word' id='word_1_625' title='bbox 299 4345 396 4428; x_wconf 91' lang='lat' dir='ltr'><strong>loqui,</strong></span> <span class='ocrx_word' id='word_1_626' title='bbox 416 4344 473 4412; x_wconf 91' lang='lat' dir='ltr'><strong>sed</strong></span> <span class='ocrx_word' id='word_1_627' title='bbox 492 4355 604 4410; x_wconf 92' lang='lat' dir='ltr'><strong>tamen</strong></span> <span class='ocrx_word' id='word_1_628' title='bbox 619 4355 658 4408; x_wconf 91' lang='lat' dir='ltr'><strong>ut</strong></span> <span class='ocrx_word' id='word_1_629' title='bbox 673 4344 798 4409; x_wconf 89' lang='lat' dir='ltr'><strong>alludat</strong></span> <span class='ocrx_word' id='word_1_630' title='bbox 813 4344 854 4409; x_wconf 88' lang='lat' dir='ltr'><strong>ad</strong></span> <span class='ocrx_word' id='word_1_631' title='bbox 870 4345 1101 4429; x_wconf 80' lang='lat' dir='ltr'><strong>etymologiam</strong></span> <span class='ocrx_word' id='word_1_632' title='bbox 1154 4346 1373 4429; x_wconf 90' lang='lat' dir='ltr'><strong>asperitatem.</strong></span> <span class='ocrx_word' id='word_1_633' title='bbox 1417 4345 1508 4428; x_wconf 82' lang='lat' dir='ltr'><strong>Ifrgc</strong></span> <span class='ocrx_word' id='word_1_634' title='bbox 1530 4344 1712 4412; x_wconf 87' lang='lat' dir='ltr'><strong>secundum</strong></span> <span class='ocrx_word' id='word_1_635' title='bbox 1734 4365 1789 4409; x_wconf 91' lang='lat' dir='ltr'><strong>eos</strong></span> <span class='ocrx_word' id='word_1_636' title='bbox 1811 4342 1944 4409; x_wconf 90' lang='lat' dir='ltr'><strong>additur</strong></span> <span class='ocrx_word' id='word_1_637' title='bbox 1966 4343 2133 4420; x_wconf 87' lang='lat' dir='ltr'><strong>eorrectio,</strong></span> 
     </span>
     <span class='ocr_line' id='line_1_47' title="bbox 124 4427 2135 4514; baseline 0 -23"><span class='ocrx_word' id='word_1_638' title='bbox 124 4429 225 4494; x_wconf 85' lang='lat' dir='ltr'><strong>vocis.</strong></span> <span class='ocrx_word' id='word_1_639' title='bbox 270 4429 381 4495; x_wconf 79' lang='lat' dir='ltr'><strong>Etiam</strong></span> <span class='ocrx_word' id='word_1_640' title='bbox 402 4431 436 4495; x_wconf 93' lang='lat' dir='ltr'><strong>in</strong></span> <span class='ocrx_word' id='word_1_641' title='bbox 467 4430 529 4495; x_wconf 91' lang='lat' dir='ltr'><strong>hoe</strong></span> <span class='ocrx_word' id='word_1_642' title='bbox 551 4451 647 4495; x_wconf 88' lang='lat' dir='ltr'><strong>versu</strong></span> <span class='ocrx_word' id='word_1_643' title='bbox 677 4429 898 4514; x_wconf 82' lang='lat' dir='ltr'><strong>synecdoche:</strong></span> <span class='ocrx_word' id='word_1_644' title='bbox 929 4432 1023 4514; x_wconf 89' lang='lat' dir='ltr'><strong>quasi</strong></span> <span class='ocrx_word' id='word_1_645' title='bbox 1053 4429 1101 4494; x_wconf 92' lang='lat' dir='ltr'><strong>di·</strong></span> <span class='ocrx_word' id='word_1_646' title='bbox 1154 4451 1237 4514; x_wconf 84' lang='lat' dir='ltr'><strong>quae</strong></span> <span class='ocrx_word' id='word_1_647' title='bbox 1267 4451 1324 4514; x_wconf 91' lang='lat' dir='ltr'><strong>spe</strong></span> <span class='ocrx_word' id='word_1_648' title='bbox 1353 4429 1463 4512; x_wconf 91' lang='lat' dir='ltr'><strong>aliqua</strong></span> <span class='ocrx_word' id='word_1_649' title='bbox 1490 4429 1730 4496; x_wconf 90' lang='lat' dir='ltr'><strong>misericordiae</strong></span> <span class='ocrx_word' id='word_1_650' title='bbox 1760 4428 1910 4494; x_wconf 81' lang='lat' dir='ltr'><strong>sublevet</strong></span> <span class='ocrx_word' id='word_1_651' title='bbox 1938 4427 2062 4504; x_wconf 87' lang='lat' dir='ltr'><strong>fideles,</strong></span> <span class='ocrx_word' id='word_1_652' title='bbox 2092 4446 2135 4492; x_wconf 93' lang='lat' dir='ltr'><strong>ne</strong></span> 
     </span>
     <span class='ocr_line' id='line_1_48' title="bbox 124 4512 2135 4600; baseline 0 -22"><span class='ocrx_word' id='word_1_653' title='bbox 124 4524 212 4578; x_wconf 92' lang='lat' dir='ltr'><strong>ceret</strong></span> <span class='ocrx_word' id='word_1_654' title='bbox 230 4515 430 4595; x_wconf 83' lang='lat' dir='ltr'><strong>Carmelum,</strong></span> <span class='ocrx_word' id='word_1_655' title='bbox 453 4517 510 4598; x_wconf 90' lang='lat' dir='ltr'><strong>qui</strong></span> <span class='ocrx_word' id='word_1_656' title='bbox 528 4536 650 4599; x_wconf 80' lang='lat' dir='ltr'><strong>magna</strong></span> <span class='ocrx_word' id='word_1_657' title='bbox 667 4513 887 4581; x_wconf 83' lang='lat' dir='ltr'><strong>foecunditate</strong></span> <span class='ocrx_word' id='word_1_658' title='bbox 905 4517 1102 4599; x_wconf 86' lang='lat' dir='ltr'><strong>praestabat,</strong></span> <span class='ocrx_word' id='word_1_659' title='bbox 1153 4537 1287 4600; x_wconf 91' lang='lat' dir='ltr'><strong>prorsus</strong></span> <span class='ocrx_word' id='word_1_660' title='bbox 1315 4514 1538 4598; x_wconf 87' lang='lat' dir='ltr'><strong>despondeant</strong></span> <span class='ocrx_word' id='word_1_661' title='bbox 1567 4517 1704 4580; x_wconf 90' lang='lat' dir='ltr'><strong>animes.</strong></span> <span class='ocrx_word' id='word_1_662' title='bbox 1750 4514 1796 4579; x_wconf 79' lang='lat' dir='ltr'><strong>Et</strong></span> <span class='ocrx_word' id='word_1_663' title='bbox 1825 4534 1903 4579; x_wconf 89' lang='lat' dir='ltr'><strong>sene</strong></span> <span class='ocrx_word' id='word_1_664' title='bbox 1932 4514 1959 4578; x_wconf 86' lang='lat' dir='ltr'><strong>si</strong></span> <span class='ocrx_word' id='word_1_665' title='bbox 1988 4512 2135 4596; x_wconf 88' lang='lat' dir='ltr'><strong>praecise</strong></span> 
     </span>
     <span class='ocr_line' id='line_1_49' title="bbox 124 4597 2135 4684; baseline 0 -21"><span class='ocrx_word' id='word_1_666' title='bbox 124 4601 224 4665; x_wconf 92' lang='lat' dir='ltr'><strong>fuisse</strong></span> <span class='ocrx_word' id='word_1_667' title='bbox 242 4600 369 4665; x_wconf 89' lang='lat' dir='ltr'><strong>deserto</strong></span> <span class='ocrx_word' id='word_1_668' title='bbox 384 4602 536 4667; x_wconf 90' lang='lat' dir='ltr'><strong>similem.</strong></span> <span class='ocrx_word' id='word_1_669' title='bbox 569 4601 673 4666; x_wconf 89' lang='lat' dir='ltr'><strong>Isaiae</strong></span> <span class='ocrx_word' id='word_1_670' title='bbox 688 4621 791 4682; x_wconf 89' lang='lat' dir='ltr'><strong>quum</strong></span> <span class='ocrx_word' id='word_1_671' title='bbox 807 4600 847 4666; x_wconf 92' lang='lat' dir='ltr'><strong>de</strong></span> <span class='ocrx_word' id='word_1_672' title='bbox 862 4600 1102 4668; x_wconf 88' lang='lat' dir='ltr'><strong>instauratione</strong></span> <span class='ocrx_word' id='word_1_673' title='bbox 1153 4603 1305 4679; x_wconf 90' lang='lat' dir='ltr'><strong>minetur,</strong></span> <span class='ocrx_word' id='word_1_674' title='bbox 1336 4610 1461 4666; x_wconf 90' lang='lat' dir='ltr'><strong>terrore</strong></span> <span class='ocrx_word' id='word_1_675' title='bbox 1482 4601 1604 4684; x_wconf 89' lang='lat' dir='ltr'><strong>poterit</strong></span> <span class='ocrx_word' id='word_1_676' title='bbox 1625 4609 1759 4665; x_wconf 91' lang='lat' dir='ltr'><strong>centum</strong></span> <span class='ocrx_word' id='word_1_677' title='bbox 1783 4598 1922 4665; x_wconf 91' lang='lat' dir='ltr'><strong>mundos</strong></span> <span class='ocrx_word' id='word_1_678' title='bbox 1951 4597 2135 4664; x_wconf 90' lang='lat' dir='ltr'><strong>ahsorbere.</strong></span> 
     </span>
     <span class='ocr_line' id='line_1_50' title="bbox 124 4684 2135 4772; baseline 0 -24"><span class='ocrx_word' id='word_1_679' title='bbox 124 4684 281 4750; x_wconf 88' lang='lat' dir='ltr'><strong>eeclesiae</strong></span> <span class='ocrx_word' id='word_1_680' title='bbox 303 4685 455 4768; x_wconf 89' lang='lat' dir='ltr'><strong>loquitur,</strong></span> <span class='ocrx_word' id='word_1_681' title='bbox 484 4686 561 4753; x_wconf 91' lang='lat' dir='ltr'><strong>dicit</strong></span> <span class='ocrx_word' id='word_1_682' title='bbox 584 4686 650 4772; x_wconf 82' lang='lat'><strong>(32,</strong></span> <span class='ocrx_word' id='word_1_683' title='bbox 675 4686 738 4771; x_wconf 83' lang='lat' dir='ltr'><strong>lb),</strong></span> <span class='ocrx_word' id='word_1_684' title='bbox 769 4687 816 4750; x_wconf 79' lang='lat' dir='ltr'><strong>Et</strong></span> <span class='ocrx_word' id='word_1_685' title='bbox 843 4688 907 4751; x_wconf 90' lang='lat' dir='ltr'><strong>erit</strong></span> <span class='ocrx_word' id='word_1_686' title='bbox 935 4686 1102 4753; x_wconf 91' lang='lat' dir='ltr'><strong>desertum</strong></span> <span class='ocrx_word' id='word_1_687' title='bbox 1153 4688 1204 4753; x_wconf 90' lang='lat' dir='ltr'><strong>Ne</strong></span> <span class='ocrx_word' id='word_1_688' title='bbox 1236 4688 1338 4772; x_wconf 81' lang='lat' dir='ltr'><strong>igitur</strong></span> <span class='ocrx_word' id='word_1_689' title='bbox 1370 4686 1553 4768; x_wconf 87' lang='lat' dir='ltr'><strong>desperatio</strong></span> <span class='ocrx_word' id='word_1_690' title='bbox 1589 4685 1702 4751; x_wconf 87' lang='lat' dir='ltr'><strong>fideles</strong></span> <span class='ocrx_word' id='word_1_691' title='bbox 1738 4686 1787 4750; x_wconf 90' lang='lat' dir='ltr'><strong>ita</strong></span> <span class='ocrx_word' id='word_1_692' title='bbox 1822 4685 1956 4764; x_wconf 89' lang='lat' dir='ltr'><strong>obruat,</strong></span> <span class='ocrx_word' id='word_1_693' title='bbox 1993 4691 2031 4749; x_wconf 93' lang='lat' dir='ltr'><strong>ut</strong></span> <span class='ocrx_word' id='word_1_694' title='bbox 2067 4704 2135 4749; x_wconf 89' lang='lat' dir='ltr'><strong>nou</strong></span> 
     </span>
     <span class='ocr_line' id='line_1_51' title="bbox 124 4769 2136 4856; baseline 0 -23"><span class='ocrx_word' id='word_1_695' title='bbox 124 4770 160 4834; x_wconf 93' lang='lat' dir='ltr'><strong>in</strong></span> <span class='ocrx_word' id='word_1_696' title='bbox 182 4769 388 4836; x_wconf 76' lang='lat' dir='ltr'><strong>Carmelum:</strong></span> <span class='ocrx_word' id='word_1_697' title='bbox 417 4774 510 4854; x_wconf 90' lang='lat' dir='ltr'><strong>quasi</strong></span> <span class='ocrx_word' id='word_1_698' title='bbox 538 4773 662 4838; x_wconf 90' lang='lat' dir='ltr'><strong>diceret</strong></span> <span class='ocrx_word' id='word_1_699' title='bbox 684 4784 751 4836; x_wconf 89' lang='lat' dir='ltr'><strong>tam</strong></span> <span class='ocrx_word' id='word_1_700' title='bbox 780 4773 914 4838; x_wconf 89' lang='lat' dir='ltr'><strong>uberem</strong></span> <span class='ocrx_word' id='word_1_701' title='bbox 944 4774 1015 4838; x_wconf 89' lang='lat' dir='ltr'><strong>fore</strong></span> <span class='ocrx_word' id='word_1_702' title='bbox 1036 4773 1102 4838; x_wconf 91' lang='lat' dir='ltr'><strong>Dei</strong></span> <span class='ocrx_word' id='word_1_703' title='bbox 1152 4772 1297 4838; x_wconf 89' lang='lat' dir='ltr'><strong>audeant</strong></span> <span class='ocrx_word' id='word_1_704' title='bbox 1318 4773 1494 4856; x_wconf 81' lang='lat' dir='ltr'><strong>confugere</strong></span> <span class='ocrx_word' id='word_1_705' title='bbox 1516 4771 1557 4838; x_wconf 91' lang='lat' dir='ltr'><strong>ad</strong></span> <span class='ocrx_word' id='word_1_706' title='bbox 1578 4771 1642 4836; x_wconf 90' lang='lat' dir='ltr'><strong>Dei</strong></span> <span class='ocrx_word' id='word_1_707' title='bbox 1664 4769 1932 4850; x_wconf 88' lang='lat' dir='ltr'><strong>misericordiam,</strong></span> <span class='ocrx_word' id='word_1_708' title='bbox 1955 4789 2053 4852; x_wconf 88' lang='lat' dir='ltr'><strong>saepe</strong></span> <span class='ocrx_word' id='word_1_709' title='bbox 2076 4789 2136 4851; x_wconf 91' lang='lat' dir='ltr'><strong>per</strong></span> 
     </span>
     <span class='ocr_line' id='line_1_52' title="bbox 123 4854 2135 4935; baseline -0 -15"><span class='ocrx_word' id='word_1_710' title='bbox 123 4855 384 4921; x_wconf 87' lang='lat' dir='ltr'><strong>benedictionem</strong></span> <span class='ocrx_word' id='word_1_711' title='bbox 406 4859 439 4921; x_wconf 93' lang='lat' dir='ltr'><strong>in</strong></span> <span class='ocrx_word' id='word_1_712' title='bbox 463 4866 530 4922; x_wconf 89' lang='lat' dir='ltr'><strong>tcto</strong></span> <span class='ocrx_word' id='word_1_713' title='bbox 552 4857 682 4935; x_wconf 90' lang='lat' dir='ltr'><strong>mundo,</strong></span> <span class='ocrx_word' id='word_1_714' title='bbox 708 4866 747 4922; x_wconf 93' lang='lat' dir='ltr'><strong>ut</strong></span> <span class='ocrx_word' id='word_1_715' title='bbox 769 4856 898 4922; x_wconf 86' lang='lat' dir='ltr'><strong>deserta</strong></span> <span class='ocrx_word' id='word_1_716' title='bbox 919 4879 985 4924; x_wconf 89' lang='lat' dir='ltr'><strong>uon</strong></span> <span class='ocrx_word' id='word_1_717' title='bbox 1008 4879 1101 4925; x_wconf 89' lang='lat' dir='ltr'><strong>secus</strong></span> <span class='ocrx_word' id='word_1_718' title='bbox 1153 4857 1287 4924; x_wconf 90' lang='lat' dir='ltr'><strong>modum</strong></span> <span class='ocrx_word' id='word_1_719' title='bbox 1308 4858 1517 4924; x_wconf 86' lang='lat' dir='ltr'><strong>correctionis</strong></span> <span class='ocrx_word' id='word_1_720' title='bbox 1546 4856 1679 4922; x_wconf 87' lang='lat' dir='ltr'><strong>additur</strong></span> <span class='ocrx_word' id='word_1_721' title='bbox 1701 4854 1810 4921; x_wconf 92' lang='lat' dir='ltr'><strong>Deum</strong></span> <span class='ocrx_word' id='word_1_722' title='bbox 1832 4855 1920 4921; x_wconf 92' lang='lat' dir='ltr'><strong>nolle</strong></span> <span class='ocrx_word' id='word_1_723' title='bbox 1944 4863 2050 4920; x_wconf 84' lang='lat' dir='ltr'><strong>totam</strong></span> <span class='ocrx_word' id='word_1_724' title='bbox 2069 4864 2135 4919; x_wconf 88' lang='lat' dir='ltr'><strong>ter·</strong></span> 
     </span>
     <span class='ocr_line' id='line_1_53' title="bbox 123 4927 2135 5027; baseline 0 -23"><span class='ocrx_word' id='word_1_725' title='bbox 123 4941 320 5006; x_wconf 90' lang='lat' dir='ltr'><strong>fructificent</strong></span> <span class='ocrx_word' id='word_1_726' title='bbox 342 4960 380 5005; x_wconf 88' lang='lat' dir='ltr'><strong>ac</strong></span> <span class='ocrx_word' id='word_1_727' title='bbox 395 4940 568 5008; x_wconf 87' lang='lat' dir='ltr'><strong>Oermelus</strong></span> <span class='ocrx_word' id='word_1_728' title='bbox 585 4945 663 5026; x_wconf 92' lang='lat' dir='ltr'><strong>ipse,</strong></span> <span class='ocrx_word' id='word_1_729' title='bbox 678 4942 732 5009; x_wconf 87' lang='lat' dir='ltr'><strong>vel</strong></span> <span class='ocrx_word' id='word_1_730' title='bbox 754 4943 904 5027; x_wconf 86' lang='lat' dir='ltr'><strong>regiones</strong></span> <span class='ocrx_word' id='word_1_731' title='bbox 919 4963 1005 5025; x_wconf 90' lang='lat' dir='ltr'><strong>qnae</strong></span> <span class='ocrx_word' id='word_1_732' title='bbox 1023 4965 1103 5026; x_wconf 88' lang='lat' dir='ltr'><strong>prae</strong></span> <span class='ocrx_word' id='word_1_733' title='bbox 1155 4965 1223 5010; x_wconf 89' lang='lat' dir='ltr'><strong>ram</strong></span> <span class='ocrx_word' id='word_1_734' title='bbox 1253 4963 1456 5009; x_wconf 89' lang='lat' dir='ltr'><strong>consumere.</strong></span> <span class='ocrx_word' id='word_1_735' title='bbox 1508 4943 1637 5009; x_wconf 87' lang='lat' dir='ltr'><strong>Nomen</strong></span> <span class='ocrx_word' id='word_1_736' title='bbox 1670 4927 1735 5011; x_wconf 64' lang='lat' dir='ltr'><strong>tlt)</strong></span> <span class='ocrx_word' id='word_1_737' title='bbox 1769 4941 1936 5024; x_wconf 82' lang='lat' dir='ltr'><strong>signifieat</strong></span> <span class='ocrx_word' id='word_1_738' title='bbox 1967 4939 2135 5006; x_wconf 90' lang='lat' dir='ltr'><strong>interdum</strong></span> 
     </span>
     <span class='ocr_line' id='line_1_54' title="bbox 124 5025 2135 5113; baseline 0.001 -24"><span class='ocrx_word' id='word_1_739' title='bbox 124 5025 197 5092; x_wconf 87' lang='lat' dir='ltr'><strong>aliis</strong></span> <span class='ocrx_word' id='word_1_740' title='bbox 218 5028 347 5109; x_wconf 91' lang='lat' dir='ltr'><strong>opimae</strong></span> <span class='ocrx_word' id='word_1_741' title='bbox 369 5036 471 5094; x_wconf 90' lang='lat' dir='ltr'><strong>erant.</strong></span> <span class='ocrx_word' id='word_1_742' title='bbox 516 5028 581 5094; x_wconf 90' lang='lat' dir='ltr'><strong>Hie</strong></span> <span class='ocrx_word' id='word_1_743' title='bbox 610 5037 720 5094; x_wconf 90' lang='lat' dir='ltr'><strong>antem</strong></span> <span class='ocrx_word' id='word_1_744' title='bbox 742 5028 901 5093; x_wconf 87' lang='lat' dir='ltr'><strong>Ieremias</strong></span> <span class='ocrx_word' id='word_1_745' title='bbox 929 5028 971 5094; x_wconf 91' lang='lat' dir='ltr'><strong>de</strong></span> <span class='ocrx_word' id='word_1_746' title='bbox 1000 5029 1102 5095; x_wconf 89' lang='lat' dir='ltr'><strong>male·</strong></span> <span class='ocrx_word' id='word_1_747' title='bbox 1153 5030 1397 5113; x_wconf 90' lang='lat' dir='ltr'><strong>perfectionem:</strong></span> <span class='ocrx_word' id='word_1_748' title='bbox 1426 5027 1484 5094; x_wconf 89' lang='lat' dir='ltr'><strong>sed</strong></span> <span class='ocrx_word' id='word_1_749' title='bbox 1506 5027 1655 5111; x_wconf 92' lang='lat' dir='ltr'><strong>pluribus</strong></span> <span class='ocrx_word' id='word_1_750' title='bbox 1685 5027 1765 5093; x_wconf 90' lang='lat' dir='ltr'><strong>locis</strong></span> <span class='ocrx_word' id='word_1_751' title='bbox 1795 5047 1854 5109; x_wconf 92' lang='lat' dir='ltr'><strong>pro</strong></span> <span class='ocrx_word' id='word_1_752' title='bbox 1884 5028 2135 5110; x_wconf 92' lang='lat' dir='ltr'><strong>consumptione</strong></span> 
     </span>
    </p>
   </div>
   <div class='ocr_carea' id='block_1_3' title="bbox 29 5111 2137 5200">
    <p class='ocr_par' dir='ltr' id='par_1_6' title="bbox 29 5111 2137 5200">
     <span class='ocr_line' id='line_1_55' title="bbox 29 5111 2137 5200; baseline -0 -20"><span class='ocrx_word' id='word_1_753' title='bbox 29 5177 30 5180; x_wconf 74' lang='grc'>,</span> <span class='ocrx_word' id='word_1_754' title='bbox 125 5111 264 5177; x_wconf 88' lang='lat' dir='ltr'><strong>dictione</strong></span> <span class='ocrx_word' id='word_1_755' title='bbox 280 5111 442 5191; x_wconf 84' lang='lat' dir='ltr'><strong>disserena</strong></span> <span class='ocrx_word' id='word_1_756' title='bbox 458 5111 537 5178; x_wconf 90' lang='lat' dir='ltr'><strong>dicit</strong></span> <span class='ocrx_word' id='word_1_757' title='bbox 551 5111 731 5181; x_wconf 62' lang='lat' dir='ltr'><strong>&amp;mama</strong></span> <span class='ocrx_word' id='word_1_758' title='bbox 742 5115 811 5196; x_wconf 77' lang='lat' dir='ltr'><strong>fore</strong></span> <span class='ocrx_word' id='word_1_759' title='bbox 825 5113 959 5179; x_wconf 78' lang='lat' dir='ltr'><strong>similem</strong></span> <span class='ocrx_word' id='word_1_760' title='bbox 973 5115 1101 5200; x_wconf 82' lang='lat' dir='ltr'><strong>deserto,</strong></span> <span class='ocrx_word' id='word_1_761' title='bbox 1153 5115 1319 5197; x_wconf 91' lang='lat' dir='ltr'><strong>accipitur.</strong></span> <span class='ocrx_word' id='word_1_762' title='bbox 1364 5113 1450 5178; x_wconf 91' lang='lat' dir='ltr'><strong>Nam</strong></span> <span class='ocrx_word' id='word_1_763' title='bbox 1480 5113 1617 5181; x_wconf 81' lang='lat' dir='ltr'><strong>verbum</strong></span> <span class='ocrx_word' id='word_1_764' title='bbox 1646 5115 1755 5196; x_wconf 93' lang='lat' dir='ltr'><strong>ipsum</strong></span> <span class='ocrx_word' id='word_1_765' title='bbox 1785 5112 1951 5195; x_wconf 79' lang='lat' dir='ltr'><strong>significat</strong></span> <span class='ocrx_word' id='word_1_766' title='bbox 1981 5113 2137 5194; x_wconf 84' lang='lat' dir='ltr'><strong>perficere</strong></span> 
     </span>
    </p>
   </div>
   <div class='ocr_carea' id='block_1_4' title="bbox 124 5196 2136 5440">
    <p class='ocr_par' dir='ltr' id='par_1_7' title="bbox 124 5196 2136 5440">
     <span class='ocr_line' id='line_1_56' title="bbox 124 5196 2135 5282; baseline 0.001 -22"><span class='ocrx_word' id='word_1_767' title='bbox 124 5202 152 5260; x_wconf 85' lang='lat' dir='ltr'><strong>et</strong></span> <span class='ocrx_word' id='word_1_768' title='bbox 173 5217 277 5263; x_wconf 70' lang='lat' dir='ltr'><strong>summ</strong></span> <span class='ocrx_word' id='word_1_769' title='bbox 297 5197 479 5265; x_wconf 74' lang='lat' dir='ltr'><strong>arbetetus</strong></span> <span class='ocrx_word' id='word_1_770' title='bbox 504 5200 647 5265; x_wconf 73' lang='lat' dir='ltr'><strong>dimam</strong></span> <span class='ocrx_word' id='word_1_771' title='bbox 668 5201 722 5280; x_wconf 79' lang='lat' dir='ltr'><strong>iri,</strong></span> <span class='ocrx_word' id='word_1_772' title='bbox 752 5219 871 5282; x_wconf 91' lang='lat' dir='ltr'><strong>nempe</strong></span> <span class='ocrx_word' id='word_1_773' title='bbox 900 5221 920 5264; x_wconf 88' lang='lat' dir='ltr'><strong>a</strong></span> <span class='ocrx_word' id='word_1_774' title='bbox 945 5198 1028 5281; x_wconf 76' lang='lat' dir='ltr'><strong>facie</strong></span> <span class='ocrx_word' id='word_1_775' title='bbox 1050 5200 1102 5266; x_wconf 87' lang='lat' dir='ltr'><strong>Ie·</strong></span> <span class='ocrx_word' id='word_1_776' title='bbox 1153 5209 1187 5265; x_wconf 89' lang='lat' dir='ltr'><strong>et</strong></span> <span class='ocrx_word' id='word_1_777' title='bbox 1208 5219 1408 5278; x_wconf 88' lang='lat' dir='ltr'><strong>consumere,</strong></span> <span class='ocrx_word' id='word_1_778' title='bbox 1435 5207 1469 5264; x_wconf 90' lang='lat' dir='ltr'><strong>et</strong></span> <span class='ocrx_word' id='word_1_779' title='bbox 1497 5198 1611 5265; x_wconf 90' lang='lat' dir='ltr'><strong>eadem</strong></span> <span class='ocrx_word' id='word_1_780' title='bbox 1639 5207 1690 5264; x_wconf 91' lang='lat' dir='ltr'><strong>est</strong></span> <span class='ocrx_word' id='word_1_781' title='bbox 1717 5197 1812 5262; x_wconf 86' lang='lat' dir='ltr'><strong>ratio.</strong></span> <span class='ocrx_word' id='word_1_782' title='bbox 1858 5196 2056 5279; x_wconf 78' lang='lat' dir='ltr'><strong>Quanquam</strong></span> <span class='ocrx_word' id='word_1_783' title='bbox 2085 5197 2135 5262; x_wconf 83' lang='lat' dir='ltr'><strong>vi·</strong></span> 
     </span>
     <span class='ocr_line' id='line_1_57' title="bbox 125 5281 2136 5367; baseline 0 -19"><span class='ocrx_word' id='word_1_784' title='bbox 125 5281 230 5363; x_wconf 69' lang='lat' dir='ltr'><strong>bacae</strong></span> <span class='ocrx_word' id='word_1_785' title='bbox 264 5303 286 5349; x_wconf 90' lang='lat' dir='ltr'><strong>a</strong></span> <span class='ocrx_word' id='word_1_786' title='bbox 316 5284 399 5366; x_wconf 77' lang='lat' dir='ltr'><strong>faeie</strong></span> <span class='ocrx_word' id='word_1_787' title='bbox 429 5285 700 5352; x_wconf 77' lang='lat' dir='ltr'><strong>eeccedeseeutiee</strong></span> <span class='ocrx_word' id='word_1_788' title='bbox 728 5286 798 5351; x_wconf 76' lang='lat' dir='ltr'><strong>irae</strong></span> <span class='ocrx_word' id='word_1_789' title='bbox 827 5287 904 5351; x_wconf 79' lang='lat' dir='ltr'><strong>etas.</strong></span> <span class='ocrx_word' id='word_1_790' title='bbox 956 5286 1102 5352; x_wconf 85' lang='lat' dir='ltr'><strong>Vertunt</strong></span> <span class='ocrx_word' id='word_1_791' title='bbox 1153 5286 1273 5351; x_wconf 87' lang='lat' dir='ltr'><strong>dentur</strong></span> <span class='ocrx_word' id='word_1_792' title='bbox 1305 5284 1386 5351; x_wconf 92' lang='lat' dir='ltr'><strong>haee</strong></span> <span class='ocrx_word' id='word_1_793' title='bbox 1420 5283 1483 5350; x_wconf 92' lang='lat' dir='ltr'><strong>duo</strong></span> <span class='ocrx_word' id='word_1_794' title='bbox 1517 5285 1604 5351; x_wconf 89' lang='lat' dir='ltr'><strong>inter</strong></span> <span class='ocrx_word' id='word_1_795' title='bbox 1636 5305 1672 5349; x_wconf 91' lang='lat' dir='ltr'><strong>se</strong></span> <span class='ocrx_word' id='word_1_796' title='bbox 1705 5302 1874 5367; x_wconf 82' lang='lat' dir='ltr'><strong>pugnare,</strong></span> <span class='ocrx_word' id='word_1_797' title='bbox 1906 5295 2016 5349; x_wconf 89' lang='lat' dir='ltr'><strong>tamen</strong></span> <span class='ocrx_word' id='word_1_798' title='bbox 2049 5281 2136 5366; x_wconf 92' lang='lat' dir='ltr'><strong>quod</strong></span> 
     </span>
     <span class='ocr_line' id='line_1_58' title="bbox 1877 5383 1929 5440; baseline 0 -25"><span class='ocrx_word' id='word_1_799' title='bbox 1877 5383 1929 5440; x_wconf 69' lang='lat'><strong>38*</strong></span> 
     </span>
    </p>
   </div>
   <div class='ocr_carea' id='block_1_5' title="bbox 0 0 2399 5970">
    <p class='ocr_par' dir='ltr' id='par_1_8' title="bbox 0 0 2399 5970">
     <span class='ocr_line' id='line_1_59' title="bbox 0 0 2399 5970; baseline 0 0"><span class='ocrx_word' id='word_1_800' title='bbox 0 0 2399 5970; x_wconf 95' lang='lat' dir='ltr'><strong> </strong></span> 
     </span>
    </p>
   </div>
  </div>
 </body>
</html>
