4784 5970
199 368 257 433 197
1043 364 1192 433 CAPUT
1215 362 1345 429 xulx.
1847 399 1850 405 ·
2128 368 2190 435 198

197 556 287 633 tium,
311 554 468 639 longeque
491 562 523 618 et
552 553 619 619 late
649 555 873 638 imperaturos.
918 554 1027 620 Vama
1055 561 1164 618 autem
1217 551 1343 616 calcare
1365 549 1485 614 maiore
1509 550 1603 616 fastu.
1650 548 1714 616 Sed
1739 550 1828 616 hunc
1850 552 2006 635 populum
2029 574 2095 619 non
2118 575 2190 620 ma·

196 641 373 724 prophetae
407 661 523 706 sensus
556 649 622 715 est,
663 640 724 705 hoc
757 642 885 723 quidem
925 658 1006 723 opus
1037 660 1095 722 per
1129 659 1165 702 se
1217 638 1267 722 gis
1285 637 1326 701 ab
1349 636 1422 701 aliis
1444 655 1541 717 quam
1563 657 1582 700 a
1604 655 1640 700 se
1662 639 1731 718 ipso
1754 639 1920 703 contemni
1943 638 2029 704 dicit.
2066 641 2189 706 Extre-

197 727 323 792 illustre
346 747 382 791 ac
405 725 614 811 magnifieum
637 726 721 802 fore,
752 733 790 790 ut
819 727 924 810 erigat
952 735 985 791 et
1013 725 1165 791 restituat
1217 741 1305 787 mam
1333 722 1434 806 igitur
1461 721 1676 804 ignominiam
1706 731 1739 787 et
1771 723 2028 789 infelicissimum
2064 736 2189 792 statum

197 813 301 878 tribus
323 811 434 891 Israel,
457 831 539 894 quae
561 810 722 895 collapsae
745 811 909 878 iacebant:
932 811 989 876 ssd
1007 811 1163 876 honorem
1217 808 1383 892 designat,
1412 816 1445 872 et
1467 807 1564 871 simul
1589 807 1804 873 deiectionem
1826 809 1927 873 animi
1950 810 2189 893 complectitur,

197 899 295 961 istum
331 917 450 978 magna
483 898 666 962 accessione
699 918 734 962 se
765 898 1056 981 locupletaturum:
1089 897 1166 978 quia
1217 901 1256 957 ut
1278 895 1383 958 sciant
1404 903 1567 957 maturum
1592 894 1662 959 Deo
1685 895 1753 959 fore
1781 906 1909 976 tempus
1938 896 2009 977 opis
2036 896 2191 964 ferendae

197 990 311 1065 gentes
339 981 467 1047 ludaeis
495 982 667 1081 adiunget,
700 991 739 1046 ut
766 983 799 1048 in
836 982 975 1048 eundem
1011 982 1164 1065 populum
1218 1000 1319 1061 quum
1342 979 1473 1062 penitus
1494 978 1658 1043 humiliati
1679 979 1810 1044 fuerint.
1854 980 1988 1046 Nullam
2018 981 2113 1048 video
2135 1004 2190 1050 ra·

197 1066 394 1148 coalescant,
426 1078 458 1132 et
487 1067 613 1133 Christr
641 1069 773 1133 nomine
802 1076 1007 1135 censeantur.
1052 1067 1166 1149 Neque
1217 1065 1340 1129 tionem
1363 1085 1422 1129 cur
1443 1063 1593 1129 nonnulli
1614 1065 1649 1128 in
1672 1085 1749 1131 voce
1779 1067 1886 1149 gentis
1916 1088 2090 1132 numerum
2120 1090 2191 1133 mu·

197 1154 283 1218 enim
307 1153 368 1217 hoe
390 1154 460 1219 loco
484 1153 523 1217 de
545 1153 680 1235 repudio
703 1154 824 1220 veteris
839 1154 951 1238 populi
968 1154 1085 1302 agitur,
1109 1151 1165 1217 sed
1217 1150 1330 1229 tarint,
1352 1170 1451 1233 quum
1475 1148 1633 1232 propheta
1656 1160 1768 1215 utatur
1790 1151 1958 1234 singulari,
1981 1166 2031 1219 rtt:
2067 1163 2101 1218 et
2122 1175 2191 1220 esr-

198 1238 236 1302 de
259 1239 469 1323 propaganda
490 1239 632 1315 ecelesia,
657 1247 695 1303 ut
716 1249 830 1323 gentes
853 1261 926 1305 cum
942 1241 982 1303 Iu
1007 1239 1073 1303 aeis
1087 1258 1165 1302 con·
1218 1247 1288 1299 tum
1311 1237 1354 1300 sit
1382 1235 1590 1318 peculiariter
1620 1235 1660 1300 ad
1690 1257 1794 1320 genus
1823 1237 1977 1302 Abrahae
2004 1259 2190 1305 sermonem

197 1324 350 1389 sentiant.
385 1325 509 1389 Verum
532 1324 663 1406 quidem
685 1336 744 1400 est,
767 1325 823 1390 ubi
846 1347 866 1390 a
888 1325 1016 1391 foedere
1037 1322 1166 1389 excide·
1219 1321 1325 1402 dirigi.
1375 1321 1477 1386 Addit
1506 1322 1623 1386 servire
1654 1321 1912 1387 dominantibus:
1945 1325 2038 1405 qnasi
2067 1324 2192 1391 diceret

198 1419 275 1475 runt
291 1409 415 1483 Iudaei,
435 1421 549 1492 gentes
564 1411 656 1492 quasi
672 1411 708 1474 in
723 1431 862 1476 vacuum
879 1411 987 1476 locum
1003 1411 1166 1493 ingressas
1218 1407 1357 1490 opprimi
1381 1428 1400 1470 a
1423 1405 1539 1471 validis
1560 1408 1728 1490 tyrannis:
1761 1428 1837 1473 nam
1860 1392 1985 1486 obitu),
2015 1420 2111 1474 vocat
2133 1432 2192 1476 eos

198 1516 285 1559 csse:
319 1497 364 1558 ita
386 1495 517 1559 illorum
542 1495 679 1560 deiectio
701 1516 798 1561 causa
821 1497 900 1580 fuit,
930 1506 969 1560 ut
995 1498 1053 1578 qui
1075 1496 1166 1576 prius
1218 1492 1334 1574 quibus
1357 1497 1486 1556 tantum
1509 1502 1559 1556 est
1580 1492 1704 1558 roboris
1728 1514 1765 1559 ac
1787 1495 2012 1576 potentiaeut
2041 1514 2107 1561 non
2140 1497 2191 1562 fa·

198 1582 344 1645 extranei
366 1581 505 1660 inerant,
529 1582 753 1664 reciperentur
773 1583 809 1646 in
832 1583 933 1647 lilios:
961 1582 1017 1646 sed
1040 1581 1104 1660 bic,
1127 1582 1167 1644 si·
1218 1578 1278 1643 cile
1306 1579 1350 1643 sit
1378 1598 1490 1642 eorum
1524 1599 1641 1642 manue
1675 1579 1827 1664 effugere.
1879 1578 1951 1643 Iam
1981 1600 2083 1662 quum
2111 1581 2192 1647 dicit

199 1677 253 1732 cut
276 1667 347 1731 aliis
369 1665 448 1733 locis
471 1666 627 1749 praedicit
641 1667 743 1733 Isaias
765 1668 956 1750 ampliorem
979 1668 1045 1731 lore
1064 1667 1166 1732 eecle-
1219 1683 1312 1745 reges
1333 1665 1472 1742 visuros,
1495 1665 1667 1748 magnifice
1689 1664 1836 1747 loquitur
1857 1664 1897 1729 de
1920 1664 2113 1732 liberatione
2134 1687 2191 1752 po·

196 1752 278 1815 siam
301 1751 355 1816 ubi
379 1753 576 1818 accesserint
605 1765 732 1836 gentes,
766 1759 798 1817 et
827 1755 1016 1819 coniunctae
1046 1753 1167 1816 fuerint
1218 1749 1286 1830 puli
1309 1750 1374 1814 sui:
1408 1751 1464 1814 sed
1487 1750 1611 1814 interea
1633 1753 1737 1833 ipsum
1761 1750 1864 1816 veluti
1887 1751 1922 1814 in
1951 1752 2082 1817 fornace
2111 1774 2191 1818 exa·

197 1837 328 1902 Iudaeis
350 1837 385 1901 in
407 1837 484 1902 fidei
506 1838 676 1902 unitatem.
712 1839 784 1902 lltsi
803 1849 912 1904 autem
930 1837 1013 1903 lucis
1035 1837 1166 1902 nomine
1219 1835 1336 1899 minari
1359 1835 1454 1911 sinit,
1488 1846 1525 1898 ut
1554 1836 1624 1900 eius
1652 1838 1843 1918 patientiam
1872 1857 1909 1902 ac
1938 1837 2036 1901 fidem
2063 1839 2190 1920 probet.

198 1923 394 2006 intelligitur
416 1923 553 1989 felicitas
576 1923 628 1987 vel
651 1923 816 2007 gaudium,
839 1933 904 1989 noir
927 1922 1039 1989 dubito
1055 1933 1165 1987 tamen
1219 1919 1317 1985 Nulla
1339 1923 1426 1985 enim
1449 1919 1569 2002 alioqui
1592 1923 1794 2002 experientia
1815 1921 1892 1986 fidei
1915 1932 2010 2001 esset,
2032 1923 2059 1987 si
2078 1927 2190 1990 statim

198 2009 276 2090 quin
299 2010 428 2091 proprie
450 2009 575 2073 alludat
604 2009 762 2091 propheta
789 2009 830 2074 ad
859 2009 1021 2094 evangelii
1051 2010 1166 2075 doctri·
1218 2027 1257 2070 ea
1278 2016 1458 2089 praestaret
1475 2026 1557 2088 quae
1576 2007 1733 2088 promisit,
1756 2008 1849 2073 sicuti
1867 2009 1933 2072 iam
1952 2020 2049 2073 antea
2066 2010 2191 2075 dictum

199 2113 285 2176 nam,
308 2114 390 2176 qnae
413 2097 538 2160 animas
560 2094 718 2172 illustrat,
748 2103 782 2159 et
810 2118 851 2160 ex
882 2095 1026 2161 tenebris
1047 2096 1164 2161 educit.
1218 2101 1277 2156 est.
1332 2091 1371 2156 In
1405 2094 1538 2156 nomine
1572 2093 1754 2175 principum
1795 2094 1945 2176 repetitio
1982 2105 2033 2160 est
2066 2097 2191 2161 usitata

198 2179 296 2244 Hanc
320 2199 396 2243 vero
419 2181 524 2245 lucem
547 2199 643 2262 quam
667 2180 780 2245 afferet
798 2179 963 2263 Christus,
986 2181 1165 2246 salvificam
1217 2177 1386 2242 Hebraeis.
1422 2176 1477 2244 Sic
1494 2187 1603 2242 autem
1622 2178 1841 2260 loqueremur,
1860 2198 1954 2262 reges
1972 2189 2007 2244 et
2024 2180 2189 2263 principes

199 2265 265 2328 iore
295 2264 397 2329 docet.
442 2265 723 2346 Quemadmodum
747 2266 899 2333 Christus
928 2268 1000 2342 via,
1034 2267 1166 2343 veritas,
1220 2261 1386 2328 videbunt:
1410 2273 1607 2347 consurgent
1628 2272 1662 2329 et
1683 2263 1872 2329 adorabunt.
1902 2265 2069 2330 Adurendi
2087 2267 2190 2332 verbo

198 2366 230 2413 et
252 2351 321 2414 vita
343 2351 542 2430 nominatur,
565 2351 650 2433 quod
673 2372 731 2434 per
753 2352 902 2418 veritatis
919 2353 1094 2431 notionem,
1117 2353 1166 2416 vi·
1218 2348 1360 2431 explicat
1392 2348 1478 2430 quod
1507 2349 1649 2413 dixerat:
1684 2362 1890 2433 consurgent.
1948 2350 2190 2435 Consurgimus

198 2446 263 2499 tam
286 2456 539 2519 consequamur:
562 2438 609 2501 ita
630 2436 692 2502 hoc
714 2437 785 2502 loco
804 2436 924 2504 dicitur
941 2438 998 2502 lua
1019 2441 1165 2521 gentium
1219 2434 1306 2498 enim
1329 2433 1463 2499 honoris
1484 2456 1590 2500 cansa.
1632 2437 1770 2500 Summa
1792 2448 1851 2515 est,
1874 2456 2019 2502 summos
2043 2457 2191 2520 quosque

199 2533 232 2585 ct
254 2522 360 2600 salus,
389 2522 544 2604 qnoniam
567 2522 684 2587 animis
707 2524 827 2589 nostris
849 2523 959 2588 illucet
981 2544 1038 2605 per
1067 2543 1168 2587 evan·
1219 2518 1332 2584 mundi
1355 2521 1517 2602 principes
1539 2532 1767 2603 experrectum
1790 2523 1830 2587 iri
1853 2530 1890 2586 ut
1912 2523 2057 2587 sentiant
2078 2523 2190 2607 populi

198 2607 274 2688 gelii
298 2605 489 2689 doctrinam,
519 2618 555 2671 ut
576 2629 635 2672 nos
658 2606 698 2672 ad
721 2609 859 2672 salntem
883 2608 1046 2691 perducat.
1091 2609 1167 2672 Duo
1219 2607 1458 2670 restitutionem
1482 2606 1685 2688 praeclarum
1716 2629 1785 2673 esse
1816 2609 1879 2674 Dei
1908 2627 2005 2691 opus,
2035 2620 2067 2672 et
2094 2629 2190 2674 reve-

198 2694 300 2773 igitur
324 2693 465 2757 notanda
487 2702 574 2758 sunt.
619 2693 780 2772 Primum,
802 2696 921 2775 aperiri
945 2694 1036 2758 nobis
1059 2693 1167 2758 oeulos
1220 2693 1327 2756 rentia
1349 2690 1495 2773 dignum.

198 2778 322 2842 Christi
346 2777 508 2842 doctrina:
530 2778 655 2855 deinde,
678 2797 735 2843 nos
757 2779 812 2860 qui
836 2780 1046 2861 perieramus,
1068 2779 1167 2856 ritae,
1305 2775 1404 2860 (Quia
1423 2776 1526 2856 fidelia
1546 2776 1613 2860 est.)
1645 2777 1737 2842 Haec
1759 2788 1809 2842 est
1831 2798 1929 2843 cansa
1952 2786 2062 2844 tantae
2085 2777 2190 2843 admi·

199 2875 255 2927 aut
275 2864 380 2944 potius
402 2862 496 2928 nobis
517 2864 618 2927 vitam
640 2864 778 2928 restitui.
1220 2862 1365 2944 rationis,
1387 2870 1484 2944 atque
1506 2861 1638 2927 honoris
1659 2883 1755 2944 quem
1776 2863 1940 2948 principes
1962 2866 2033 2931 Deo
2055 2863 2190 2930 exhibe-

287 2950 315 3011 t.
339 2947 406 3032 (Sic
428 2949 503 3014 dicit
525 2948 663 3034 labora.)
696 2948 787 3013 Idem
811 2960 1040 3032 argumentum
1061 2969 1168 3032 prose-
1219 2948 1316 3012 bunt:
1350 2947 1427 3030 quia
1449 2948 1571 3013 scilicet
1591 2959 1768 3032 agnoscent
1790 2948 1885 3015 fidem
1909 2959 1942 3013 et
1972 2952 2189 3016 constantiam

199 3035 310 3115 quitur
333 3033 452 3110 Isaiae,
486 3048 524 3098 ut
550 3033 703 3117 populus,
738 3055 837 3117 quum
868 3035 961 3118 gravi
990 3035 1047 3098 illa
1076 3036 1168 3100 clade
1220 3033 1353 3097 Domini
1386 3033 1420 3097 in
1456 3034 1621 3115 promissis
1654 3036 1731 3100 suis.
1777 3036 1859 3100 Vult
1891 3044 1998 3100 autem
2028 3037 2190 3101 Dominus

198 3118 408 3202 affligeretur,
438 3140 528 3202 spem
553 3120 696 3185 melioris
718 3129 824 3185 status
845 3121 953 3184 animo
975 3122 1166 3203 conciperet.
1220 3119 1350 3202 agnosci
1374 3140 1491 3195 verax,
1522 3141 1586 3184 non
1611 3120 1699 3185 nuda
1720 3120 1860 3204 quadam
1885 3133 1917 3184 et
1946 3121 2084 3205 simplici
2108 3123 2189 3186 ima·

199 3207 307 3286 Atque
330 3214 366 3268 ut
389 3206 493 3289 magis
511 3208 689 3286 confirmet,
709 3206 819 3270 Deum
837 3207 892 3289 qui
911 3206 990 3272 haec
1008 3207 1166 3290 promisit,
1196 3204 1399 3288 -ginationet
1435 3205 1492 3270 sed
1515 3205 1587 3287 ipsa
1608 3207 1819 3288 experientia,
1843 3207 1876 3270 id
1899 3211 1958 3285 est,
1987 3211 2020 3271 in
2043 3228 2081 3272 eo
2104 3206 2190 3290 quod

200 3289 434 3372 redemptorem
469 3301 500 3355 et
533 3302 682 3356 sanctum
713 3291 846 3356 Israelis
880 3302 981 3357 vocat.
1026 3292 1167 3358 Obiiciet
1219 3290 1376 3372 populum
1408 3311 1504 3371 quem
1538 3290 1704 3374 adoptavit
1737 3302 1918 3357 conservat.
1962 3291 2079 3375 Itaque
2112 3293 2191 3358 hinc

129 3402 134 3409 ·
199 3377 331 3457 aliquis,
365 3376 445 3441 haec
477 3397 547 3441 esse
579 3378 777 3459 pugnantia:
817 3378 927 3442 Deum
959 3378 1083 3444 scilicet
1115 3400 1167 3443 re·
1220 3376 1380 3441 discamus
1403 3396 1469 3440 non
1492 3397 1562 3442 csse
1584 3378 1802 3442 aestimandas
1832 3379 2062 3459 promissiones
2083 3378 2191 3443 Deia

200 3461 399 3543 demptorem
420 3463 526 3526 vocari
545 3463 613 3527 eius
631 3463 741 3545 populi
759 3484 854 3545 quem
874 3464 1013 3546 opprimi
1032 3463 1166 3529 sinebat.
1220 3472 1332 3527 nostro
1354 3471 1458 3541 statu,
1488 3460 1543 3526 sed
1568 3483 1587 3526 a
1609 3464 1746 3528 veritate
1768 3466 1884 3545 ipsius:
1919 3473 1956 3526 ut
1977 3484 2076 3544 quum
2106 3462 2190 3528 nihil

200 3546 263 3611 Ubi
297 3548 383 3610 enim
419 3548 496 3612 haec
529 3547 726 3631 redemptio,
766 3549 822 3613 ubi
863 3549 1076 3614 sanctificatio
1108 3559 1167 3632 est,
1218 3557 1348 3629 praeter
1370 3548 1508 3611 exitium
1532 3557 1565 3610 et
1593 3558 1732 3612 mortem
1763 3549 1960 3624 imminebit,
1993 3549 2088 3613 huius
2116 3570 2189 3614 sen·

200 3654 300 3713 quum
322 3633 462 3714 populus
483 3632 621 3697 obiicere
644 3646 751 3716 posset
773 3654 808 3697 se
830 3634 984 3697 miserum
1008 3655 1045 3699 ac
1064 3636 1168 3717 perdi·
1219 3633 1341 3696 tentiae
1364 3633 1623 3711 meminerimus,
1652 3654 1717 3715 qua
1739 3633 1902 3700 Dominus
1932 3633 2191 3717 contemptibiles

201 3732 269 3781 tum
294 3718 386 3782 esse?
431 3719 635 3800 Respondeo,
659 3720 778 3783 veteris
799 3718 955 3783 historiae
978 3721 1167 3784 memoriam
1220 3729 1317 3800 atque
1349 3717 1582 3783 abominabiles
1608 3719 1791 3800 compellat.
1835 3719 1925 3786 Hinc
1952 3721 2050 3784 etiam
2080 3719 2191 3786 obser·

202 3802 254 3865 hic
283 3805 433 3885 proponi,
467 3818 504 3867 ut
531 3805 701 3869 materiam
732 3804 869 3869 fiduciae
900 3812 934 3867 et
960 3806 1037 3887 spei.
1083 3806 1166 3870 Nam
1220 3803 1362 3867 vandum
1394 3815 1458 3887 est,
1498 3824 1595 3885 quam
1624 3806 1834 3889 magnificum
1864 3816 1896 3870 et
1927 3804 2117 3870 admirabile
2145 3808 2191 3871 sit

204 3909 304 3968 quum
323 3888 461 3952 Iudaeos
479 3902 609 3971 urgeret
629 3889 820 3972 desperatio,
843 3891 981 3954 occurrit
998 3890 1166 3974 propheta,
1219 3909 1300 3972 opus
1323 3889 1402 3968 Dei,
1431 3889 1585 3954 ecelesiae
1608 3889 1772 3955 liberatio:
1805 3891 1890 3974 quod
1920 3912 2029 3974 reges,
2059 3893 2192 3958 tametsi

201 3983 234 4036 ct
256 3973 426 4047 admonet,
456 3973 564 4037 Deum
594 3997 613 4039 a
642 3995 706 4057 quo
739 3976 817 4039 olim
849 3976 1007 4056 redempti
1038 3977 1169 4040 fuerant
1220 3975 1386 4059 superbos,
1415 3986 1448 4039 et
1470 3974 1553 4039 nihil
1582 3976 1648 4039 fere
1680 3975 1817 4061 dignum
1847 3997 1905 4042 suo
1934 3988 2108 4059 conspectu
2138 3978 2190 4044 vel

201 4080 312 4122 eorum
335 4070 460 4141 patres,
490 4059 602 4125 eadem
632 4060 736 4126 adhuc
758 4063 882 4126 virtute
904 4061 1035 4144 pollere.
1080 4063 1169 4148 lllrgo
1220 4061 1395 4142 pretiosum
1426 4061 1589 4139 ducentes,
1617 4062 1770 4144 aspicere,
1800 4062 1965 4144 admirari,
1994 4073 2191 4145 stupescere,

202 4146 351 4224 quamvis
382 4145 420 4208 ad
450 4145 662 4210 exercendam
693 4149 819 4229 piorum
847 4147 942 4211 fidem
973 4148 1014 4212 ad
1042 4161 1168 4230 tempus
1219 4156 1317 4227 atque
1340 4147 1437 4209 etiam
1461 4147 1579 4211 invitos
1601 4147 1780 4212 Dominum
1803 4149 1948 4212 revereri
1970 4160 2073 4232 cogat.
2117 4149 2191 4215 Hoc

201 4230 339 4295 salutem
362 4251 454 4295 snam
478 4230 703 4305 absconderet,
737 4233 891 4297 iubentur
920 4233 1029 4298 fideles
1052 4235 1168 4298 erectis
1220 4231 1321 4314 igitur
1350 4251 1470 4295 novum
1499 4244 1596 4313 atque
1629 4233 1820 4298 inusitatum
1855 4254 1936 4317 opus
1970 4233 2064 4299 nobis
2095 4235 2191 4300 unice

202 4316 318 4379 animis
330 4325 424 4393 stare,
444 4316 518 4398 quia
536 4317 570 4380 in
589 4317 677 4381 illius
696 4338 793 4381 manu
812 4328 901 4382 certa
919 4320 961 4383 sit
979 4319 1167 4401 redemptio.
1219 4316 1471 4382 commendatur.
1516 4316 1622 4397 Quale
1644 4330 1752 4383 autem
1775 4320 1882 4401 ipsum
1906 4327 1939 4383 et
1956 4328 2117 4402 qnantum
2136 4321 2190 4402 sit,

203 4401 332 4465 Interea
353 4403 438 4483 ipsos
460 4404 627 4484 concipere
649 4404 791 4484 oportuit
814 4423 897 4484 quae
920 4404 1106 4488 longissime
1128 4404 1169 4470 ab
1220 4425 1260 4467 ex
1283 4404 1375 4468 nobis
1398 4423 1476 4484 ipsis
1499 4404 1688 4469 iudicemus.
1733 4404 1816 4468 Nam
1848 4413 1885 4469 ut
1913 4408 2103 4471 omittamus
2133 4427 2191 4472 ve·

202 4486 346 4549 humano
369 4509 467 4552 sensu
485 4498 608 4552 remota
626 4495 728 4552 erant.
761 4488 906 4571 Insignis
923 4489 1021 4566 locus,
1045 4512 1086 4554 ex
1105 4511 1168 4582 quo
1219 4496 1305 4553 teres
1332 4486 1503 4571 historias,
1537 4510 1601 4570 qua
1634 4491 1759 4554 ratione
1791 4512 1809 4555 e
1842 4491 1962 4556 misera
1992 4493 2189 4557 Antichristi

202 4569 366 4654 colligitur
399 4582 519 4655 quanta
551 4574 632 4639 fides
658 4573 808 4638 habenda
837 4575 878 4639 sit
905 4575 978 4639 Deo
1008 4576 1167 4658 loquenti:
1219 4574 1393 4659 tyrannide
1415 4574 1543 4639 liberati
1565 4575 1699 4639 sumus?
1734 4574 1907 4641 Somnium
1931 4579 2073 4659 prolecto
2096 4577 2190 4643 nobis

201 4657 330 4722 tametsi
353 4678 418 4721 non
440 4660 549 4722 statim
573 4681 611 4724 ea
633 4669 777 4742 praestet
804 4680 886 4742 quae
914 4662 1080 4742 promisit,
1111 4661 1167 4727 sed
1219 4682 1289 4725 esse
1313 4659 1484 4739 videbitur,
1508 4668 1543 4724 nt
1565 4662 1664 4724 etiam
1687 4661 1732 4724 ait
1753 4662 1880 4728 Psaltes
1902 4663 1990 4748 (126,
2014 4663 2056 4749 l),
2088 4665 2116 4728 si
2138 4672 2189 4727 at·

200 4743 360 4826 languere
382 4762 443 4806 nos
465 4753 560 4826 atque
589 4745 712 4810 diutius
741 4746 843 4830 affligi
874 4747 968 4811 sinat.
1014 4761 1082 4824 ntn,
1113 4750 1165 4813 alii
1220 4746 1341 4811 tentius
1363 4745 1459 4829 paulo
1482 4744 1739 4812 consideremus:
1763 4748 1842 4813 adeo
1865 4750 2063 4833 stupendum
2086 4759 2120 4814 et
2141 4750 2192 4814 in·

201 4838 432 4912 contemptum,
453 4829 507 4892 alii
529 4830 804 4913 contemptibilem
828 4840 977 4896 vertunt:
1010 4853 1071 4915 ego
1092 4853 1167 4898 con·
1219 4830 1372 4897 credibile
1394 4851 1475 4914 opus
1497 4852 1516 4895 a
1539 4830 1610 4895 Deo
1633 4831 1667 4895 in
1691 4832 1798 4909 nobis,
1830 4837 1884 4918 qui
1907 4836 2040 4901 Christo
2067 4856 2190 4901 nomen

202 4914 416 4997 temptibilem
439 4914 533 4979 malo.
578 4916 652 4981 Hoc
674 4927 782 4981 autem
805 4918 969 4982 miseriam
992 4918 1080 4982 illius
1110 4940 1167 5002 po·
1219 4915 1375 4996 dedimus,
1405 4919 1526 4982 editum
1550 4926 1607 4982 est.
1653 4917 1691 4982 In
1716 4920 1780 4983 tine
1803 4931 1909 4986 autem
1934 4942 2048 4986 versus
2070 4922 2191 5004 repetit

201 5000 269 5083 puli
288 5007 393 5085 auget,
414 5000 498 5080 quod
516 5001 552 5065 iu
569 5003 678 5068 oniaco
696 5002 782 5085 apud
801 5003 958 5085 seipsum
976 5006 1168 5089 contempti·
1219 5003 1305 5086 quod
1327 5011 1403 5067 ante
1426 5004 1594 5086 attigerat,
1623 5017 1830 5087 segregatum
1854 5008 1952 5072 fuisse
1973 5005 2062 5072 hunc
2084 5028 2189 5092 popu·

204 5086 298 5150 bilem
321 5107 392 5151 esse
413 5086 502 5150 dicit.
547 5087 645 5151 Multi
666 5090 753 5153 enim
776 5088 999 5171 despiciuntur
1021 5088 1061 5154 ab
1084 5092 1165 5171 aliis,
1218 5091 1287 5154 lum
1310 5090 1389 5154 Deo.
1434 5088 1500 5154 Sed
1524 5089 1556 5152 in
1579 5087 1735 5155 electione
1765 5093 1893 5156 initium
1923 5093 2189 5160 sanctificationis

201 5174 258 5253 qui
286 5181 396 5237 tamen
427 5170 468 5236 ob
496 5171 588 5237 dotes
617 5194 692 5239 suas
720 5173 842 5241 honore
871 5173 959 5257 digni
990 5184 1083 5253 sunt,
1116 5177 1167 5241 vel
1220 5184 1364 5240 notatur:
1399 5176 1476 5256 quia
1508 5173 1581 5240 ideo
1613 5175 1797 5240 haereditas
1830 5197 1922 5242 sacra
1954 5178 2017 5242 fuit
2049 5179 2189 5262 populus

202 5276 267 5319 non
291 5258 446 5323 desinunt
467 5256 618 5340 superbia
645 5267 793 5343 turgere,
820 5268 853 5324 et
881 5259 1017 5325 aliorum
1045 5261 1167 5328 fastum
1218 5261 1282 5340 ille,
1304 5260 1392 5343 quod
1407 5261 1497 5325 Deus
1519 5281 1609 5326 mero
1631 5261 1831 5344 beneplacito
1845 5283 1919 5327 eum
1935 5262 2058 5349 eligere
2072 5264 2192 5352 digne·

1934 5357 1984 5422 13*
