4784 5970
196 381 237 453 53
1051 380 1202 448 CAPUT
1223 377 1318 447 XLI.
2146 385 2190 451 54

197 591 296 655 quum
319 568 417 652 longo
439 579 511 650 post
533 570 687 652 temporis
714 568 885 634 intervallo
912 575 1049 652 sequuta
1076 567 1164 634 sint?

196 677 271 722 nam
295 655 423 721 oireitar
446 654 600 720 duoentos
627 667 739 737 postea
768 674 872 719 annos
897 663 1094 731 evenerunt,
1124 674 1166 717 ex

197 763 261 826 qno
284 740 442 825 propheta
465 741 661 806 vaticinatus
684 750 763 806 erat.
808 740 937 804 Harum
967 760 1078 804 rerum
1108 759 1166 804 au·

195 833 299 893 torem
323 847 358 891 se
380 846 450 892 esse
471 825 634 891 Dominus
656 836 812 891 testatur:
847 835 884 890 nt
905 846 1017 889 omnes
1046 825 1166 890 intelli·

196 923 276 998 gant
298 911 479 978 Chaldaeos
509 932 573 976 non
601 921 723 977 temere
752 911 946 995 prosiliisse,
976 909 1031 975 sed
1058 910 1166 976 aDo·

195 1001 286 1064 mino
299 997 397 1063 fuisse
407 999 564 1063 excitatos
573 999 664 1080 quasi
674 996 941 1082 flagellaludaeis
951 994 1166 1080 castigandis:

196 1085 315 1150 Persas
337 1104 464 1166 quoque
486 1084 519 1147 e't
535 1083 651 1149 Medos
673 1103 738 1149 non
762 1105 822 1149 sua
843 1083 967 1147 virtute
985 1083 1168 1147 Chaldaeos

197 1170 380 1254 subegisse,
421 1169 484 1234 nisi
518 1176 677 1252 quatenus
711 1169 798 1234 duoti
838 1189 938 1233 manu
974 1168 1039 1232 Dei
1071 1177 1167 1250 atque

196 1255 329 1338 impulsi
352 1263 439 1319 sunt.
478 1254 543 1342 Hie
565 1256 666 1337 igitur
688 1254 949 1338 magnitudinem
971 1253 1035 1318 Dei
1058 1265 1091 1319 et
1112 1274 1167 1335 po·

197 1343 334 1406 tentiam
368 1340 537 1422 exprimit,
570 1361 671 1424 eoque
702 1340 862 1422 apertius,
896 1339 982 1422 quod
1010 1359 1104 1423 reges
1135 1350 1167 1403 et

196 1427 360 1511 principes
383 1427 443 1490 Dei
467 1437 615 1509 respeotu
638 1426 741 1491 lutum
766 1446 836 1491 esse
858 1425 958 1490 dooet.
992 1425 1081 1490 Hino
1100 1446 1167 1489 me·

196 1515 261 1578 lius
300 1512 513 1594 perspieimus
546 1512 738 1594 prophetam
771 1533 836 1576 non
870 1511 974 1576 solum
1011 1512 1167 1593 temporis

197 1600 265 1681 sni,
300 1597 355 1663 sed
384 1600 589 1680 posterorum
619 1599 778 1662 rationem
808 1596 967 1662 habuisse.
1011 1596 1096 1660 Nam
1126 1596 1167 1661 iis

197 1685 251 1768 qui
274 1694 352 1748 tuno
374 1682 545 1758 vivebant,
580 1683 660 1749 haeo
683 1697 760 1746 nota
781 1702 851 1747 esse
881 1704 944 1747 non
973 1689 1167 1763 potuerunt:

196 1770 317 1854 posteri
341 1767 557 1850 veroqnibus
580 1769 707 1851 reipsa
738 1768 817 1834 haee
846 1768 1055 1851 comprobata
1081 1775 1166 1847 sunt,

196 1855 312 1920 melius
336 1854 584 1935 intellexerunt:
608 1864 646 1920 ut
663 1854 787 1919 nemini
805 1853 939 1918 dubium
959 1874 1029 1918 esse
1050 1862 1165 1936 posset,

198 1943 330 2006 unioum
353 1961 424 2005 esse
449 1941 566 2017 Deum,
596 1941 649 2006 oui
673 1938 759 2004 nuda
781 1948 814 2005 et
836 1951 948 2022 aperta
968 1953 1075 2004 essent
1098 1960 1167 2003 om·

197 2028 267 2106 nia,
299 2027 415 2109 quique
449 2046 501 2089 res
535 2046 647 2091 omnes
675 2025 809 2089 arbitrio
842 2047 901 2089 suo
934 2024 1166 2089 moderaretur.

197 2113 341 2195 Insignis
362 2112 452 2176 loeus
474 2132 536 2193 quo
559 2111 655 2193 plena
677 2123 708 2174 et
731 2109 833 2175 solida
850 2109 929 2175 fides
947 2110 1085 2175 oraaulis
1104 2110 1167 2174 Dei

199 2198 366 2263 asseritur.
411 2196 478 2260 Neo
501 2197 588 2260 enim
610 2196 734 2271 Iudaei,
757 2195 835 2259 dum
858 2197 978 2277 oaptivi
1001 2204 1111 2260 essent
1132 2196 1167 2258 in

197 2283 376 2365 Babylona,
399 2281 479 2347 haee
501 2282 655 2347 vatioinia
672 2283 854 2346 finxerunt:
880 2280 936 2346 sed
955 2302 1054 2364 quum
1073 2281 1168 2364 longe

198 2380 294 2433 antea
316 2389 428 2432 eorum
450 2368 545 2430 etiam
570 2366 716 2448 patribus
738 2367 852 2432 reliota
878 2377 910 2431 et
939 2367 1060 2432 tradita
1088 2368 1167 2431 fuis·

197 2466 278 2530 sent,
301 2455 421 2520 iustum
444 2452 508 2517 Dei
531 2453 688 2519 iudioium
712 2451 844 2517 tandem
869 2465 1041 2529 noverunt,
1065 2473 1166 2534 aquo

197 2541 230 2604 in
255 2552 400 2621 tempore
423 2539 539 2603 moniti
570 2540 709 2604 fuerant.
754 2538 883 2604 Deinde
913 2538 1166 2604 misericordiam

197 2626 268 2690 eius
296 2625 438 2707 amplexi
466 2638 558 2701 sunt,
589 2645 690 2705 quum
719 2624 943 2706 intelligerent
971 2645 1006 2689 se
1034 2624 1167 2688 tandem

196 2711 380 2776 liberandos
409 2729 479 2773 esse
509 2731 527 2772 a
557 2709 718 2785 Domino',
755 2710 809 2791 qui
840 2708 969 2773 volebat
999 2710 1167 2774 ecelesiam

198 2818 290 2861 suam
323 2796 464 2860 servari:
502 2805 599 2877 atque
631 2795 760 2858 fidelem
793 2795 899 2877 ipsum
933 2795 967 2857 in
1002 2795 1167 2876 promissis

198 2882 324 2964 experti
347 2893 434 2945 sunt.
478 2879 565 2945 Hine
587 2881 687 2963 igitur
709 2889 797 2945 oerto
827 2881 1025 2944 constituere
1052 2899 1166 2962 possu-

199 2989 288 3042 mus,
318 2966 438 3031 Isaiam
461 2967 591 3048 proprio
614 2978 704 3028 motu
728 2965 862 3030 minime
891 2966 1078 3048 loquutum,
1110 2966 1166 3030 ssd

199 3053 341 3136 linguam
366 3053 436 3116 eius
458 3050 522 3114 Dei
545 3051 663 3133 spiritu
684 3050 856 3133 impulsam
887 3063 984 3134 atque
1011 3050 1165 3116 direatam

198 3160 276 3203 esse.
322 3136 417 3217 Quod
441 3137 569 3201 venisse
592 3136 680 3212 dicit,
702 3136 836 3218 perinde
859 3137 945 3201 valet
967 3147 1062 3219 atque
1079 3149 1168 3202 oerto

199 3225 368 3308 impletum
402 3223 442 3286 iri
476 3222 633 3304 quidquid
667 3222 756 3287 iussu
780 3222 840 3287 Dei
873 3223 1073 3306 praediotum
1108 3235 1166 3286 est,

198 3310 359 3392 Loquitur
391 3317 499 3373 autem
532 3309 572 3372 de
606 3329 640 3372 ro
673 3308 799 3373 futura:
837 3308 923 3372 unde
955 3308 1168 3391 praescientia

198 3397 261 3460 Dei
295 3404 437 3477 apparet.
493 3390 623 3458 Deinde
655 3403 800 3458 autorem
833 3414 868 3458 se
906 3394 1024 3458 harum
1057 3414 1167 3458 rerum

198 3502 283 3545 esse:
307 3480 392 3562 quod
416 3477 455 3542 ad
480 3480 634 3544 virtutem
658 3488 689 3542 et
711 3479 889 3562 potentiam
914 3481 1062 3563 pertinet.
1104 3479 1168 3542 Vo-

198 3587 271 3631 aare
287 3564 350 3631 Dei
372 3565 504 3630 nomine
527 3563 609 3629 nihil
632 3562 720 3628 alind
743 3576 800 3640 est,
825 3584 920 3646 quam
944 3586 1012 3629 rem
1035 3564 1168 3648 aggredi

198 3653 268 3718 eius
300 3650 462 3735 auspioiis.
517 3650 641 3714 Verum
676 3649 806 3732 quidem
839 3660 905 3732 est,
945 3650 1027 3714 nihil
1060 3651 1168 3713 minus

198 3738 401 3821 propositum
434 3736 533 3802 luisse
566 3735 654 3820 Cyro
686 3756 782 3817 quam
816 3756 947 3818 operam
981 3756 1072 3801 snam
1096 3734 1169 3798 Deo

200 3823 330 3888 lsraelis
353 3823 474 3903 looare,
508 3831 660 3885 anteum
684 3822 775 3902 sequi
809 3819 941 3885 duoem:
975 3820 1031 3886 sed
1064 3842 1105 3884 ex
1134 3842 1170 3885 re

198 3908 271 3991 ipsa
293 3907 409 3989 patuit,
432 3907 540 3971 Deum
564 3907 690 3973 oooulto
712 3904 807 3971 modo
827 3906 954 3987 praeire
968 3915 1006 3971 ut
1020 3928 1094 3970 eum
1113 3928 1171 3988 per

199 3994 371 4059 continuas
392 3993 561 4069 victorias,
591 4004 624 4056 et
646 3990 776 4073 quidem
805 3991 1029 4069 incredibiles,
1059 3991 1171 4076 Baby·

200 4079 308 4144 lonem
341 4099 443 4161 usque
476 4076 675 4160 perduceret.
732 4076 829 4157 Quod
863 4076 963 4160 figulo
1003 4087 1172 4160 eomparat

200 4165 307 4229 lutum
330 4164 480 4243 oaloanti,
502 4161 575 4227 ideo
598 4161 743 4227 additum
762 4171 820 4241 est,
844 4163 997 4245 qnoniam
1013 4164 1171 4228 immensa

201 4260 272 4314 erat
295 4249 536 4315 Chaldaeorum
560 4249 714 4331 potentia,
736 4261 773 4313 ut
794 4247 1080 4332 inexpugnabilem
1103 4269 1170 4312 om·

201 4356 258 4401 nes
281 4336 380 4419 vulgo
402 4342 569 4415 putarent,
600 4343 697 4416 atque
720 4335 831 4400 invioti
862 4355 932 4399 esse
961 4332 1171 4400 videbantur.

202 4420 312 4498 Quum
346 4441 423 4504 ergo
455 4420 531 4484 freti
564 4421 632 4484 suia
665 4420 779 4500 opibus
815 4440 926 4484 omnes
968 4417 1171 4484 adversarios

202 4513 448 4570 oontemnerent
470 4504 655 4589 Babylonii,
678 4513 775 4586 atquo
797 4505 993 4587 impotenter
1015 4506 1170 4569 efferren-

201 4599 264 4670 tur,
288 4590 446 4674 propheta
469 4612 534 4655 non
556 4592 643 4673 ipsos
667 4590 773 4666 modo,
798 4589 854 4655 sed
878 4591 957 4656 alios
979 4591 1171 4656 innumeros

200 4677 306 4742 instar
332 4675 392 4741 lnti
422 4676 591 4742 oaloandos
624 4682 722 4758 atque
752 4668 949 4757 subigendos
982 4698 1051 4741 esse
1081 4677 1168 4742 dioit.

201 4763 352 4846 Denique
383 4761 541 4845 signifieat
570 4762 769 4844 opulentiam
799 4760 1038 4826 Chaldaeorum
1069 4763 1168 4845 impe·

201 4848 347 4912 dimonte
370 4868 436 4911 non
459 4846 528 4911 fore
550 4849 724 4930 quominus
746 4847 827 4912 haee
848 4849 986 4912 mutatio
1016 4851 1089 4925 fiat,
1119 4858 1168 4912 at·

201 4954 262 5014 que
289 4930 377 4997 Medi
408 4943 442 4996 et
471 4931 589 4997 Persae
624 4954 764 5018 regnum
797 4945 963 5016 oooupent.
1007 4935 1053 4997 Et
1081 4942 1169 5000 oerte

201 5018 280 5083 haee
302 5015 479 5082 similitudo
501 5017 586 5082 olare
609 5020 679 5103 ipso
702 5023 822 5084 eventu
838 5020 973 5100 probata
988 5019 1057 5094 fuit,
1081 5018 1168 5101 quod

202 5102 310 5187 (lyras
343 5111 392 5167 tot
421 5101 572 5186 gentibus
605 5105 758 5184 deviatis,
805 5109 855 5167 tot
898 5102 991 5169 bellis
1030 5103 1169 5169 felioiter

200 5189 381 5361 {igiggiqtm'
413 5188 502 5254 intra
530 5189 685 5273 exiguum
720 5200 849 5273 tempus
879 5198 982 5254 totum
1012 5192 1168 5255 orientem

1303 569 1354 635 26.
1389 569 1485 655 (Quia
1517 570 1696 656 semiusta)
1750 572 1875 637 Iterum
1908 571 2067 638 adversus
2100 572 2189 640 idola

1219 653 1361 739 insurgit
1395 656 1566 732 Dominus,
1599 669 1774 740 postquam
1807 659 1948 723 asseruit
1980 658 2188 724 divinitatem

1219 761 1321 806 suam.
1366 739 1504 820 Quaerit
1530 743 1617 805 enim
1645 763 1684 806 an
1716 742 1906 809 idololatrae
1934 742 1975 808 ad
2005 742 2187 828 probandos

1218 847 1293 891 suos
1315 827 1422 892 oultus
1445 825 1552 892 simile
1574 826 1697 909 aliquid
1721 828 1865 910 proferre
1895 830 2035 912 possint:
2069 830 2101 893 id
2130 840 2189 911 est,

1218 913 1407 995 exemplum
1429 911 1559 995 aliquod
1582 913 1740 978 eiusmodi
1756 914 1988 997 praeseientiae
2004 923 2060 979 ont
2075 925 2189 998 poten·

1219 998 1283 1062 tiae
1304 997 1473 1064 adduoere.
1519 999 1564 1063 Et
1585 999 1662 1081 qnia
1684 999 1744 1065 hoo
1766 1001 1847 1064 iuris
1868 1000 1938 1065 sine
1969 1001 2189 1066 controversia

1219 1082 1279 1149 sibi
1303 1085 1360 1146 uni
1382 1103 1510 1148 sumere
1533 1089 1667 1166 poterat,
1690 1085 1855 1150 insultans
1877 1085 1969 1152 dioit:
1995 1086 2190 1152 Fatebimur

1219 1189 1333 1234 verum
1363 1189 1434 1234 osse
1457 1169 1563 1234 Deum
1586 1191 1605 1234 a
1627 1190 1691 1252 quo
1719 1170 1798 1235 talia
1826 1172 1915 1236 fient.
1965 1170 2018 1236 Ad
2043 1171 2188 1251 verbum,

1218 1255 1350 1319 Iustum
1372 1274 1459 1319 esse:
1493 1255 1548 1319 sed
1571 1255 1649 1320 insti
1672 1257 1844 1340 appellatio
1867 1256 1930 1322 late
1952 1266 2051 1340 patet.
2096 1259 2189 1321 Aeoi·

1218 1340 1309 1423 pitur
1331 1349 1439 1405 antem
1461 1340 1626 1404 interdum
1649 1362 1709 1425 pro
1738 1362 1814 1407 vero
1843 1352 1876 1408 et
1903 1343 2047 1424 probato.
2092 1341 2189 1408 Unde

1219 1425 1315 1508 illud,
1345 1425 1527 1491 Iustifioata
1556 1438 1606 1490 est
1635 1428 1794 1510 sapientia
1816 1447 1834 1491 a
1856 1428 1932 1492 filiis
1961 1428 2044 1506 suis,
2075 1427 2188 1507 idest,

1219 1513 1354 1595 probata
1376 1511 1486 1598 (Matt.
1510 1512 1561 1592 11,
1585 1512 1648 1598 19).
1688 1513 1779 1577 Haeo
1800 1514 1903 1597 igitur
1924 1513 2092 1579 lnoulenta
2113 1525 2190 1578 sunt

1219 1598 1406 1661 testimonia
1429 1597 1559 1662 divinae
1582 1600 1760 1664 maiestatis
1784 1599 1901 1680 quibus
1930 1600 2059 1663 vanitas
2087 1597 2189 1663 idolo·

1219 1703 1292 1746 rnm
1315 1684 1516 1765 onarguitur,
1545 1684 1630 1764 quod
1653 1683 1755 1748 solius
1777 1683 1840 1749 Dei
1867 1684 2002 1748 arbitrio
2030 1693 2189 1767 reguntur

1219 1768 1339 1847 omnia,
1362 1768 1495 1850 soloque
1517 1769 1586 1832 eius
1609 1782 1691 1834 nutu
1714 1770 1957 1854 potentissimae
1980 1769 2189 1835 monarohiae

1219 1862 1421 1918 evertuntur.
1471 1854 1634 1935 Loquitur
1663 1865 1773 1919 autem
1805 1856 1968 1919 Dominus
1997 1856 2031 1919 in
2062 1854 2189 1938 plurali,

1219 1951 1256 2003 ut
1278 1938 1428 2004 ostendat
1450 1960 1484 2003 se
1508 1962 1574 2002 non
1597 1942 1773 2024 propriam,
1796 1940 1851 2005 sed
1871 1941 1970 2006 totius
1985 1939 2097 2023 populi
2112 1961 2189 2006 oan-

1218 2045 1288 2090 sam
1311 2025 1405 2089 tueri.
1450 2024 1526 2106 Ipse
1548 2025 1678 2107 quidem
1709 2047 1768 2091 sua
1798 2028 1990 2091 aeternitate
2018 2035 2190 2091 oonteutus

1219 2119 1286 2175 est:
1319 2130 1434 2176 verum
1458 2121 1497 2174 ut
1518 2111 1638 2174 infirmi
1662 2132 1782 2189 snmus,
1806 2112 1852 2175 ita
1874 2113 1966 2176 nobis
1988 2111 2116 2193 probari
2140 2113 2189 2194 ip·

1219 2217 1292 2260 sum
1316 2215 1387 2261 esse
1408 2195 1516 2260 Deum
1547 2217 1678 2262 neeesse
1705 2209 1771 2278 ast,
1805 2218 1845 2260 ne
1875 2212 2036 2279 vagentur
2066 2206 2191 2262 mentes

1220 2290 1364 2357 nostrae,
1399 2290 1497 2364 atque
1519 2281 1661 2347 ineertae
1683 2292 1811 2358 errant,
1844 2282 1900 2347 sed
1931 2283 1963 2345 in
1996 2303 2033 2346 eo
2062 2283 2192 2365 penitus

1219 2368 1459 2449 oonquiesoant.
1504 2366 1582 2431 Ideo
1605 2368 1738 2432 additur
1761 2367 1960 2433 adverbum
1990 2369 2192 2450 experimen·

1220 2453 1294 2517 talis
1317 2454 1448 2532 notitia,
1479 2473 1561 2535 qnae
1584 2454 1699 2531 fidam,
1729 2455 1756 2518 si
1781 2453 1887 2520 adhue
1914 2453 2114 2518 vaoillationi
2136 2453 2192 2518 ob·

1221 2539 1318 2602 noxia
1341 2547 1405 2614 est,
1436 2539 1553 2603 melius
1576 2540 1697 2603 fulciat.
1743 2538 1977 2605 Obmutesoera
2006 2559 2082 2603 vero
2104 2537 2193 2603 idola

1220 2624 1313 2706 dioit,
1346 2634 1379 2687 et
1401 2645 1574 2706 suspensos
1604 2625 1788 2706 relinquere
1818 2645 1893 2689 suos
1924 2624 2079 2703 cultores,
2114 2624 2191 2687 dum

1220 2711 1289 2792 ipse
1312 2710 1414 2774 faoem
1438 2709 1528 2773 verbi
1558 2709 1608 2773 sui
1637 2710 1802 2787 aooendit,
1831 2730 1914 2791 quae
1943 2709 2044 2773 eleeto
2074 2708 2192 2791 populo

1223 2795 1262 2857 ad
1288 2805 1412 2859 reatum
1438 2793 1590 2857 iudioinm
1614 2795 1805 2876 praeluoeat.

1305 2880 1356 2945 27.
1379 2877 1527 2963 (Primus
1542 2878 1655 2964 Siout.)
1689 2880 1762 2944 Hoo
1784 2900 1881 2944 versu
1903 2879 2023 2944 elarius
2037 2878 2193 2962 exprimit

1221 2966 1311 3030 Deus
1333 2966 1445 3030 futura
1467 2987 1501 3029 se
1524 2965 1710 3048 praedicere
1733 2965 1872 3041 ludaeis,
1896 2975 1934 3028 ut
1956 2984 2011 3029 eos
2034 2966 2074 3027 ad
2093 2963 2192 3029 fidem

1220 3053 1360 3115 animet:
1394 3051 1471 3132 quia
1500 3051 1561 3115 nisi
1596 3052 1694 3115 finem
1727 3071 1823 3115 suum
1857 3063 1889 3114 et
1922 3071 2017 3114 usum
2050 3049 2193 3114 habeant

1219 3137 1423 3219 prophetiae,
1455 3156 1507 3201 res
1530 3136 1659 3201 futuras
1680 3155 1876 3220 eognosoero
1904 3156 1963 3217 per
1992 3155 2115 3200 senon
2139 3136 2193 3200 ad-

1220 3222 1353 3287 modum
1387 3221 1563 3304 prodesset.
1606 3223 1679 3287 Hoo
1712 3223 1813 3305 igitur
1843 3222 1933 3287 Deus
1966 3243 2000 3285 se
2032 3223 2193 3302 respioere

1220 3315 1361 3374 testatur
1383 3309 1418 3372 in
1442 3307 1621 3383 vatioiniis,
1656 3316 1694 3372 ut
1722 3308 1877 3373 eoolesiae
1905 3307 2003 3372 fidem
2034 3308 2191 3372 aedifioet.

1221 3393 1317 3474 Quod
1340 3394 1560 3475 superioribus
1583 3393 1657 3458 addi
1680 3413 1812 3458 neeesse
1833 3395 1904 3474 fuis,
1927 3403 1962 3457 ut
1984 3392 2121 3475 populus
2142 3394 2191 3457 in-

1220 3479 1384 3563 telligeret
1403 3480 1467 3544 ista
1490 3479 1639 3562 exempla
1661 3480 1798 3561 proponi
1827 3500 1892 3543 non
1922 3478 2027 3544 solum
2058 3477 2098 3542 ad
2125 3479 2193 3544 vir·

1220 3575 1325 3629 tutem
1348 3564 1411 3628 Dei
1435 3563 1697 3648 praedicandam,
1728 3564 1784 3628 sed
1806 3570 1844 3629 ut
1865 3564 1910 3645 pii
1940 3582 2054 3627 omnes
2084 3583 2126 3627 ex
2155 3584 2193 3628 ea

1221 3652 1362 3716 frustum
1391 3651 1558 3714 sentirent.
1610 3647 1667 3713 Sia
1695 3650 1782 3713 enim
1812 3647 2085 3715 aeoommodanda
2114 3658 2194 3714 sunt

1221 3736 1372 3817 exempla
1393 3737 1502 3799 omnia
1524 3735 1655 3800 virtutis
1677 3744 1775 3816 atque
1798 3737 2031 3816 praeseientiae
2052 3733 2127 3812 Dei,
2157 3746 2194 3799 nt

1221 3842 1280 3886 nos
1302 3822 1331 3884 ei
1354 3839 1450 3885 ourae
1470 3841 1549 3898 esse,
1577 3829 1676 3903 atque
1697 3821 1732 3884 in
1755 3821 1895 3887 salutem
1917 3833 2063 3886 nostram
2084 3821 2194 3885 omnia

1223 3908 1262 3972 ab
1286 3907 1355 3990 ipso
1378 3905 1429 3989 agi
1453 3905 1684 3989 intelligamus.
1718 3904 1854 3972 Iubetur
1876 3926 1954 3990 ergo
1977 3903 2057 3971 Sion
2079 3926 2197 3989 agnos·

1221 4012 1294 4059 oere
1324 4011 1441 4056 verum
1471 3999 1503 4056 et
1530 3993 1662 4057 unionm
1691 3991 1817 4057 Deum:
1857 4011 1922 4056 non
1953 4012 1995 4056 ex
2023 4011 2061 4054 so
2090 3992 2196 4055 solum

1222 4076 1308 4161 quod
1345 4097 1468 4161 poenas
1507 4077 1666 4143 saelorum
1704 4096 1837 4142 suorum
1871 4075 1977 4141 dedit:
2018 4075 2074 4142 sed
2108 4074 2198 4159 qnod

1223 4164 1409 4229 restituitur
1428 4163 1469 4228 ab
1491 4163 1615 4242 exsilio,
1638 4170 1736 4245 atque
1757 4164 1803 4226 ita
1818 4162 1994 4244 propitium
2010 4159 2072 4226 sibi
2089 4162 2197 4226 Deum

1223 4249 1332 4315 sentit.

1308 4332 1424 4420 (Eoos.)
1457 4334 1521 4398 Hio
1543 4333 1800 4400 considerandus
1821 4341 1872 4398 est
1894 4331 1986 4398 nobis
2005 4354 2098 4400 mons
2114 4331 2196 4398 Sion

1223 4421 1315 4503 qnasi
1344 4429 1458 4484 vastus
1487 4430 1519 4484 st
1549 4419 1714 4484 desertus:
1752 4418 1955 4503 lerosolyma
1982 4440 2061 4483 vero
2095 4431 2133 4483 ut
2159 4419 2195 4483 in

1222 4506 1431 4572 solitudinem
1453 4503 1593 4571 redacta.
1637 4504 1733 4570 Unde
1755 4505 1854 4569 etiam
1876 4505 2032 4570 Ieremias
2054 4526 2125 4569 eam
2149 4505 2195 4570 sio

1222 4592 1409 4673 loquentem
1433 4591 1627 4672 introdusit,
1658 4602 1694 4653 ut
1722 4590 1875 4655 mulieres
1905 4591 2044 4656 affliotae
2071 4602 2103 4655 et
2125 4599 2194 4653 tur·

1222 4677 1317 4742 batas
1340 4677 1454 4742 solent.
1499 4675 1551 4739 lta
1573 4695 1661 4741 nuno
1681 4675 1845 4741 Dominus
1874 4697 1946 4740 eam
1980 4675 2131 4759 proponit
2159 4686 2195 4738 nt

1221 4764 1333 4827 orbam
1356 4775 1389 4827 et
1410 4761 1611 4826 destitutam.
1645 4762 1764 4828 Postea
1785 4762 1888 4827 Isaiae
1912 4764 2014 4844 ipsam
2037 4759 2078 4823 ad
2101 4760 2193 4824 laeti·

1221 4850 1298 4913 tiam
1323 4849 1486 4925 exaitabit,
1508 4857 1546 4911 ut
1568 4848 1738 4912 mulierem
1760 4849 1852 4929 prius
1867 4848 2020 4921 sterilem,
2041 4846 2093 4910 oui
2108 4865 2194 4911 nova

1220 4933 1423 5000 foeounditas
1445 4932 1484 4996 ad
1508 4935 1653 4998 sobolem
1674 4933 1874 5017 gignendam
1905 4932 2086 4996 aDomino
2117 4932 2193 4996 data

1221 5030 1279 5085 est.
1324 5020 1449 5084 Eodem
1479 5018 1574 5084 modo
1606 5018 1660 5085 hie
1692 5020 1854 5103 signifieat
1885 5039 1919 5082 se
1951 5017 2191 5082 oonsolaturum

1222 5105 1471 5188 lerosolymam,
1512 5126 1575 5187 quo
1609 5116 1752 5187 tempore
1785 5105 1880 5169 triste
1920 5115 1954 5167 et
1991 5102 2191 5168 horrendum

1221 5190 1442 5272 speetaoulum
1476 5200 1546 5254 erat
1574 5192 1608 5255 in
1638 5188 1834 5255 deformibus
1868 5189 1937 5254 eius
1968 5189 2081 5255 ruinis.
2126 5189 2192 5254 Hie

1221 5287 1330 5341 autem
1354 5284 1404 5341 est
1424 5278 1570 5357 nuntius,
1593 5276 1645 5345 vel
1668 5277 1808 5341 orituros
1829 5296 1871 5340 ex
1886 5296 1924 5341 ea
1939 5275 2067 5355 liberos,
2090 5295 2193 5358 quum

1953 5377 1987 5430 4*
