4784 5970
109 398 171 463 557
835 397 884 462 IN
906 396 1156 464 IEREMIAM.
1201 396 1300 464 usP.
1324 395 1387 462 ΙΙΙ.
1809 436 1813 441 -
2049 406 2115 474 568

112 587 307 660 aversatrix,
338 585 443 652 Israd
470 606 551 670 prae
575 584 699 668 perfida
722 584 876 664 Iebudab,
905 605 1022 667 nempe
1044 584 1085 649 ob
1138 582 1364 649 israelitarum
1398 605 1496 650 eausa
1525 584 1657 651 iubetur
1679 589 1838 670 propheta
1861 590 1963 674 loqui,
1996 594 2054 659 sed
2075 589 2113 661 ut

113 674 187 738 illas
209 675 352 738 rationes
383 694 464 755 quas
493 672 602 752 retuli,
633 671 719 754 quod
753 670 875 737 seilicet
908 672 1019 747 maior,
1052 686 1085 735 et
1138 690 1250 734 eorum
1273 671 1423 752 exemplo
1437 669 1569 737 Indaeis
1581 673 1645 737 Dei
1665 675 1920 741 misericordiam
1942 693 2111 762 proponat,

113 762 222 823 minus
244 759 441 824 excusabilis
463 759 563 824 luerit
583 757 758 823 obstinatio
780 757 814 821 in
836 755 980 820 Iudaeis.
1020 756 1085 820 Ex·
1139 755 1280 820 simodo
1303 755 1440 820 redeant
1461 758 1502 822 ad
1524 778 1636 822 sanam
1660 772 1811 825 mentem.
1845 759 1983 829 Summa
2002 778 2111 832 autem

113 846 214 910 terior
234 843 299 909 Dei
321 846 428 910 uultus
450 864 548 925 quem
570 845 792 918 retinuerant,
823 842 962 907 debebat
983 845 1087 907 instar
1138 854 1198 921 εει,
1224 842 1374 924 quamvis
1395 842 1532 908 rebelles
1554 844 1677 909 fuerint
1698 845 1877 924 israelitae,
1907 862 1940 914 et
1962 854 2068 916 aversi
2091 874 2111 918 a

113 929 219 994 fraeni
242 950 313 995 esse
334 932 376 994 ad
394 951 449 995 eos
467 928 636 1013 regendos.
670 928 801 993 Interea
822 927 972 992 videraut
989 949 1085 1009 quam
1140 927 1220 1006 Deo,
1255 933 1365 991 mmen
1388 930 1518 992 veniam
1543 929 1607 994 illis
1629 942 1774 1012 paratam
1805 934 1882 1014 fore,
1916 935 1944 999 si
1966 937 2109 1004 redeant.

112 1037 247 1081 severus
280 1016 397 1082 fuisset
429 1017 527 1080 iudex
550 1015 641 1080 Deus
664 1035 742 1099 erga
764 1012 873 1079 decem
907 1014 1021 1090 tribus,
1054 1025 1088 1078 et
1140 1010 1227 1090 Quid
1261 1027 1370 1076 autem
1404 1014 1565 1096 significet
1597 1017 1755 1098 propheta
1788 1040 1846 1101 per
1878 1038 1999 1086 nomen
2032 1045 2109 1089 con·

114 1115 223 1165 tamen
246 1111 512 1184 contempserant
532 1101 590 1165 illa
612 1099 675 1165 Dei
698 1099 830 1174 iudicia,
864 1118 970 1180 neque
992 1099 1086 1181 quid·
1140 1097 1298 1162 versionis
1321 1099 1387 1161 iam
1408 1099 1588 1183 attigimus,
1618 1108 1652 1165 et
1673 1102 1750 1167 alibi
1773 1104 1879 1169 fusius
1902 1108 2109 1173 tractandum

112 1205 212 1269 quam
233 1186 268 1249 in
290 1185 358 1251 illis
379 1188 594 1270 profecerant.
1140 1183 1211 1247 erit.
1256 1182 1371 1266 Exigit
1392 1203 1471 1267 ergo
1500 1186 1541 1250 ab
1572 1185 1637 1251 illis
1670 1188 1945 1270 resipiscentiam,
1978 1202 2012 1256 et
2033 1214 2108 1276 pro·

1139 1267 1241 1332 mittit
1263 1266 1372 1333 Deum
1400 1267 1471 1335 fore
1503 1273 1696 1356 propitium,
1730 1275 1758 1339 si
1781 1274 1822 1341 ad
1851 1277 1958 1360 ipsum
1986 1282 2109 1345 reversi

472 1376 595 1438 pssfflp
601 1376 727 1439 Arp10·
1138 1353 1271 1418 fuerint.
1311 1353 1431 1419 Postea
1453 1352 1611 1440 adiungit,
1636 1357 1709 1424 Non
1728 1359 1848 1440 faciam
1868 1363 1977 1430 eadere
1996 1365 2110 1446 fatiem

1139 1458 1241 1504 meam
1261 1457 1357 1522 super
1377 1460 1440 1523 ros,
1464 1441 1517 1506 vel
1540 1445 1648 1524 potins
1669 1445 1754 1510 nam
1774 1468 1885 1513 meam.
1929 1448 2015 1515 Nam
2037 1472 2108 1516 sen-

200 1528 267 1609 Da,
296 1529 489 1610 armipotens
509 1528 614 1608 Deus,
647 1527 772 1611 qnando
801 1545 861 1591 nos
882 1526 1028 1609 dipnatna
1053 1546 1088 1591 es
1139 1545 1195 1590 sus
1223 1525 1277 1588 hic
1307 1525 1423 1590 melius
1455 1529 1619 1594 convenit.
1663 1529 1735 1595 Iam
1764 1548 1842 1597 tunc
1871 1535 1963 1601 Deus
1994 1556 2107 1602 severs

116 1616 268 1696 adoptare
291 1616 326 1680 in
349 1614 519 1696 populum,
548 1619 577 1679 et
597 1620 625 1680 te
646 1614 735 1678 nobis
762 1613 945 1695 eoninnpere
967 1614 1001 1676 in
1020 1610 1088 1692 pilio
1139 1610 1227 1674 ultus
1249 1611 1354 1674 luerat
1376 1632 1488 1677 eorum
1512 1625 1660 1695 peecata:
1682 1618 1758 1698 quid
1782 1621 1870 1684 enim
1893 1620 1958 1684 illis
1980 1623 2107 1688 tristius

113 1707 167 1766 tuo
189 1701 356 1784 nnipenito,
378 1706 414 1765 nt
429 1719 614 1766 mammas
630 1700 711 1780 ptari
728 1703 755 1762 et
771 1698 851 1762 casti
866 1699 901 1762 in
915 1697 1087 1764 maenaa
1138 1695 1284 1761 accidere
1313 1697 1436 1778 potuit,
1469 1719 1568 1781 quam
1590 1711 1628 1765 ut
1649 1703 1755 1782 patria
1783 1705 1954 1770 sererent?
1989 1707 2106 1773 deiude

114 1786 266 1870 evanpelr'i
287 1787 349 1867 tui,
379 1807 475 1867 raeque
503 1805 644 1866 unquam
670 1785 865 1864 deflectamus
885 1784 928 1848 aa
948 1803 1003 1848 eas
1022 1801 1087 1847 cor·
1139 1795 1364 1862 premerentur
1394 1803 1491 1848 saeva
1520 1794 1534 1848 t
1558 1786 1719 1852 renuide?
1751 1810 1936 1873 quanquam
1969 1794 2109 1858 atrocior

113 1871 262 1953 reptatas,
286 1892 366 1953 quae
382 1872 566 1954 disiungant
586 1890 712 1936 sanam
730 1869 819 1934 illam
836 1869 1087 1946 cmiundionern,
1137 1886 1243 1948 poena
1270 1864 1347 1965 luit,
1379 1868 1466 1950 quod
1496 1807 1624 1936 abdanus
1656 1873 1722 1938 illis
1752 1876 1814 1940 luit
1842 1876 1950 1941 cultus
1982 1877 2106 1963 legalis,

113 1978 193 2039 quae
213 1959 293 2022 inter
314 1977 370 2021 nos
391 1958 546 2039 sangnine
566 1957 704 2021 einsdent
730 1953 793 2035 tilii
821 1956 869 2019 tui
888 1954 1011 2019 caneda
1032 1958 1086 2031 ast,
1138 1950 1224 2033 quod
1245 1953 1358 2017 reiecti
1378 1954 1512 2018 inerunt
1533 1977 1553 2020 a
1575 1956 1657 2036 Deo,
1687 1960 1772 2041 quod
1800 1959 2012 2043 perdiderunt
2039 1964 2107 2046 glo·

113 2044 168 2107 sed
196 2043 243 2108 ita
264 2061 497 2122 perseveremus
523 2043 558 2106 r'n
579 2041 722 2123 obsequio
747 2045 808 2118 tuo,
838 2045 873 2105 nt
893 2040 959 2104 nita
978 2045 1087 2104 nostra
1137 2038 1220 2101 riam
1243 2036 1344 2118 illam,
1369 2059 1433 2120 qua
1453 2042 1614 2121 putabant
1635 2064 1670 2108 se
1692 2046 1851 2112 excellere
1872 2068 1970 2131 supra
1993 2069 2107 2115 omnes

114 2130 200 2194 testis
221 2128 272 2209 sit,
302 2133 457 2192 domnas
487 2129 631 2206 actiones,
659 2127 728 2191 eins
755 2130 881 2191 eundae
908 2126 1085 2203 coemionis,
1137 2122 1282 2205 populos.
1324 2122 1494 2191 Divinitas
1515 2127 1603 2191 enim
1626 2129 1720 2194 electi
1742 2132 1871 2196 fuerant
1893 2134 1926 2196 in
1949 2135 2106 2216 populum

114 2216 148 2278 in
170 2234 233 2294 qna
254 2212 341 2277 nobis
360 2213 497 2294 reposita
520 2217 565 2277 est
584 2232 656 2294 spes
675 2211 791 2277 εαιιιιίε
813 2217 964 2290 aeternae,
993 2211 1086 2276 donec
1136 2208 1348 2290 peculiarem:
1382 2207 1443 2274 hoc
1470 2220 1576 2277 totum
1603 2212 1758 2281 abolitum
1783 2229 1864 2282 erat.
1909 2218 1983 2298 Quo
2005 2219 2107 2303 igitur

113 2300 238 2363 tandem
248 2300 473 2378 perveniamus
486 2299 529 2363 ud
544 2297 764 2363 haereditatem
782 2296 873 2362 illius
886 2297 983 2380 repnr',
1001 2296 1085 2378 qnod
1136 2314 1234 2358 sensu
1257 2305 1357 2377 negat
1378 2294 1470 2361 Deus
1492 2319 1528 2362 εε
1549 2298 1615 2363 illis
1635 2301 1704 2366 iore
1726 2302 1868 2367 iratum?
1897 2303 1970 2368 Hae
1991 2303 2106 2387 loquu-

113 2384 203 2449 nobis
230 2388 313 2448 tunm
336 2385 437 2468 pretio
464 2389 678 2464 comparatam
700 2391 759 2463 est,
789 2403 827 2448 ae
852 2383 990 2465 fructum
1018 2381 1085 2447 illic
1136 2381 1225 2445 tione
1247 2381 1440 2463 simpliciter
1457 2381 1611 2468 intelligit
1633 2387 1801 2471 propheta,
1824 2387 1932 2453 Deum
1950 2409 2017 2455 non
2035 2390 2106 2457 fore

107 2469 325 2550 percipiamus
346 2475 374 2534 et
393 2469 478 2550 fida,
507 2475 535 2532 et
556 2470 753 2546 sinceritatis,
783 2473 811 2532 et
833 2469 1085 2549 pnseonantiae
1136 2464 1390 2530 inexorabilem:
1421 2469 1513 2549 quasi
1537 2469 1673 2552 diceret,
1702 2473 1777 2537 Non
1799 2475 1930 2539 insistet
1951 2475 2000 2539 ira
2022 2499 2104 2552 mea,

111 2561 234 2620 nostrae
254 2556 289 2619 in
311 2556 414 2620 eodem
438 2554 560 2621 Christo
580 2556 717 2621 Domino
738 2559 851 2634 nostra
871 2554 982 2618 Arnen.
1136 2551 1189 2616 vel
1212 2571 1276 2616 non
1299 2553 1467 2618 incumbet
1489 2556 1597 2620 vohis:
1624 2558 1681 2622 sed
1704 2559 1857 2642 mitigabo
1881 2581 2001 2642 poenas
2023 2583 2105 2644 quas

1135 2636 1254 2700 inflixi.
1289 2636 1368 2701 ldeo
1390 2659 1455 2703 non
1479 2638 1627 2723 displicet
1649 2643 1733 2726 quod
1757 2646 1854 2709 vertit
1872 2645 2104 2731 Hieronymus,

200 2726 251 2790 12.
281 2724 376 2803 Vade,
405 2725 555 2791 edema
584 2723 658 2807 (hoc
681 2738 740 2802 est,
772 2743 846 2788 oum
869 2724 1010 2790 clamore
1032 2724 1082 2788 in·
1136 2722 1210 2786 Non
1252 2723 1407 2788 firmabo:
1452 2744 1636 2809 quanquam
1680 2730 1734 2794 ubi
1773 2730 1922 2814 adiungit
1960 2731 2104 2817 Faciem,

112 2809 204 2897 tona)
231 2830 386 2875 sermones
407 2810 472 2890 bos,
499 2831 608 2876 casus
629 2811 813 2893 aquileam,
836 2815 863 2874 et
884 2810 943 2889 dic,
968 2809 1083 2876 Reuer-
1135 2805 1410 2890 quemadmodum
1439 2811 1502 2875 iem
1531 2811 1615 2896 dixi,
1647 2834 1712 2880 non
1736 2816 1815 2881 satis
1837 2817 1991 2898 exprimit
2013 2840 2103 2884 men·

111 2903 174 2962 tere
201 2896 325 2962 rebellis
347 2895 466 2974 Israel,
493 2897 569 2962 dicit
590 2895 741 2962 Imovah:
769 2916 846 2974 non,
875 2916 937 2960 non
962 2897 1083 2979 sariam
1135 2905 1202 2958 tem
1225 2892 1412 2976 prophetae.
1447 2894 1514 2961 Sed
1536 2895 1596 2963 hoo
1618 2899 1785 2966 tolerabile
1802 2917 1862 2977 est,
1885 2923 1950 2967 non
1968 2903 2103 2968 firmabo

112 2981 284 3048 incumbere
306 2981 433 3066 (eadere
454 2983 496 3048 ad
519 2980 670 3066 verbum)
691 2983 777 3047 iram
795 3001 897 3046 nicam
918 2980 986 3066 (alii
1010 3002 1083 3046 ver·
1134 2980 1216 3044 iram
1252 2999 1358 3044 meam
1391 3001 1585 3065 supervos,
1619 2984 1679 3050 hoo
1701 2997 1767 3065 εει,
1799 2988 1849 3052 ira
1871 3009 1943 3053 mea
1966 3010 2031 3054 nou
2053 2992 2103 3054 in·

111 3079 196 3148 tunt,
219 3068 334 3133 faeiem
354 3089 470 3144 meam,
492 3069 549 3135 sed
567 3067 788 3150 metaphorice
808 3067 971 3151 significat
990 3066 1084 3153 iram)
1135 3066 1245 3149 sistet,
1275 3065 1330 3130 vel
1352 3086 1420 3130 non
1441 3067 1609 3135 incumbet
1634 3072 1795 3154 capitibus
1816 3075 1952 3152 vestris,
1986 3087 2024 3139 ut
2045 3097 2103 3142 voe

110 3156 146 3219 in
166 3173 231 3236 eos,
259 3155 337 3235 qnia
358 3154 489 3220 εἰειεειιε
510 3172 573 3237 epo,
602 3153 678 3219 dicit
700 3150 847 3232 Iebooab,
873 3172 936 3218 non
956 3153 1084 3219 servabo
1134 3152 1265 3234 penitus
1287 3152 1460 3235 opprimat.
1494 3152 1566 3218 Iam
1585 3156 1745 3223 ceciderat
1765 3159 1816 3224 ira
1833 3158 1895 3226 Dei
1917 3181 2017 3241 super
2038 3182 2103 3242 eos,

110 3241 146 3304 in
167 3240 334 3305 sumtum.
1135 3236 1191 3302 sed
1214 3249 1251 3301 ut
1273 3249 1358 3302 esset
1380 3259 1454 3322 spes
1474 3240 1583 3322 aliqua
1605 3243 1730 3309 salutis.
1764 3245 1871 3328 Negat
1893 3247 1994 3328 igitur
2012 3247 2103 3313 Deus
2129 3242 2131 3247 ’

1134 3323 1282 3387 exitiales
1317 3324 1384 3389 fore
1416 3325 1546 3408 plagas,
1587 3328 1704 3412 quibus
1738 3332 1955 3413 castigaverat
1991 3353 2102 3397 eorum

199 3406 376 3492 Postquam
402 3409 511 3475 docuit
531 3409 690 3491 propbeta
707 3408 828 3474 tribum
843 3408 993 3476 Iehudah
1011 3431 1082 3495 gra·
1133 3421 1276 3490 peccata,
1303 3410 1457 3490 quoniam
1480 3432 1615 3476 manum
1637 3434 1729 3479 suam
1752 3415 1906 3491 retrahet,
1934 3437 2038 3498 neque
2061 3419 2102 3482 ad

111 3497 195 3560 viori
225 3515 329 3577 poena
359 3497 493 3578 dignam
524 3516 594 3560 esse
625 3516 723 3578 quam
758 3494 869 3560 decem
898 3495 1015 3574 tribus,
1048 3510 1082 3562 ει
1132 3505 1318 3557 extremum
1341 3516 1443 3576 usque
1464 3497 1551 3579 ipsos
1572 3508 1793 3580 persequetur.
1833 3500 1972 3566 Summa
1993 3514 2051 3581 est,
2075 3505 2101 3567 si

110 3602 241 3646 eausam
264 3580 389 3659 adiecit,
412 3582 498 3663 qnod
523 3581 673 3646 viderant
694 3585 811 3646 iratres
833 3601 908 3645 suos
930 3593 998 3647 tam
1021 3582 1081 3646 du·
1133 3578 1270 3661 populus
1293 3579 1332 3642 ad
1357 3581 1463 3644 Deum
1486 3602 1662 3648 conversus
1696 3586 1803 3663 luerit,
1836 3587 1967 3651 veniam
1999 3589 2101 3670 impe·

112 3669 192 3731 riter
210 3668 394 3752 castigatos,
413 3688 518 3750 neque
537 3680 645 3731 tamen
664 3666 814 3732 commoti
832 3666 975 3730 inerant:
996 3688 1082 3731 nuno
1134 3677 1306 3739 traturum,
1339 3667 1490 3745 quoniam
1523 3666 1613 3731 Deus
1646 3670 1733 3734 ultro
1764 3671 1871 3754 ipsum
1900 3673 2031 3750 invitet,
2065 3694 2102 3740 ae

112 3755 274 3819 convertit
295 3773 478 3818 sermonem
502 3752 543 3817 ad
565 3755 652 3834 ipsos
674 3748 850 3826 israelitas,
886 3751 938 3816 vel
972 3752 1082 3816 desem
1133 3749 1301 3832 promittet
1325 3751 1533 3833 temporalem
1554 3752 1625 3817 fore
1647 3754 1733 3822 hanc
1755 3777 1902 3839 poenam,
1926 3778 2022 3839 quum
2046 3781 2100 3825 ex·

112 3837 226 3915 tribus,
260 3850 292 3903 ει
325 3838 486 3921 promittit
507 3840 614 3904 Deum
638 3837 702 3902 illie
725 3856 852 3919 quoque
874 3836 945 3901 fore
967 3856 1082 3901 exora·
1134 3846 1246 3918 egerat
1279 3834 1318 3899 de
1347 3856 1457 3900 eorum
1492 3839 1643 3919 peccatis.
1686 3841 1733 3906 lte
1760 3843 1878 3907 iterum
1902 3843 1994 3908 Deus
2027 3867 2101 3910 con·

112 3923 220 3988 bilem.
254 3923 326 3988 Iam
349 3944 487 4007 regnum
506 3922 608 3989 lsrael
630 3922 771 3988 deletum
794 3923 908 3998 fuerat,
932 3933 965 3988 et
983 3943 1083 4005 popu·
1133 3921 1246 3984 firmat
1269 3919 1354 3985 hano
1376 3921 1556 3987 doctrinam
1578 3943 1598 3987 a
1619 3947 1679 3990 sua
1701 3937 1830 4005 natura,
1863 3929 2018 4009 Quonim
2046 3932 2102 3997 ete

112 4010 165 4073 lus
187 4009 347 4075 abductus
380 4010 500 4092 partim
522 4011 557 4074 in
579 4009 762 4092 Assyriam,
796 4009 913 4090 partim
943 4009 979 4072 iu
1002 4009 1082 4073 Per·
1133 4026 1221 4071 mens
1241 4026 1322 4088 snm,
1345 4007 1397 4070 vel
1420 4019 1621 4090 mansuetus,
1643 4012 1759 4094 inquit,
1789 4018 1898 4079 naon
1919 4016 2046 4081 servabo
2068 4018 2102 4081 in

111 4094 214 4160 sidem
238 4106 271 4159 ει
293 4095 448 4160 Mediam.
487 4094 636 4178 Dispersi
659 4094 759 4178 igitur
781 4107 884 4172 eraut,
908 4103 941 4158 et
962 4116 1082 4159 nomen
1127 4096 1320 4175 perperene.
1349 4092 1524 4159 Promissio
1542 4108 1613 4161 erat
1631 4098 1779 4180 specialis
1797 4099 1837 4163 de
1852 4099 1960 4164 reditu
1978 4102 2100 4184 populi:

112 4184 205 4264 regni
228 4194 299 4246 erat
331 4201 465 4264 prorsus
496 4181 654 4247 deletum:
690 4195 776 4244 terra
806 4181 935 4262 saepius
957 4191 1084 4246 vastata
1133 4182 1198 4243 iam
1221 4176 1313 4243 Deus
1335 4177 1483 4264 adiungit
1508 4182 1761 4249 confirmationis
1784 4185 1853 4250 loeo
1876 4182 1960 4250 hanc
1983 4186 2100 4252 doctri·

113 4267 227 4330 iuerat.
271 4266 357 4332 Nam
381 4268 486 4351 primo
508 4267 602 4332 stetit
630 4286 704 4348 pars
727 4265 837 4348 aliqua
865 4267 976 4350 regni:
1010 4281 1082 4331 tan·
1134 4284 1211 4329 nam
1233 4263 1435 4347 generalem,
1460 4266 1544 4347 quod
1566 4267 1688 4333 scilicet
1711 4289 1891 4351 propensus
1912 4271 1956 4335 eit
1977 4271 2016 4335 ad
2039 4273 2101 4336 mi·

114 4362 183 4415 tum
206 4351 294 4416 enim
316 4368 455 4435 quatuor
479 4353 583 4419 tribus
604 4352 640 4416 in
662 4350 815 4417 exsilium
845 4361 968 4417 tractae
995 4361 1082 4433 sunt,
1133 4348 1351 4433 sericordiam,
1384 4359 1418 4414 ει
1439 4351 1524 4433 quod
1557 4353 1650 4418 facile
1683 4356 1828 4438 ignoscat
1862 4377 1920 4438 pro
1950 4377 2010 4420 sua
2037 4357 2100 4423 cle-

112 4435 169 4503 sed
192 4434 323 4501 tandem
346 4459 464 4504 nomeu
495 4441 602 4524 ipsum
633 4438 725 4522 regni
759 4438 904 4503 excisum
938 4437 1017 4518 fuit,
1050 4451 1083 4503 et
1132 4436 1263 4502 mentia.
1308 4434 1419 4514 Quum
1448 4438 1548 4520 igitur
1579 4439 1655 4503 talis
1684 4442 1727 4505 sit
1748 4442 1848 4521 Deue,
1882 4453 1914 4505 et
1936 4463 1970 4505 se
1992 4443 2099 4524 ipsum

112 4521 386 4606 quemadmodum
409 4523 493 4603 dixi,
526 4544 639 4590 omnes
661 4525 696 4587 in
717 4523 868 4588 exsilium
891 4525 986 4590 tracti
1013 4525 1082 4588 lue·
1133 4524 1295 4606 abnegare
1317 4542 1382 4586 non
1406 4525 1514 4603 possit,
1537 4536 1671 4589 nonest
1691 4547 1751 4591 eur
1770 4537 1918 4610 peccator
1940 4527 2098 4609 desperet,

112 4620 198 4674 runt.
243 4606 322 4672 Ideo
344 4609 474 4675 iubetur
495 4610 654 4694 propheta
679 4629 863 4675 sermonem
886 4630 981 4675 suum
1004 4610 1081 4674 diri·
1133 4621 1230 4692 atque
1251 4608 1297 4671 ita
1319 4609 1404 4671 viam
1428 4607 1488 4672 sibi
1511 4608 1708 4691 praecludat,
1734 4633 1776 4676 ne
1798 4612 2019 4693 resipiscentia
2041 4633 2100 4678 sua

112 4714 189 4779 gero
211 4714 324 4759 versus
347 4695 541 4776 aquilonem.
585 4697 671 4761 Nam
694 4695 844 4777 quamvis
870 4696 973 4760 maior
1006 4716 1081 4779 pars
1132 4698 1251 4761 iterum
1284 4695 1435 4775 imploret
1464 4693 1526 4758 Dei
1560 4696 1824 4763 misericordiam.
1868 4696 1957 4762 Hinc
1989 4709 2098 4763 autem

111 4780 223 4863 populi
253 4781 285 4845 in
316 4783 441 4845 oriente
469 4791 547 4848 tunc
576 4781 755 4860 habitaret,
788 4785 942 4863 quoniam
972 4794 1081 4845 tamen
1132 4779 1297 4863 colligitur
1319 4779 1407 4843 utilis
1430 4779 1590 4857 doctrina,
1619 4782 1747 4864 quoties
1770 4782 1951 4847 diffidentia
1973 4796 2099 4849 mentes

112 4868 152 4931 ab
186 4865 333 4949 Assyriis
365 4868 498 4931 fuerant
530 4868 709 4950 profligati,
740 4865 813 4930 ideo
846 4878 943 4948 eaput
975 4869 1082 4949 ipsum
1132 4880 1262 4932 nostras
1294 4865 1461 4943 sollicitat,
1494 4886 1554 4930 nee
1587 4887 1758 4949 possumus
1790 4868 2031 4934 accommodare
2063 4871 2098 4933 in
2155 4887 2160 4898 ·

112 4951 321 5017 monarchiae
348 4952 482 5034 respicit
512 4952 611 5033 Deus,
644 4974 744 5036 quum
774 4952 965 5035 prophetam
994 4953 1081 5016 iubet
1133 4972 1228 5017 usum
1262 4961 1411 5014 nostrum
1444 4952 1674 5031 promissiones
1703 4953 1781 5031 Dei,
1816 4968 1850 5016 ut
1879 4974 2007 5035 semper
2038 4955 2098 5021 hoe

113 5059 168 5102 εοε
190 5038 321 5120 alloqui,
343 5059 424 5121 quos
447 5039 558 5104 hostes
580 5039 795 5103 uaduxerant
817 5058 931 5104 versus
953 5050 1081 5120 septen·
1133 5037 1225 5102 nobis
1245 5037 1280 5099 in
1303 5035 1445 5100 medium
1467 5050 1625 5119 occurrat,
1656 5040 1766 5123 ipsum
1795 5060 1865 5105 esse
1893 5039 2097 5104 clementem.

114 5124 261 5188 trionem.
305 5121 419 5190 Clanta
439 5123 551 5206 igitur,
574 5146 690 5206 nempe
712 5145 778 5188 non
801 5132 928 5188 tantum
951 5135 1083 5206 propter
1133 5123 1245 5202 Quum
1267 5122 1367 5205 igitur
1391 5123 1481 5188 Deus
1503 5123 1549 5187 ita
1570 5125 1611 5189 sit
1634 5138 1837 5203 mansuetus,
1865 5130 1899 5189 nt
1920 5145 1981 5189 trun
2001 5132 2100 5192 seruet

113 5208 299 5273 distantiam
322 5210 477 5287 locorum,
499 5211 557 5274 sed
575 5208 742 5288 utlndaei,
761 5211 816 5293 qui
835 5209 1082 5287 obsurduerant,
1133 5229 1229 5291 nsque
1250 5209 1285 5273 in
1305 5207 1472 5289 saeculum,
1495 5208 1555 5275 hoe
1576 5220 1636 5289 est,
1660 5219 1696 5274 ut
1716 5211 1767 5276 ira
1788 5213 1857 5276 eius
1882 5230 1948 5275 non
1971 5211 2014 5274 sit
2035 5213 2098 5278 nisi

113 5293 264 5359 audirent
303 5293 390 5361 hunc
429 5296 615 5362 clamorem.
673 5296 786 5379 Neque
825 5296 912 5361 enim
952 5305 1081 5360 tantum
1134 5294 1330 5378 temporalis,
1353 5314 1480 5376 semper
1502 5297 1583 5360 bene
1605 5296 1801 5378 sperandum
1823 5307 1873 5362 eet
1894 5296 2099 5378 quemadmo-
