<?xml version="1.0" encoding="UTF-8"?>
<!DOCTYPE html PUBLIC "-//W3C//DTD XHTML 1.0 Transitional//EN"
    "http://www.w3.org/TR/xhtml1/DTD/xhtml1-transitional.dtd">
<html xmlns="http://www.w3.org/1999/xhtml" xml:lang="en" lang="en">
 <head>
  <title>
</title>
<meta http-equiv="Content-Type" content="text/html;charset=utf-8" />
  <meta name='ocr-system' content='tesseract 3.04.00' />
  <meta name='ocr-capabilities' content='ocr_page ocr_carea ocr_par ocr_line ocrx_word'/>
</head>
<body>
  <div class='ocr_page' id='page_1' title='image "./corpusreformato04melagoog_0066.png"; bbox 0 0 4784 5970; ppageno 0'>
   <div class='ocr_carea' id='block_1_1' title="bbox 132 363 191 428">
    <p class='ocr_par' dir='ltr' id='par_1_1' title="bbox 132 363 191 428">
     <span class='ocr_line' id='line_1_1' title="bbox 132 363 191 428; baseline 0 -1"><span class='ocrx_word' id='word_1_1' title='bbox 132 363 191 428; x_wconf 91' lang='lat'><strong>101</strong></span> 
     </span>
    </p>
   </div>
   <div class='ocr_carea' id='block_1_2' title="bbox 125 547 1104 5321">
    <p class='ocr_par' dir='ltr' id='par_1_2' title="bbox 130 547 1100 786">
     <span class='ocr_line' id='line_1_2' title="bbox 131 547 1099 633; baseline -0.004 -18"><span class='ocrx_word' id='word_1_2' title='bbox 131 550 227 615; x_wconf 90' lang='lat' dir='ltr'><strong>detur</strong></span> <span class='ocrx_word' id='word_1_3' title='bbox 258 570 330 621; x_wconf 87' lang='lat' dir='ltr'><strong>sese</strong></span> <span class='ocrx_word' id='word_1_4' title='bbox 362 547 515 629; x_wconf 88' lang='lat' dir='ltr'><strong>iactandi,</strong></span> <span class='ocrx_word' id='word_1_5' title='bbox 546 550 661 614; x_wconf 89' lang='lat' dir='ltr'><strong>inanes</strong></span> <span class='ocrx_word' id='word_1_6' title='bbox 693 556 726 614; x_wconf 92' lang='lat' dir='ltr'><strong>et</strong></span> <span class='ocrx_word' id='word_1_7' title='bbox 757 550 850 616; x_wconf 88' lang='lat' dir='ltr'><strong>vacui</strong></span> <span class='ocrx_word' id='word_1_8' title='bbox 883 550 1099 633; x_wconf 82' lang='lat' dir='ltr'><strong>reperientur,</strong></span> 
     </span>
     <span class='ocr_line' id='line_1_3' title="bbox 130 633 1100 719; baseline -0.003 -19"><span class='ocrx_word' id='word_1_9' title='bbox 130 656 191 701; x_wconf 91' lang='lat' dir='ltr'><strong>neo</strong></span> <span class='ocrx_word' id='word_1_10' title='bbox 222 636 396 719; x_wconf 81' lang='lat' dir='ltr'><strong>quidquam</strong></span> <span class='ocrx_word' id='word_1_11' title='bbox 428 633 594 700; x_wconf 89' lang='lat' dir='ltr'><strong>habebunt</strong></span> <span class='ocrx_word' id='word_1_12' title='bbox 628 656 691 718; x_wconf 90' lang='lat' dir='ltr'><strong>quo</strong></span> <span class='ocrx_word' id='word_1_13' title='bbox 725 657 818 701; x_wconf 89' lang='lat' dir='ltr'><strong>suam</strong></span> <span class='ocrx_word' id='word_1_14' title='bbox 853 654 981 701; x_wconf 90' lang='lat' dir='ltr'><strong>oausam</strong></span> <span class='ocrx_word' id='word_1_15' title='bbox 1017 635 1100 700; x_wconf 90' lang='lat' dir='ltr'><strong>tueri</strong></span> 
     </span>
     <span class='ocr_line' id='line_1_4' title="bbox 155 723 265 786; baseline 0.009 -1"><span class='ocrx_word' id='word_1_16' title='bbox 155 723 265 786; x_wconf 91' lang='lat' dir='ltr'><strong>ossint.</strong></span> 
     </span>
    </p>

    <p class='ocr_par' dir='ltr' id='par_1_3' title="bbox 130 743 1101 1487">
     <span class='ocr_line' id='line_1_5' title="bbox 132 743 1099 893; baseline -0.003 -21"><span class='ocrx_word' id='word_1_17' title='bbox 132 743 152 804; x_wconf 76' lang='lat' dir='ltr'>p</span> <span class='ocrx_word' id='word_1_18' title='bbox 216 805 275 893; x_wconf 85' lang='lat' dir='ltr'><strong>(Ut</strong></span> <span class='ocrx_word' id='word_1_19' title='bbox 295 804 499 891; x_wconf 68' lang='lat' dir='ltr'><strong>iaetificeris.)</strong></span> <span class='ocrx_word' id='word_1_20' title='bbox 542 806 581 870; x_wconf 93' lang='lat' dir='ltr'><strong>Id</strong></span> <span class='ocrx_word' id='word_1_21' title='bbox 604 816 660 884; x_wconf 88' lang='lat' dir='ltr'><strong>est,</strong></span> <span class='ocrx_word' id='word_1_22' title='bbox 687 813 724 871; x_wconf 93' lang='lat' dir='ltr'><strong>ut</strong></span> <span class='ocrx_word' id='word_1_23' title='bbox 746 828 875 873; x_wconf 90' lang='lat' dir='ltr'><strong>oausam</strong></span> <span class='ocrx_word' id='word_1_24' title='bbox 908 818 996 870; x_wconf 89' lang='lat' dir='ltr'><strong>tuam</strong></span> <span class='ocrx_word' id='word_1_25' title='bbox 1018 804 1099 869; x_wconf 88' lang='lat' dir='ltr'><strong>obti-</strong></span> 
     </span>
     <span class='ocr_line' id='line_1_6' title="bbox 132 890 1100 976; baseline -0.002 -20"><span class='ocrx_word' id='word_1_26' title='bbox 132 913 218 969; x_wconf 88' lang='lat' dir='ltr'><strong>neas,</strong></span> <span class='ocrx_word' id='word_1_27' title='bbox 242 905 339 976; x_wconf 86' lang='lat' dir='ltr'><strong>atque</strong></span> <span class='ocrx_word' id='word_1_28' title='bbox 361 892 584 974; x_wconf 80' lang='lat' dir='ltr'><strong>superiorein,</strong></span> <span class='ocrx_word' id='word_1_29' title='bbox 616 894 768 974; x_wconf 89' lang='lat' dir='ltr'><strong>permitto</strong></span> <span class='ocrx_word' id='word_1_30' title='bbox 798 892 856 956; x_wconf 91' lang='lat' dir='ltr'><strong>tibi</strong></span> <span class='ocrx_word' id='word_1_31' title='bbox 879 893 986 957; x_wconf 88' lang='lat' dir='ltr'><strong>dicore</strong></span> <span class='ocrx_word' id='word_1_32' title='bbox 1008 890 1100 973; x_wconf 90' lang='lat' dir='ltr'><strong>qnid·</strong></span> 
     </span>
     <span class='ocr_line' id='line_1_7' title="bbox 130 977 1098 1060; baseline 0 -20"><span class='ocrx_word' id='word_1_33' title='bbox 130 978 208 1060; x_wconf 92' lang='lat' dir='ltr'><strong>quid</strong></span> <span class='ocrx_word' id='word_1_34' title='bbox 229 980 327 1043; x_wconf 84' lang='lat' dir='ltr'><strong>voles.</strong></span> <span class='ocrx_word' id='word_1_35' title='bbox 372 977 560 1042; x_wconf 82' lang='lat' dir='ltr'><strong>Vehemens</strong></span> <span class='ocrx_word' id='word_1_36' title='bbox 582 977 752 1042; x_wconf 90' lang='lat' dir='ltr'><strong>insultatio</strong></span> <span class='ocrx_word' id='word_1_37' title='bbox 774 989 824 1042; x_wconf 88' lang='lat' dir='ltr'><strong>est</strong></span> <span class='ocrx_word' id='word_1_38' title='bbox 845 999 909 1060; x_wconf 87' lang='lat' dir='ltr'><strong>qua</strong></span> <span class='ocrx_word' id='word_1_39' title='bbox 931 978 1098 1041; x_wconf 92' lang='lat' dir='ltr'><strong>hominum</strong></span> 
     </span>
     <span class='ocr_line' id='line_1_8' title="bbox 130 1063 1100 1145; baseline -0.002 -17"><span class='ocrx_word' id='word_1_40' title='bbox 130 1085 186 1128; x_wconf 92' lang='lat' dir='ltr'><strong>ora</strong></span> <span class='ocrx_word' id='word_1_41' title='bbox 209 1064 325 1129; x_wconf 85' lang='lat' dir='ltr'><strong>melius</strong></span> <span class='ocrx_word' id='word_1_42' title='bbox 347 1063 571 1139; x_wconf 89' lang='lat' dir='ltr'><strong>obstruuntur,</strong></span> <span class='ocrx_word' id='word_1_43' title='bbox 602 1084 697 1144; x_wconf 87' lang='lat' dir='ltr'><strong>quam</strong></span> <span class='ocrx_word' id='word_1_44' title='bbox 721 1065 748 1129; x_wconf 89' lang='lat' dir='ltr'><strong>si</strong></span> <span class='ocrx_word' id='word_1_45' title='bbox 770 1064 804 1127; x_wconf 94' lang='lat' dir='ltr'><strong>in</strong></span> <span class='ocrx_word' id='word_1_46' title='bbox 828 1083 965 1143; x_wconf 90' lang='lat' dir='ltr'><strong>persona</strong></span> <span class='ocrx_word' id='word_1_47' title='bbox 988 1075 1020 1127; x_wconf 91' lang='lat' dir='ltr'><strong>et</strong></span> <span class='ocrx_word' id='word_1_48' title='bbox 1042 1083 1100 1145; x_wconf 93' lang='lat' dir='ltr'><strong>pro</strong></span> 
     </span>
     <span class='ocr_line' id='line_1_9' title="bbox 132 1148 1100 1232; baseline -0.001 -20"><span class='ocrx_word' id='word_1_49' title='bbox 132 1149 268 1232; x_wconf 90' lang='lat' dir='ltr'><strong>imperio</strong></span> <span class='ocrx_word' id='word_1_50' title='bbox 295 1150 410 1214; x_wconf 89' lang='lat' dir='ltr'><strong>iudicis</strong></span> <span class='ocrx_word' id='word_1_51' title='bbox 440 1149 633 1213; x_wconf 89' lang='lat' dir='ltr'><strong>sententiam</strong></span> <span class='ocrx_word' id='word_1_52' title='bbox 667 1150 774 1215; x_wconf 85' lang='lat' dir='ltr'><strong>ferret.</strong></span> <span class='ocrx_word' id='word_1_53' title='bbox 830 1148 1016 1213; x_wconf 81' lang='lat' dir='ltr'><strong>Notandum</strong></span> <span class='ocrx_word' id='word_1_54' title='bbox 1052 1149 1100 1212; x_wconf 94' lang='lat' dir='ltr'><strong>in·</strong></span> 
     </span>
     <span class='ocr_line' id='line_1_10' title="bbox 131 1232 1101 1317; baseline -0.003 -20"><span class='ocrx_word' id='word_1_55' title='bbox 131 1242 221 1299; x_wconf 85' lang='lat' dir='ltr'><strong>terea</strong></span> <span class='ocrx_word' id='word_1_56' title='bbox 242 1236 419 1317; x_wconf 91' lang='lat' dir='ltr'><strong>prophetae</strong></span> <span class='ocrx_word' id='word_1_57' title='bbox 442 1233 613 1299; x_wconf 91' lang='lat' dir='ltr'><strong>consilium</strong></span> <span class='ocrx_word' id='word_1_58' title='bbox 634 1244 702 1299; x_wconf 87' lang='lat' dir='ltr'><strong>est:</strong></span> <span class='ocrx_word' id='word_1_59' title='bbox 734 1235 810 1317; x_wconf 89' lang='lat' dir='ltr'><strong>quia</strong></span> <span class='ocrx_word' id='word_1_60' title='bbox 833 1256 963 1299; x_wconf 90' lang='lat' dir='ltr'><strong>necesse</strong></span> <span class='ocrx_word' id='word_1_61' title='bbox 985 1232 1101 1298; x_wconf 87' lang='lat' dir='ltr'><strong>habuit</strong></span> 
     </span>
     <span class='ocr_line' id='line_1_11' title="bbox 132 1319 1100 1402; baseline -0.002 -18"><span class='ocrx_word' id='word_1_62' title='bbox 132 1320 262 1385; x_wconf 91' lang='lat' dir='ltr'><strong>Iudaeis</strong></span> <span class='ocrx_word' id='word_1_63' title='bbox 292 1320 463 1385; x_wconf 83' lang='lat' dir='ltr'><strong>detrahere</strong></span> <span class='ocrx_word' id='word_1_64' title='bbox 490 1319 617 1383; x_wconf 88' lang='lat' dir='ltr'><strong>larvam</strong></span> <span class='ocrx_word' id='word_1_65' title='bbox 649 1320 826 1402; x_wconf 86' lang='lat' dir='ltr'><strong>dignitatis,</strong></span> <span class='ocrx_word' id='word_1_66' title='bbox 856 1340 920 1402; x_wconf 90' lang='lat' dir='ltr'><strong>quo</strong></span> <span class='ocrx_word' id='word_1_67' title='bbox 948 1321 1100 1384; x_wconf 77' lang='lat' dir='ltr'><strong>submissi</strong></span> 
     </span>
     <span class='ocr_line' id='line_1_12' title="bbox 130 1404 778 1487; baseline 0.003 -19"><span class='ocrx_word' id='word_1_68' title='bbox 130 1425 168 1471; x_wconf 90' lang='lat' dir='ltr'><strong>ao</strong></span> <span class='ocrx_word' id='word_1_69' title='bbox 190 1408 315 1471; x_wconf 89' lang='lat' dir='ltr'><strong>subacti</strong></span> <span class='ocrx_word' id='word_1_70' title='bbox 339 1408 476 1487; x_wconf 88' lang='lat' dir='ltr'><strong>gratiam</strong></span> <span class='ocrx_word' id='word_1_71' title='bbox 499 1404 560 1469; x_wconf 91' lang='lat' dir='ltr'><strong>Dei</strong></span> <span class='ocrx_word' id='word_1_72' title='bbox 583 1407 778 1486; x_wconf 83' lang='lat' dir='ltr'><strong>exciperent.</strong></span> 
     </span>
    </p>

    <p class='ocr_par' dir='ltr' id='par_1_4' title="bbox 125 1487 1104 5321">
     <span class='ocr_line' id='line_1_13' title="bbox 217 1487 1100 1576; baseline -0.003 -20"><span class='ocrx_word' id='word_1_73' title='bbox 217 1492 268 1556; x_wconf 78' lang='lat'><strong>27.</strong></span> <span class='ocrx_word' id='word_1_74' title='bbox 296 1490 406 1576; x_wconf 84' lang='lat' dir='ltr'><strong>(Pater</strong></span> <span class='ocrx_word' id='word_1_75' title='bbox 426 1488 521 1574; x_wconf 80' lang='lat' dir='ltr'><strong>taus.)</strong></span> <span class='ocrx_word' id='word_1_76' title='bbox 564 1487 689 1555; x_wconf 88' lang='lat' dir='ltr'><strong>Omnes</strong></span> <span class='ocrx_word' id='word_1_77' title='bbox 719 1492 786 1555; x_wconf 86' lang='lat' dir='ltr'><strong>fere</strong></span> <span class='ocrx_word' id='word_1_78' title='bbox 814 1491 902 1556; x_wconf 90' lang='lat' dir='ltr'><strong>hunc</strong></span> <span class='ocrx_word' id='word_1_79' title='bbox 931 1491 1035 1556; x_wconf 89' lang='lat' dir='ltr'><strong>locum</strong></span> <span class='ocrx_word' id='word_1_80' title='bbox 1061 1488 1100 1553; x_wconf 93' lang='lat' dir='ltr'><strong>de</strong></span> 
     </span>
     <span class='ocr_line' id='line_1_14' title="bbox 131 1574 1101 1659; baseline -0.002 -20"><span class='ocrx_word' id='word_1_81' title='bbox 131 1577 235 1659; x_wconf 90' lang='lat' dir='ltr'><strong>primo</strong></span> <span class='ocrx_word' id='word_1_82' title='bbox 269 1591 402 1658; x_wconf 89' lang='lat' dir='ltr'><strong>parente</strong></span> <span class='ocrx_word' id='word_1_83' title='bbox 432 1577 559 1640; x_wconf 85' lang='lat' dir='ltr'><strong>Adamo</strong></span> <span class='ocrx_word' id='word_1_84' title='bbox 588 1576 785 1659; x_wconf 84' lang='lat' dir='ltr'><strong>intelligunt</strong></span> <span class='ocrx_word' id='word_1_85' title='bbox 835 1577 901 1640; x_wconf 86' lang='lat' dir='ltr'><strong>Alii</strong></span> <span class='ocrx_word' id='word_1_86' title='bbox 930 1577 969 1639; x_wconf 90' lang='lat' dir='ltr'><strong>de</strong></span> <span class='ocrx_word' id='word_1_87' title='bbox 997 1574 1101 1640; x_wconf 82' lang='lat' dir='ltr'><strong>Abra·</strong></span> 
     </span>
     <span class='ocr_line' id='line_1_15' title="bbox 132 1661 1101 1744; baseline -0.002 -18"><span class='ocrx_word' id='word_1_88' title='bbox 132 1664 228 1726; x_wconf 90' lang='lat' dir='ltr'><strong>hamo</strong></span> <span class='ocrx_word' id='word_1_89' title='bbox 251 1662 459 1744; x_wconf 90' lang='lat' dir='ltr'><strong>interpretari</strong></span> <span class='ocrx_word' id='word_1_90' title='bbox 482 1662 624 1726; x_wconf 86' lang='lat' dir='ltr'><strong>malunt:</strong></span> <span class='ocrx_word' id='word_1_91' title='bbox 655 1682 691 1726; x_wconf 91' lang='lat' dir='ltr'><strong>ae</strong></span> <span class='ocrx_word' id='word_1_92' title='bbox 714 1664 739 1725; x_wconf 90' lang='lat' dir='ltr'><strong>si</strong></span> <span class='ocrx_word' id='word_1_93' title='bbox 762 1663 899 1727; x_wconf 90' lang='lat' dir='ltr'><strong>diceret:</strong></span> <span class='ocrx_word' id='word_1_94' title='bbox 928 1661 1001 1725; x_wconf 88' lang='lat' dir='ltr'><strong>Non</strong></span> <span class='ocrx_word' id='word_1_95' title='bbox 1030 1681 1101 1743; x_wconf 90' lang='lat' dir='ltr'><strong>peo-</strong></span> 
     </span>
     <span class='ocr_line' id='line_1_16' title="bbox 130 1747 1101 1829; baseline -0.001 -19"><span class='ocrx_word' id='word_1_96' title='bbox 130 1749 227 1812; x_wconf 88' lang='lat' dir='ltr'><strong>oastis</strong></span> <span class='ocrx_word' id='word_1_97' title='bbox 249 1748 319 1828; x_wconf 91' lang='lat' dir='ltr'><strong>soli,</strong></span> <span class='ocrx_word' id='word_1_98' title='bbox 349 1747 404 1811; x_wconf 90' lang='lat' dir='ltr'><strong>sed</strong></span> <span class='ocrx_word' id='word_1_99' title='bbox 432 1756 525 1829; x_wconf 90' lang='lat' dir='ltr'><strong>pater</strong></span> <span class='ocrx_word' id='word_1_100' title='bbox 549 1759 657 1813; x_wconf 88' lang='lat' dir='ltr'><strong>vester</strong></span> <span class='ocrx_word' id='word_1_101' title='bbox 680 1747 856 1823; x_wconf 86' lang='lat' dir='ltr'><strong>Abraham,</strong></span> <span class='ocrx_word' id='word_1_102' title='bbox 888 1747 1018 1810; x_wconf 89' lang='lat' dir='ltr'><strong>temetsi</strong></span> <span class='ocrx_word' id='word_1_103' title='bbox 1048 1768 1101 1810; x_wconf 90' lang='lat' dir='ltr'><strong>ex-</strong></span> 
     </span>
     <span class='ocr_line' id='line_1_17' title="bbox 128 1833 1100 1914; baseline -0.001 -18"><span class='ocrx_word' id='word_1_104' title='bbox 128 1833 225 1897; x_wconf 89' lang='lat' dir='ltr'><strong>imiae</strong></span> <span class='ocrx_word' id='word_1_105' title='bbox 247 1833 430 1897; x_wconf 89' lang='lat' dir='ltr'><strong>sanctitatis</strong></span> <span class='ocrx_word' id='word_1_106' title='bbox 452 1845 545 1911; x_wconf 89' lang='lat' dir='ltr'><strong>esset,</strong></span> <span class='ocrx_word' id='word_1_107' title='bbox 576 1834 643 1914; x_wconf 87' lang='lat' dir='ltr'><strong>ipse</strong></span> <span class='ocrx_word' id='word_1_108' title='bbox 667 1835 820 1914; x_wconf 87' lang='lat' dir='ltr'><strong>peccavit.</strong></span> <span class='ocrx_word' id='word_1_109' title='bbox 865 1834 930 1898; x_wconf 92' lang='lat' dir='ltr'><strong>Per</strong></span> <span class='ocrx_word' id='word_1_110' title='bbox 958 1834 1100 1908; x_wconf 65' lang='lat' dir='ltr'><strong>amores,</strong></span> 
     </span>
     <span class='ocr_line' id='line_1_18' title="bbox 130 1918 1101 2001; baseline 0 -19"><span class='ocrx_word' id='word_1_111' title='bbox 130 1920 257 1982; x_wconf 89' lang='lat' dir='ltr'><strong>Mosem</strong></span> <span class='ocrx_word' id='word_1_112' title='bbox 280 1931 312 1981; x_wconf 91' lang='lat' dir='ltr'><strong>et</strong></span> <span class='ocrx_word' id='word_1_113' title='bbox 334 1922 499 1983; x_wconf 86' lang='lat' dir='ltr'><strong>Aaronem</strong></span> <span class='ocrx_word' id='word_1_114' title='bbox 522 1918 720 2001; x_wconf 90' lang='lat' dir='ltr'><strong>intelligunt,</strong></span> <span class='ocrx_word' id='word_1_115' title='bbox 751 1922 805 2000; x_wconf 88' lang='lat' dir='ltr'><strong>qui</strong></span> <span class='ocrx_word' id='word_1_116' title='bbox 836 1939 934 2000; x_wconf 88' lang='lat' dir='ltr'><strong>quum</strong></span> <span class='ocrx_word' id='word_1_117' title='bbox 964 1919 1101 1982; x_wconf 86' lang='lat' dir='ltr'><strong>mirifica</strong></span> 
     </span>
     <span class='ocr_line' id='line_1_19' title="bbox 130 2004 1101 2087; baseline -0.002 -19"><span class='ocrx_word' id='word_1_118' title='bbox 130 2006 300 2069; x_wconf 80' lang='lat' dir='ltr'><strong>sanctitate</strong></span> <span class='ocrx_word' id='word_1_119' title='bbox 323 2004 481 2085; x_wconf 90' lang='lat' dir='ltr'><strong>pollerent</strong></span> <span class='ocrx_word' id='word_1_120' title='bbox 505 2015 613 2067; x_wconf 90' lang='lat' dir='ltr'><strong>tamen</strong></span> <span class='ocrx_word' id='word_1_121' title='bbox 637 2018 827 2084; x_wconf 90' lang='lat' dir='ltr'><strong>peccarunt:</strong></span> <span class='ocrx_word' id='word_1_122' title='bbox 853 2014 973 2087; x_wconf 87' lang='lat' dir='ltr'><strong>quanto</strong></span> <span class='ocrx_word' id='word_1_123' title='bbox 997 2005 1101 2084; x_wconf 87' lang='lat' dir='ltr'><strong>magis</strong></span> 
     </span>
     <span class='ocr_line' id='line_1_20' title="bbox 130 2088 1098 2173; baseline -0.002 -21"><span class='ocrx_word' id='word_1_124' title='bbox 130 2110 188 2152; x_wconf 87' lang='lat' dir='ltr'><strong>vos</strong></span> <span class='ocrx_word' id='word_1_125' title='bbox 210 2091 264 2170; x_wconf 92' lang='lat' dir='ltr'><strong>qui</strong></span> <span class='ocrx_word' id='word_1_126' title='bbox 288 2089 384 2173; x_wconf 85' lang='lat' dir='ltr'><strong>longe</strong></span> <span class='ocrx_word' id='word_1_127' title='bbox 407 2091 576 2154; x_wconf 79' lang='lat' dir='ltr'><strong>inferiores</strong></span> <span class='ocrx_word' id='word_1_128' title='bbox 605 2088 705 2154; x_wconf 81' lang='lat' dir='ltr'><strong>estis?</strong></span> <span class='ocrx_word' id='word_1_129' title='bbox 736 2103 773 2154; x_wconf 92' lang='lat' dir='ltr'><strong>ut</strong></span> <span class='ocrx_word' id='word_1_130' title='bbox 802 2093 843 2154; x_wconf 93' lang='lat' dir='ltr'><strong>sit</strong></span> <span class='ocrx_word' id='word_1_131' title='bbox 870 2098 1098 2172; x_wconf 82' lang='lat' dir='ltr'><strong>argumentum</strong></span> 
     </span>
     <span class='ocr_line' id='line_1_21' title="bbox 131 2174 1098 2257; baseline -0.002 -19"><span class='ocrx_word' id='word_1_132' title='bbox 131 2196 150 2238; x_wconf 92' lang='lat' dir='ltr'><strong>a</strong></span> <span class='ocrx_word' id='word_1_133' title='bbox 174 2176 294 2239; x_wconf 90' lang='lat' dir='ltr'><strong>maiore</strong></span> <span class='ocrx_word' id='word_1_134' title='bbox 317 2175 357 2239; x_wconf 91' lang='lat' dir='ltr'><strong>ad</strong></span> <span class='ocrx_word' id='word_1_135' title='bbox 382 2176 501 2240; x_wconf 90' lang='lat' dir='ltr'><strong>minus.</strong></span> <span class='ocrx_word' id='word_1_136' title='bbox 541 2176 612 2257; x_wconf 79' lang='lat' dir='ltr'><strong>Ego</strong></span> <span class='ocrx_word' id='word_1_137' title='bbox 629 2197 706 2239; x_wconf 88' lang='lat' dir='ltr'><strong>vero</strong></span> <span class='ocrx_word' id='word_1_138' title='bbox 729 2176 824 2240; x_wconf 89' lang='lat' dir='ltr'><strong>aliter</strong></span> <span class='ocrx_word' id='word_1_139' title='bbox 846 2176 977 2256; x_wconf 90' lang='lat' dir='ltr'><strong>accipio.</strong></span> <span class='ocrx_word' id='word_1_140' title='bbox 1015 2174 1098 2237; x_wconf 89' lang='lat' dir='ltr'><strong>Nam</strong></span> 
     </span>
     <span class='ocr_line' id='line_1_22' title="bbox 126 2261 1100 2340; baseline -0.002 -16"><span class='ocrx_word' id='word_1_141' title='bbox 126 2262 232 2340; x_wconf 69' lang='lat' dir='ltr'><strong>patris</strong></span> <span class='ocrx_word' id='word_1_142' title='bbox 260 2261 391 2324; x_wconf 90' lang='lat' dir='ltr'><strong>nomine</strong></span> <span class='ocrx_word' id='word_1_143' title='bbox 421 2282 486 2324; x_wconf 92' lang='lat' dir='ltr'><strong>non</strong></span> <span class='ocrx_word' id='word_1_144' title='bbox 515 2282 615 2324; x_wconf 91' lang='lat' dir='ltr'><strong>unum</strong></span> <span class='ocrx_word' id='word_1_145' title='bbox 648 2272 775 2324; x_wconf 90' lang='lat' dir='ltr'><strong>tantum</strong></span> <span class='ocrx_word' id='word_1_146' title='bbox 806 2273 861 2324; x_wconf 90' lang='lat' dir='ltr'><strong>aut</strong></span> <span class='ocrx_word' id='word_1_147' title='bbox 891 2262 1029 2324; x_wconf 88' lang='lat' dir='ltr'><strong>alterum</strong></span> <span class='ocrx_word' id='word_1_148' title='bbox 1059 2282 1100 2322; x_wconf 93' lang='lat' dir='ltr'><strong>ex</strong></span> 
     </span>
     <span class='ocr_line' id='line_1_23' title="bbox 131 2345 1099 2429; baseline -0.001 -21"><span class='ocrx_word' id='word_1_149' title='bbox 131 2346 305 2411; x_wconf 88' lang='lat' dir='ltr'><strong>maioribus</strong></span> <span class='ocrx_word' id='word_1_150' title='bbox 324 2346 578 2427; x_wconf 90' lang='lat' dir='ltr'><strong>comprehendit,</strong></span> <span class='ocrx_word' id='word_1_151' title='bbox 597 2346 652 2411; x_wconf 90' lang='lat' dir='ltr'><strong>sed</strong></span> <span class='ocrx_word' id='word_1_152' title='bbox 672 2347 791 2429; x_wconf 85' lang='lat' dir='ltr'><strong>plures.</strong></span> <span class='ocrx_word' id='word_1_153' title='bbox 826 2348 885 2410; x_wconf 84' lang='lat' dir='ltr'><strong>Ilst</strong></span> <span class='ocrx_word' id='word_1_154' title='bbox 907 2347 992 2410; x_wconf 91' lang='lat' dir='ltr'><strong>enim</strong></span> <span class='ocrx_word' id='word_1_155' title='bbox 1011 2345 1099 2409; x_wconf 91' lang='lat' dir='ltr'><strong>enal-</strong></span> 
     </span>
     <span class='ocr_line' id='line_1_24' title="bbox 132 2432 1099 2514; baseline -0.001 -21"><span class='ocrx_word' id='word_1_156' title='bbox 132 2432 203 2513; x_wconf 84' lang='lat' dir='ltr'><strong>lage</strong></span> <span class='ocrx_word' id='word_1_157' title='bbox 227 2435 364 2508; x_wconf 87' lang='lat' dir='ltr'><strong>nameri,</strong></span> <span class='ocrx_word' id='word_1_158' title='bbox 395 2453 477 2514; x_wconf 90' lang='lat' dir='ltr'><strong>quae</strong></span> <span class='ocrx_word' id='word_1_159' title='bbox 499 2432 673 2514; x_wconf 86' lang='lat' dir='ltr'><strong>plurimum</strong></span> <span class='ocrx_word' id='word_1_160' title='bbox 698 2432 858 2496; x_wconf 89' lang='lat' dir='ltr'><strong>Hebraeis</strong></span> <span class='ocrx_word' id='word_1_161' title='bbox 889 2433 1010 2496; x_wconf 88' lang='lat' dir='ltr'><strong>usitata</strong></span> <span class='ocrx_word' id='word_1_162' title='bbox 1040 2437 1099 2494; x_wconf 87' lang='lat' dir='ltr'><strong>est.</strong></span> 
     </span>
     <span class='ocr_line' id='line_1_25' title="bbox 131 2516 1099 2600; baseline -0.001 -20"><span class='ocrx_word' id='word_1_163' title='bbox 131 2516 222 2595; x_wconf 79' lang='lat' dir='ltr'><strong>Quae</strong></span> <span class='ocrx_word' id='word_1_164' title='bbox 251 2516 432 2600; x_wconf 90' lang='lat' dir='ltr'><strong>obiurgatio</strong></span> <span class='ocrx_word' id='word_1_165' title='bbox 467 2519 546 2582; x_wconf 88' lang='lat' dir='ltr'><strong>satis</strong></span> <span class='ocrx_word' id='word_1_166' title='bbox 577 2520 765 2598; x_wconf 88' lang='lat' dir='ltr'><strong>frequenter</strong></span> <span class='ocrx_word' id='word_1_167' title='bbox 793 2519 932 2583; x_wconf 87' lang='lat' dir='ltr'><strong>occurrit</strong></span> <span class='ocrx_word' id='word_1_168' title='bbox 961 2518 994 2580; x_wconf 92' lang='lat' dir='ltr'><strong>in</strong></span> <span class='ocrx_word' id='word_1_169' title='bbox 1026 2537 1099 2598; x_wconf 90' lang='lat' dir='ltr'><strong>pro·</strong></span> 
     </span>
     <span class='ocr_line' id='line_1_26' title="bbox 130 2603 1100 2685; baseline 0 -20"><span class='ocrx_word' id='word_1_170' title='bbox 130 2603 237 2684; x_wconf 88' lang='lat' dir='ltr'><strong>phetis</strong></span> <span class='ocrx_word' id='word_1_171' title='bbox 260 2615 291 2665; x_wconf 91' lang='lat' dir='ltr'><strong>et</strong></span> <span class='ocrx_word' id='word_1_172' title='bbox 314 2604 457 2685; x_wconf 88' lang='lat' dir='ltr'><strong>psalmis.</strong></span> <span class='ocrx_word' id='word_1_173' title='bbox 503 2603 587 2666; x_wconf 91' lang='lat' dir='ltr'><strong>Nam</strong></span> <span class='ocrx_word' id='word_1_174' title='bbox 617 2623 715 2684; x_wconf 89' lang='lat' dir='ltr'><strong>quum</strong></span> <span class='ocrx_word' id='word_1_175' title='bbox 740 2603 861 2666; x_wconf 89' lang='lat' dir='ltr'><strong>scirent</strong></span> <span class='ocrx_word' id='word_1_176' title='bbox 884 2603 1042 2666; x_wconf 88' lang='lat' dir='ltr'><strong>divinitus</strong></span> <span class='ocrx_word' id='word_1_177' title='bbox 1066 2623 1100 2665; x_wconf 91' lang='lat' dir='ltr'><strong>se</strong></span> 
     </span>
     <span class='ocr_line' id='line_1_27' title="bbox 130 2688 1101 2771; baseline -0.002 -19"><span class='ocrx_word' id='word_1_178' title='bbox 130 2689 253 2752; x_wconf 88' lang='lat' dir='ltr'><strong>censeri</strong></span> <span class='ocrx_word' id='word_1_179' title='bbox 277 2710 381 2771; x_wconf 88' lang='lat' dir='ltr'><strong>genus</strong></span> <span class='ocrx_word' id='word_1_180' title='bbox 403 2698 562 2770; x_wconf 86' lang='lat' dir='ltr'><strong>sanctum,</strong></span> <span class='ocrx_word' id='word_1_181' title='bbox 586 2690 677 2769; x_wconf 87' lang='lat' dir='ltr'><strong>quasi</strong></span> <span class='ocrx_word' id='word_1_182' title='bbox 697 2688 749 2752; x_wconf 92' lang='lat' dir='ltr'><strong>hio</strong></span> <span class='ocrx_word' id='word_1_183' title='bbox 770 2689 870 2751; x_wconf 91' lang='lat' dir='ltr'><strong>honor</strong></span> <span class='ocrx_word' id='word_1_184' title='bbox 895 2694 1023 2769; x_wconf 87' lang='lat' dir='ltr'><strong>patrum</strong></span> <span class='ocrx_word' id='word_1_185' title='bbox 1047 2708 1101 2750; x_wconf 88' lang='lat' dir='ltr'><strong>ex-</strong></span> 
     </span>
     <span class='ocr_line' id='line_1_28' title="bbox 130 2772 1098 2846; baseline -0.004 -8"><span class='ocrx_word' id='word_1_186' title='bbox 130 2774 299 2838; x_wconf 89' lang='lat' dir='ltr'><strong>cellentiae</strong></span> <span class='ocrx_word' id='word_1_187' title='bbox 329 2773 381 2836; x_wconf 86' lang='lat' dir='ltr'><strong>vel</strong></span> <span class='ocrx_word' id='word_1_188' title='bbox 415 2775 539 2837; x_wconf 86' lang='lat' dir='ltr'><strong>meritis</strong></span> <span class='ocrx_word' id='word_1_189' title='bbox 568 2773 694 2836; x_wconf 89' lang='lat' dir='ltr'><strong>debitos</strong></span> <span class='ocrx_word' id='word_1_190' title='bbox 724 2784 818 2846; x_wconf 87' lang='lat' dir='ltr'><strong>esset,</strong></span> <span class='ocrx_word' id='word_1_191' title='bbox 849 2785 962 2837; x_wconf 91' lang='lat' dir='ltr'><strong>contra</strong></span> <span class='ocrx_word' id='word_1_192' title='bbox 992 2772 1098 2835; x_wconf 89' lang='lat' dir='ltr'><strong>Deum</strong></span> 
     </span>
     <span class='ocr_line' id='line_1_29' title="bbox 130 2857 1099 2939; baseline -0.001 -18"><span class='ocrx_word' id='word_1_193' title='bbox 130 2860 236 2939; x_wconf 89' lang='lat' dir='ltr'><strong>ipsum</strong></span> <span class='ocrx_word' id='word_1_194' title='bbox 271 2858 477 2934; x_wconf 88' lang='lat' dir='ltr'><strong>ferociebant,</strong></span> <span class='ocrx_word' id='word_1_195' title='bbox 512 2880 549 2923; x_wconf 90' lang='lat' dir='ltr'><strong>ac</strong></span> <span class='ocrx_word' id='word_1_196' title='bbox 582 2860 633 2922; x_wconf 91' lang='lat' dir='ltr'><strong>ius</strong></span> <span class='ocrx_word' id='word_1_197' title='bbox 666 2857 919 2922; x_wconf 89' lang='lat' dir='ltr'><strong>haereditarium</strong></span> <span class='ocrx_word' id='word_1_198' title='bbox 953 2858 1017 2921; x_wconf 91' lang='lat' dir='ltr'><strong>illis</strong></span> <span class='ocrx_word' id='word_1_199' title='bbox 1051 2859 1099 2920; x_wconf 93' lang='lat' dir='ltr'><strong>in-</strong></span> 
     </span>
     <span class='ocr_line' id='line_1_30' title="bbox 130 2943 1099 3026; baseline -0.002 -19"><span class='ocrx_word' id='word_1_200' title='bbox 130 2945 229 3008; x_wconf 85' lang='lat' dir='ltr'><strong>flabat</strong></span> <span class='ocrx_word' id='word_1_201' title='bbox 251 2946 386 3009; x_wconf 89' lang='lat' dir='ltr'><strong>animos.</strong></span> <span class='ocrx_word' id='word_1_202' title='bbox 431 2944 502 3009; x_wconf 90' lang='lat' dir='ltr'><strong>Hac</strong></span> <span class='ocrx_word' id='word_1_203' title='bbox 525 2945 650 3007; x_wconf 90' lang='lat' dir='ltr'><strong>ratione</strong></span> <span class='ocrx_word' id='word_1_204' title='bbox 679 2945 856 3025; x_wconf 89' lang='lat' dir='ltr'><strong>prophetae</strong></span> <span class='ocrx_word' id='word_1_205' title='bbox 884 2956 1012 3026; x_wconf 89' lang='lat' dir='ltr'><strong>petrum</strong></span> <span class='ocrx_word' id='word_1_206' title='bbox 1041 2943 1099 3006; x_wconf 89' lang='lat' dir='ltr'><strong>fla·</strong></span> 
     </span>
     <span class='ocr_line' id='line_1_31' title="bbox 131 3027 1101 3112; baseline 0.001 -20"><span class='ocrx_word' id='word_1_207' title='bbox 131 3031 210 3112; x_wconf 88' lang='lat' dir='ltr'><strong>gitia</strong></span> <span class='ocrx_word' id='word_1_208' title='bbox 241 3051 297 3112; x_wconf 93' lang='lat' dir='ltr'><strong>per</strong></span> <span class='ocrx_word' id='word_1_209' title='bbox 327 3031 474 3112; x_wconf 88' lang='lat' dir='ltr'><strong>singulas</strong></span> <span class='ocrx_word' id='word_1_210' title='bbox 503 3042 623 3093; x_wconf 88' lang='lat' dir='ltr'><strong>aetates</strong></span> <span class='ocrx_word' id='word_1_211' title='bbox 653 3028 818 3111; x_wconf 87' lang='lat' dir='ltr'><strong>detegant,</strong></span> <span class='ocrx_word' id='word_1_212' title='bbox 849 3041 882 3092; x_wconf 92' lang='lat' dir='ltr'><strong>et</strong></span> <span class='ocrx_word' id='word_1_213' title='bbox 912 3027 1101 3110; x_wconf 81' lang='lat' dir='ltr'><strong>Stephanus</strong></span> 
     </span>
     <span class='ocr_line' id='line_1_32' title="bbox 130 3115 1100 3197; baseline -0.001 -18"><span class='ocrx_word' id='word_1_214' title='bbox 130 3137 183 3180; x_wconf 89' lang='lat' dir='ltr'><strong>eos</strong></span> <span class='ocrx_word' id='word_1_215' title='bbox 205 3128 370 3195; x_wconf 87' lang='lat' dir='ltr'><strong>sequutus,</strong></span> <span class='ocrx_word' id='word_1_216' title='bbox 399 3116 476 3180; x_wconf 88' lang='lat' dir='ltr'><strong>dicit</strong></span> <span class='ocrx_word' id='word_1_217' title='bbox 497 3136 626 3197; x_wconf 87' lang='lat' dir='ltr'><strong>semper</strong></span> <span class='ocrx_word' id='word_1_218' title='bbox 648 3116 805 3179; x_wconf 88' lang='lat' dir='ltr'><strong>restitisse</strong></span> <span class='ocrx_word' id='word_1_219' title='bbox 831 3115 961 3196; x_wconf 90' lang='lat' dir='ltr'><strong>spiritui</strong></span> <span class='ocrx_word' id='word_1_220' title='bbox 989 3125 1100 3178; x_wconf 88' lang='lat' dir='ltr'><strong>sancto</strong></span> 
     </span>
     <span class='ocr_line' id='line_1_33' title="bbox 131 3200 1100 3286; baseline 0 -22"><span class='ocrx_word' id='word_1_221' title='bbox 131 3200 218 3284; x_wconf 83' lang='lat' dir='ltr'><strong>(Act.</strong></span> <span class='ocrx_word' id='word_1_222' title='bbox 248 3202 276 3275; x_wconf 82' lang='lat' dir='ltr'><strong>t,</strong></span> <span class='ocrx_word' id='word_1_223' title='bbox 300 3200 371 3286; x_wconf 74' lang='lat' dir='ltr'><strong>bll:</strong></span> <span class='ocrx_word' id='word_1_224' title='bbox 401 3200 535 3282; x_wconf 91' lang='lat' dir='ltr'><strong>perinde</strong></span> <span class='ocrx_word' id='word_1_225' title='bbox 566 3222 603 3264; x_wconf 89' lang='lat' dir='ltr'><strong>ae</strong></span> <span class='ocrx_word' id='word_1_226' title='bbox 631 3203 658 3264; x_wconf 88' lang='lat' dir='ltr'><strong>si</strong></span> <span class='ocrx_word' id='word_1_227' title='bbox 689 3200 828 3264; x_wconf 92' lang='lat' dir='ltr'><strong>diceret:</strong></span> <span class='ocrx_word' id='word_1_228' title='bbox 859 3201 931 3264; x_wconf 92' lang='lat' dir='ltr'><strong>Non</strong></span> <span class='ocrx_word' id='word_1_229' title='bbox 960 3200 1100 3280; x_wconf 91' lang='lat' dir='ltr'><strong>incipitis</strong></span> 
     </span>
     <span class='ocr_line' id='line_1_34' title="bbox 131 3285 1101 3368; baseline 0 -20"><span class='ocrx_word' id='word_1_230' title='bbox 131 3307 217 3350; x_wconf 92' lang='lat' dir='ltr'><strong>nuno</strong></span> <span class='ocrx_word' id='word_1_231' title='bbox 235 3288 378 3368; x_wconf 85' lang='lat' dir='ltr'><strong>primum</strong></span> <span class='ocrx_word' id='word_1_232' title='bbox 397 3307 468 3350; x_wconf 92' lang='lat' dir='ltr'><strong>esse</strong></span> <span class='ocrx_word' id='word_1_233' title='bbox 488 3286 641 3367; x_wconf 88' lang='lat' dir='ltr'><strong>perversi,</strong></span> <span class='ocrx_word' id='word_1_234' title='bbox 661 3286 852 3367; x_wconf 88' lang='lat' dir='ltr'><strong>iampridem</strong></span> <span class='ocrx_word' id='word_1_235' title='bbox 872 3298 980 3367; x_wconf 91' lang='lat' dir='ltr'><strong>patres</strong></span> <span class='ocrx_word' id='word_1_236' title='bbox 1000 3285 1101 3349; x_wconf 91' lang='lat' dir='ltr'><strong>vestri</strong></span> 
     </span>
     <span class='ocr_line' id='line_1_35' title="bbox 131 3371 1100 3453; baseline -0.002 -18"><span class='ocrx_word' id='word_1_237' title='bbox 131 3393 268 3453; x_wconf 89' lang='lat' dir='ltr'><strong>nequam</strong></span> <span class='ocrx_word' id='word_1_238' title='bbox 291 3385 322 3435; x_wconf 90' lang='lat' dir='ltr'><strong>et</strong></span> <span class='ocrx_word' id='word_1_239' title='bbox 345 3373 492 3436; x_wconf 80' lang='lat' dir='ltr'><strong>scelerati</strong></span> <span class='ocrx_word' id='word_1_240' title='bbox 515 3373 654 3436; x_wconf 87' lang='lat' dir='ltr'><strong>luerunt.</strong></span> <span class='ocrx_word' id='word_1_241' title='bbox 697 3375 726 3434; x_wconf 87' lang='lat' dir='ltr'>A</span> <span class='ocrx_word' id='word_1_242' title='bbox 750 3371 835 3434; x_wconf 87' lang='lat' dir='ltr'><strong>malo</strong></span> <span class='ocrx_word' id='word_1_243' title='bbox 858 3391 956 3434; x_wconf 84' lang='lat' dir='ltr'><strong>corvo</strong></span> <span class='ocrx_word' id='word_1_244' title='bbox 979 3371 1100 3434; x_wconf 90' lang='lat' dir='ltr'><strong>melum</strong></span> 
     </span>
     <span class='ocr_line' id='line_1_36' title="bbox 130 3456 1101 3539; baseline -0.001 -18"><span class='ocrx_word' id='word_1_245' title='bbox 130 3479 225 3522; x_wconf 81' lang='lat' dir='ltr'><strong>ovum</strong></span> <span class='ocrx_word' id='word_1_246' title='bbox 249 3457 377 3539; x_wconf 90' lang='lat' dir='ltr'><strong>prodiit.</strong></span> <span class='ocrx_word' id='word_1_247' title='bbox 413 3456 475 3520; x_wconf 89' lang='lat' dir='ltr'><strong>Vos</strong></span> <span class='ocrx_word' id='word_1_248' title='bbox 498 3469 605 3520; x_wconf 90' lang='lat' dir='ltr'><strong>autem</strong></span> <span class='ocrx_word' id='word_1_249' title='bbox 631 3458 725 3539; x_wconf 91' lang='lat' dir='ltr'><strong>longe</strong></span> <span class='ocrx_word' id='word_1_250' title='bbox 747 3458 872 3539; x_wconf 91' lang='lat' dir='ltr'><strong>peiores</strong></span> <span class='ocrx_word' id='word_1_251' title='bbox 896 3458 980 3531; x_wconf 85' lang='lat' dir='ltr'><strong>estis,</strong></span> <span class='ocrx_word' id='word_1_252' title='bbox 1005 3469 1101 3537; x_wconf 90' lang='lat' dir='ltr'><strong>atque</strong></span> 
     </span>
     <span class='ocr_line' id='line_1_37' title="bbox 130 3543 1101 3626; baseline 0 -21"><span class='ocrx_word' id='word_1_253' title='bbox 130 3552 238 3626; x_wconf 90' lang='lat' dir='ltr'><strong>patres</strong></span> <span class='ocrx_word' id='word_1_254' title='bbox 272 3555 397 3608; x_wconf 85' lang='lat' dir='ltr'><strong>vestros</strong></span> <span class='ocrx_word' id='word_1_255' title='bbox 429 3543 591 3624; x_wconf 88' lang='lat' dir='ltr'><strong>superatis</strong></span> <span class='ocrx_word' id='word_1_256' title='bbox 631 3543 792 3624; x_wconf 89' lang='lat' dir='ltr'><strong>nequitia:</strong></span> <span class='ocrx_word' id='word_1_257' title='bbox 836 3544 882 3605; x_wconf 89' lang='lat' dir='ltr'><strong>ita</strong></span> <span class='ocrx_word' id='word_1_258' title='bbox 915 3555 951 3605; x_wconf 91' lang='lat' dir='ltr'><strong>ut</strong></span> <span class='ocrx_word' id='word_1_259' title='bbox 984 3544 1010 3605; x_wconf 91' lang='lat' dir='ltr'><strong>si</strong></span> <span class='ocrx_word' id='word_1_260' title='bbox 1044 3563 1101 3605; x_wconf 83' lang='lat' dir='ltr'><strong>vos</strong></span> 
     </span>
     <span class='ocr_line' id='line_1_38' title="bbox 130 3626 1101 3711; baseline -0.002 -20"><span class='ocrx_word' id='word_1_261' title='bbox 130 3629 353 3693; x_wconf 89' lang='lat' dir='ltr'><strong>tantummodo</strong></span> <span class='ocrx_word' id='word_1_262' title='bbox 374 3641 578 3711; x_wconf 88' lang='lat' dir='ltr'><strong>spectassem,</strong></span> <span class='ocrx_word' id='word_1_263' title='bbox 598 3626 787 3692; x_wconf 87' lang='lat' dir='ltr'><strong>iamdudum</strong></span> <span class='ocrx_word' id='word_1_264' title='bbox 811 3627 929 3708; x_wconf 92' lang='lat' dir='ltr'><strong>perditi</strong></span> <span class='ocrx_word' id='word_1_265' title='bbox 949 3638 1044 3708; x_wconf 90' lang='lat' dir='ltr'><strong>atque</strong></span> <span class='ocrx_word' id='word_1_266' title='bbox 1067 3628 1101 3689; x_wconf 92' lang='lat' dir='ltr'><strong>in</strong></span> 
     </span>
     <span class='ocr_line' id='line_1_39' title="bbox 131 3713 1100 3779; baseline -0.004 -1"><span class='ocrx_word' id='word_1_267' title='bbox 131 3715 321 3779; x_wconf 86' lang='lat' dir='ltr'><strong>universum</strong></span> <span class='ocrx_word' id='word_1_268' title='bbox 356 3714 452 3778; x_wconf 90' lang='lat' dir='ltr'><strong>deleti</strong></span> <span class='ocrx_word' id='word_1_269' title='bbox 486 3715 609 3779; x_wconf 89' lang='lat' dir='ltr'><strong>essetis.</strong></span> <span class='ocrx_word' id='word_1_270' title='bbox 663 3713 821 3777; x_wconf 86' lang='lat' dir='ltr'><strong>Doctores</strong></span> <span class='ocrx_word' id='word_1_271' title='bbox 862 3724 969 3777; x_wconf 92' lang='lat' dir='ltr'><strong>autem</strong></span> <span class='ocrx_word' id='word_1_272' title='bbox 1003 3713 1100 3775; x_wconf 92' lang='lat' dir='ltr'><strong>simul</strong></span> 
     </span>
     <span class='ocr_line' id='line_1_40' title="bbox 132 3798 1100 3880; baseline -0.001 -19"><span class='ocrx_word' id='word_1_273' title='bbox 132 3798 298 3880; x_wconf 88' lang='lat' dir='ltr'><strong>adiungit,</strong></span> <span class='ocrx_word' id='word_1_274' title='bbox 332 3811 369 3863; x_wconf 94' lang='lat' dir='ltr'><strong>ut</strong></span> <span class='ocrx_word' id='word_1_275' title='bbox 401 3800 551 3864; x_wconf 86' lang='lat' dir='ltr'><strong>ostendat</strong></span> <span class='ocrx_word' id='word_1_276' title='bbox 584 3818 648 3862; x_wconf 92' lang='lat' dir='ltr'><strong>non</strong></span> <span class='ocrx_word' id='word_1_277' title='bbox 682 3801 716 3862; x_wconf 92' lang='lat' dir='ltr'><strong>in</strong></span> <span class='ocrx_word' id='word_1_278' title='bbox 750 3798 817 3862; x_wconf 87' lang='lat' dir='ltr'><strong>sola</strong></span> <span class='ocrx_word' id='word_1_279' title='bbox 850 3799 942 3880; x_wconf 89' lang='lat' dir='ltr'><strong>plebe</strong></span> <span class='ocrx_word' id='word_1_280' title='bbox 974 3798 1100 3878; x_wconf 87' lang='lat' dir='ltr'><strong>culpam</strong></span> 
     </span>
     <span class='ocr_line' id='line_1_41' title="bbox 132 3883 1103 3963; baseline -0.002 -15"><span class='ocrx_word' id='word_1_281' title='bbox 132 3885 275 3949; x_wconf 89' lang='lat' dir='ltr'><strong>haerere.</strong></span> <span class='ocrx_word' id='word_1_282' title='bbox 320 3884 386 3963; x_wconf 80' lang='lat' dir='ltr'><strong>Qui</strong></span> <span class='ocrx_word' id='word_1_283' title='bbox 415 3885 501 3949; x_wconf 91' lang='lat' dir='ltr'><strong>enim</strong></span> <span class='ocrx_word' id='word_1_284' title='bbox 533 3885 670 3948; x_wconf 88' lang='lat' dir='ltr'><strong>aliorum</strong></span> <span class='ocrx_word' id='word_1_285' title='bbox 702 3884 798 3947; x_wconf 89' lang='lat' dir='ltr'><strong>duces</strong></span> <span class='ocrx_word' id='word_1_286' title='bbox 828 3905 898 3949; x_wconf 89' lang='lat' dir='ltr'><strong>esse</strong></span> <span class='ocrx_word' id='word_1_287' title='bbox 925 3883 1103 3948; x_wconf 89' lang='lat' dir='ltr'><strong>debuerant</strong></span> 
     </span>
     <span class='ocr_line' id='line_1_42' title="bbox 132 3969 1100 4053; baseline -0.002 -19"><span class='ocrx_word' id='word_1_288' title='bbox 132 3972 338 4053; x_wconf 87' lang='lat' dir='ltr'><strong>impegerunt</strong></span> <span class='ocrx_word' id='word_1_289' title='bbox 361 3971 467 4052; x_wconf 91' lang='lat' dir='ltr'><strong>primi,</strong></span> <span class='ocrx_word' id='word_1_290' title='bbox 490 3980 587 4051; x_wconf 90' lang='lat' dir='ltr'><strong>atque</strong></span> <span class='ocrx_word' id='word_1_291' title='bbox 606 3969 686 4033; x_wconf 86' lang='lat' dir='ltr'><strong>alios</strong></span> <span class='ocrx_word' id='word_1_292' title='bbox 705 3971 738 4032; x_wconf 92' lang='lat' dir='ltr'><strong>in</strong></span> <span class='ocrx_word' id='word_1_293' title='bbox 757 3990 899 4034; x_wconf 89' lang='lat' dir='ltr'><strong>errorem</strong></span> <span class='ocrx_word' id='word_1_294' title='bbox 920 3969 1100 4033; x_wconf 89' lang='lat' dir='ltr'><strong>duxerunt:</strong></span> 
     </span>
     <span class='ocr_line' id='line_1_43' title="bbox 132 4055 1103 4139; baseline -0.004 -18"><span class='ocrx_word' id='word_1_295' title='bbox 132 4078 250 4139; x_wconf 88' lang='lat' dir='ltr'><strong>nempe</strong></span> <span class='ocrx_word' id='word_1_296' title='bbox 279 4056 461 4121; x_wconf 85' lang='lat' dir='ltr'><strong>sacerdotes</strong></span> <span class='ocrx_word' id='word_1_297' title='bbox 491 4070 523 4120; x_wconf 89' lang='lat' dir='ltr'><strong>et</strong></span> <span class='ocrx_word' id='word_1_298' title='bbox 554 4056 740 4137; x_wconf 86' lang='lat' dir='ltr'><strong>prophetae.</strong></span> <span class='ocrx_word' id='word_1_299' title='bbox 786 4056 934 4137; x_wconf 88' lang='lat' dir='ltr'><strong>Denique</strong></span> <span class='ocrx_word' id='word_1_300' title='bbox 960 4055 1103 4119; x_wconf 85' lang='lat' dir='ltr'><strong>ostendit</strong></span> 
     </span>
     <span class='ocr_line' id='line_1_44' title="bbox 133 4141 1100 4221; baseline -0.004 -15"><span class='ocrx_word' id='word_1_301' title='bbox 133 4144 259 4207; x_wconf 92' lang='lat' dir='ltr'><strong>nullum</strong></span> <span class='ocrx_word' id='word_1_302' title='bbox 293 4142 441 4205; x_wconf 90' lang='lat' dir='ltr'><strong>ordinem</strong></span> <span class='ocrx_word' id='word_1_303' title='bbox 469 4161 489 4204; x_wconf 91' lang='lat' dir='ltr'><strong>a</strong></span> <span class='ocrx_word' id='word_1_304' title='bbox 518 4142 608 4203; x_wconf 85' lang='lat' dir='ltr'><strong>vitiis</strong></span> <span class='ocrx_word' id='word_1_305' title='bbox 638 4152 671 4203; x_wconf 89' lang='lat' dir='ltr'><strong>et</strong></span> <span class='ocrx_word' id='word_1_306' title='bbox 701 4141 894 4221; x_wconf 85' lang='lat' dir='ltr'><strong>corruptelis</strong></span> <span class='ocrx_word' id='word_1_307' title='bbox 922 4141 1100 4203; x_wconf 91' lang='lat' dir='ltr'><strong>immunem</strong></span> 
     </span>
     <span class='ocr_line' id='line_1_45' title="bbox 132 4225 1102 4308; baseline -0.006 -14"><span class='ocrx_word' id='word_1_308' title='bbox 132 4250 210 4294; x_wconf 90' lang='lat' dir='ltr'><strong>esse.</strong></span> <span class='ocrx_word' id='word_1_309' title='bbox 250 4229 340 4293; x_wconf 84' lang='lat' dir='ltr'><strong>Eant</strong></span> <span class='ocrx_word' id='word_1_310' title='bbox 357 4247 445 4293; x_wconf 90' lang='lat' dir='ltr'><strong>nuno</strong></span> <span class='ocrx_word' id='word_1_311' title='bbox 462 4237 493 4290; x_wconf 90' lang='lat' dir='ltr'><strong>et</strong></span> <span class='ocrx_word' id='word_1_312' title='bbox 512 4227 694 4308; x_wconf 88' lang='lat' dir='ltr'><strong>glorientur</strong></span> <span class='ocrx_word' id='word_1_313' title='bbox 711 4226 779 4290; x_wconf 92' lang='lat' dir='ltr'><strong>suis</strong></span> <span class='ocrx_word' id='word_1_314' title='bbox 798 4225 982 4301; x_wconf 87' lang='lat' dir='ltr'><strong>virtutibus,</strong></span> <span class='ocrx_word' id='word_1_315' title='bbox 1006 4238 1102 4305; x_wconf 90' lang='lat' dir='ltr'><strong>atque</strong></span> 
     </span>
     <span class='ocr_line' id='line_1_46' title="bbox 132 4311 1102 4393; baseline -0.004 -15"><span class='ocrx_word' id='word_1_316' title='bbox 132 4318 288 4380; x_wconf 88' lang='lat' dir='ltr'><strong>rationem</strong></span> <span class='ocrx_word' id='word_1_317' title='bbox 313 4315 365 4378; x_wconf 90' lang='lat' dir='ltr'><strong>vel</strong></span> <span class='ocrx_word' id='word_1_318' title='bbox 395 4313 563 4377; x_wconf 91' lang='lat' dir='ltr'><strong>minimam</strong></span> <span class='ocrx_word' id='word_1_319' title='bbox 593 4311 770 4393; x_wconf 85' lang='lat' dir='ltr'><strong>proferant,</strong></span> <span class='ocrx_word' id='word_1_320' title='bbox 801 4312 930 4392; x_wconf 89' lang='lat' dir='ltr'><strong>dempta</strong></span> <span class='ocrx_word' id='word_1_321' title='bbox 960 4312 1102 4375; x_wconf 89' lang='lat' dir='ltr'><strong>bonitate</strong></span> 
     </span>
     <span class='ocr_line' id='line_1_47' title="bbox 134 4396 1102 4482; baseline -0.004 -20"><span class='ocrx_word' id='word_1_322' title='bbox 134 4421 215 4476; x_wconf 89' lang='lat' dir='ltr'><strong>mea,</strong></span> <span class='ocrx_word' id='word_1_323' title='bbox 245 4401 285 4465; x_wconf 94' lang='lat' dir='ltr'><strong>ob</strong></span> <span class='ocrx_word' id='word_1_324' title='bbox 308 4421 405 4482; x_wconf 89' lang='lat' dir='ltr'><strong>quam</strong></span> <span class='ocrx_word' id='word_1_325' title='bbox 429 4421 483 4462; x_wconf 90' lang='lat' dir='ltr'><strong>eos</strong></span> <span class='ocrx_word' id='word_1_326' title='bbox 507 4398 606 4460; x_wconf 86' lang='lat' dir='ltr'><strong>tutari</strong></span> <span class='ocrx_word' id='word_1_327' title='bbox 636 4397 811 4461; x_wconf 91' lang='lat' dir='ltr'><strong>debuerim.</strong></span> <span class='ocrx_word' id='word_1_328' title='bbox 858 4396 894 4462; x_wconf 81' lang='lat' dir='ltr'><strong>Si</strong></span> <span class='ocrx_word' id='word_1_329' title='bbox 924 4399 994 4479; x_wconf 88' lang='lat' dir='ltr'><strong>quis</strong></span> <span class='ocrx_word' id='word_1_330' title='bbox 1024 4396 1102 4461; x_wconf 91' lang='lat' dir='ltr'><strong>obii·</strong></span> 
     </span>
     <span class='ocr_line' id='line_1_48' title="bbox 133 4483 1102 4563; baseline -0.004 -15"><span class='ocrx_word' id='word_1_331' title='bbox 133 4487 205 4561; x_wconf 87' lang='lat' dir='ltr'><strong>ciet,</strong></span> <span class='ocrx_word' id='word_1_332' title='bbox 233 4485 356 4548; x_wconf 89' lang='lat' dir='ltr'><strong>nullam</strong></span> <span class='ocrx_word' id='word_1_333' title='bbox 380 4506 452 4549; x_wconf 91' lang='lat' dir='ltr'><strong>esse</strong></span> <span class='ocrx_word' id='word_1_334' title='bbox 474 4503 601 4548; x_wconf 86' lang='lat' dir='ltr'><strong>causam</strong></span> <span class='ocrx_word' id='word_1_335' title='bbox 628 4503 686 4546; x_wconf 91' lang='lat' dir='ltr'><strong>cur</strong></span> <span class='ocrx_word' id='word_1_336' title='bbox 716 4493 845 4563; x_wconf 90' lang='lat' dir='ltr'><strong>patrum</strong></span> <span class='ocrx_word' id='word_1_337' title='bbox 873 4483 995 4547; x_wconf 90' lang='lat' dir='ltr'><strong>scelera</strong></span> <span class='ocrx_word' id='word_1_338' title='bbox 1025 4483 1102 4563; x_wconf 91' lang='lat' dir='ltr'><strong>ipsis</strong></span> 
     </span>
     <span class='ocr_line' id='line_1_49' title="bbox 133 4568 1101 4654; baseline -0.002 -22"><span class='ocrx_word' id='word_1_339' title='bbox 133 4568 419 4654; x_wconf 83' lang='lat' dir='ltr'><strong>exprobrarentur,</strong></span> <span class='ocrx_word' id='word_1_340' title='bbox 453 4568 539 4652; x_wconf 90' lang='lat' dir='ltr'><strong>quod</strong></span> <span class='ocrx_word' id='word_1_341' title='bbox 573 4568 730 4648; x_wconf 89' lang='lat' dir='ltr'><strong>scriptum</strong></span> <span class='ocrx_word' id='word_1_342' title='bbox 764 4570 815 4647; x_wconf 91' lang='lat' dir='ltr'><strong>sit,</strong></span> <span class='ocrx_word' id='word_1_343' title='bbox 849 4570 991 4633; x_wconf 90' lang='lat' dir='ltr'><strong>animam</strong></span> <span class='ocrx_word' id='word_1_344' title='bbox 1021 4589 1101 4649; x_wconf 88' lang='lat' dir='ltr'><strong>quae</strong></span> 
     </span>
     <span class='ocr_line' id='line_1_50' title="bbox 133 4653 1101 4737; baseline -0.006 -18"><span class='ocrx_word' id='word_1_345' title='bbox 133 4655 289 4737; x_wconf 89' lang='lat' dir='ltr'><strong>peccavit,</strong></span> <span class='ocrx_word' id='word_1_346' title='bbox 313 4658 514 4736; x_wconf 91' lang='lat' dir='ltr'><strong>morituram,</strong></span> <span class='ocrx_word' id='word_1_347' title='bbox 542 4675 602 4718; x_wconf 91' lang='lat' dir='ltr'><strong>nee</strong></span> <span class='ocrx_word' id='word_1_348' title='bbox 623 4653 709 4717; x_wconf 85' lang='lat' dir='ltr'><strong>lilios</strong></span> <span class='ocrx_word' id='word_1_349' title='bbox 731 4654 840 4734; x_wconf 90' lang='lat' dir='ltr'><strong>puniri</strong></span> <span class='ocrx_word' id='word_1_350' title='bbox 863 4675 921 4736; x_wconf 93' lang='lat' dir='ltr'><strong>pro</strong></span> <span class='ocrx_word' id='word_1_351' title='bbox 943 4654 1101 4736; x_wconf 87' lang='lat' dir='ltr'><strong>patribus:</strong></span> 
     </span>
     <span class='ocr_line' id='line_1_51' title="bbox 125 4739 1104 4823; baseline 0.002 -21"><span class='ocrx_word' id='word_1_352' title='bbox 125 4740 301 4823; x_wconf 49' lang='lat' dir='ltr'><strong>,responsio</strong></span> <span class='ocrx_word' id='word_1_353' title='bbox 325 4741 426 4806; x_wconf 83' lang='lat' dir='ltr'><strong>facilis</strong></span> <span class='ocrx_word' id='word_1_354' title='bbox 449 4742 520 4804; x_wconf 90' lang='lat' dir='ltr'><strong>erit.</strong></span> <span class='ocrx_word' id='word_1_355' title='bbox 555 4739 640 4803; x_wconf 90' lang='lat' dir='ltr'><strong>Nam</strong></span> <span class='ocrx_word' id='word_1_356' title='bbox 660 4739 819 4804; x_wconf 92' lang='lat' dir='ltr'><strong>Dominus</strong></span> <span class='ocrx_word' id='word_1_357' title='bbox 841 4752 1010 4821; x_wconf 85' lang='lat' dir='ltr'><strong>parentum</strong></span> <span class='ocrx_word' id='word_1_358' title='bbox 1034 4761 1104 4821; x_wconf 90' lang='lat' dir='ltr'><strong>pec·</strong></span> 
     </span>
     <span class='ocr_line' id='line_1_52' title="bbox 133 4824 1101 4909; baseline -0.005 -18"><span class='ocrx_word' id='word_1_359' title='bbox 133 4837 204 4891; x_wconf 89' lang='lat' dir='ltr'><strong>eata</strong></span> <span class='ocrx_word' id='word_1_360' title='bbox 228 4826 377 4908; x_wconf 91' lang='lat' dir='ltr'><strong>rependit</strong></span> <span class='ocrx_word' id='word_1_361' title='bbox 398 4829 432 4890; x_wconf 93' lang='lat' dir='ltr'><strong>in</strong></span> <span class='ocrx_word' id='word_1_362' title='bbox 457 4827 549 4909; x_wconf 90' lang='lat' dir='ltr'><strong>lilios,</strong></span> <span class='ocrx_word' id='word_1_363' title='bbox 579 4846 676 4906; x_wconf 90' lang='lat' dir='ltr'><strong>quum</strong></span> <span class='ocrx_word' id='word_1_364' title='bbox 700 4824 763 4906; x_wconf 91' lang='lat' dir='ltr'><strong>ipsi</strong></span> <span class='ocrx_word' id='word_1_365' title='bbox 789 4825 911 4890; x_wconf 92' lang='lat' dir='ltr'><strong>similes</strong></span> <span class='ocrx_word' id='word_1_366' title='bbox 942 4834 1019 4889; x_wconf 86' lang='lat' dir='ltr'><strong>sunt</strong></span> <span class='ocrx_word' id='word_1_367' title='bbox 1047 4844 1101 4906; x_wconf 88' lang='lat' dir='ltr'><strong>pa·</strong></span> 
     </span>
     <span class='ocr_line' id='line_1_53' title="bbox 134 4911 1103 4994; baseline 0 -20"><span class='ocrx_word' id='word_1_368' title='bbox 134 4913 246 4978; x_wconf 90' lang='lat' dir='ltr'><strong>tribus.</strong></span> <span class='ocrx_word' id='word_1_369' title='bbox 301 4912 415 4994; x_wconf 89' lang='lat' dir='ltr'><strong>Neque</strong></span> <span class='ocrx_word' id='word_1_370' title='bbox 443 4925 553 4976; x_wconf 87' lang='lat' dir='ltr'><strong>tamen</strong></span> <span class='ocrx_word' id='word_1_371' title='bbox 580 4930 640 4994; x_wconf 91' lang='lat' dir='ltr'><strong>pro</strong></span> <span class='ocrx_word' id='word_1_372' title='bbox 675 4911 789 4975; x_wconf 87' lang='lat' dir='ltr'><strong>alienis</strong></span> <span class='ocrx_word' id='word_1_373' title='bbox 817 4912 954 4993; x_wconf 90' lang='lat' dir='ltr'><strong>peccatis</strong></span> <span class='ocrx_word' id='word_1_374' title='bbox 984 4929 1103 4992; x_wconf 91' lang='lat' dir='ltr'><strong>poenas</strong></span> 
     </span>
     <span class='ocr_line' id='line_1_54' title="bbox 135 4996 1103 5079; baseline -0.003 -18"><span class='ocrx_word' id='word_1_375' title='bbox 135 4997 246 5062; x_wconf 90' lang='lat' dir='ltr'><strong>luunt:</strong></span> <span class='ocrx_word' id='word_1_376' title='bbox 275 5019 350 5063; x_wconf 88' lang='lat' dir='ltr'><strong>nam</strong></span> <span class='ocrx_word' id='word_1_377' title='bbox 374 5008 549 5079; x_wconf 90' lang='lat' dir='ltr'><strong>peccarunt</strong></span> <span class='ocrx_word' id='word_1_378' title='bbox 572 5008 603 5061; x_wconf 94' lang='lat' dir='ltr'><strong>et</strong></span> <span class='ocrx_word' id='word_1_379' title='bbox 631 4996 704 5078; x_wconf 88' lang='lat' dir='ltr'><strong>ipsi.</strong></span> <span class='ocrx_word' id='word_1_380' title='bbox 749 4997 793 5060; x_wconf 80' lang='lat' dir='ltr'><strong>Et</strong></span> <span class='ocrx_word' id='word_1_381' title='bbox 819 5017 917 5078; x_wconf 88' lang='lat' dir='ltr'><strong>quum</strong></span> <span class='ocrx_word' id='word_1_382' title='bbox 942 4997 1103 5060; x_wconf 91' lang='lat' dir='ltr'><strong>Dominus</strong></span> 
     </span>
     <span class='ocr_line' id='line_1_55' title="bbox 134 5081 1103 5167; baseline -0.002 -20"><span class='ocrx_word' id='word_1_383' title='bbox 134 5085 168 5147; x_wconf 89' lang='lat' dir='ltr'><strong>in</strong></span> <span class='ocrx_word' id='word_1_384' title='bbox 203 5093 306 5148; x_wconf 90' lang='lat' dir='ltr'><strong>totum</strong></span> <span class='ocrx_word' id='word_1_385' title='bbox 339 5105 456 5167; x_wconf 88' lang='lat' dir='ltr'><strong>eorpus</strong></span> <span class='ocrx_word' id='word_1_386' title='bbox 493 5082 740 5158; x_wconf 87' lang='lat' dir='ltr'><strong>animadvertit,</strong></span> <span class='ocrx_word' id='word_1_387' title='bbox 780 5090 889 5163; x_wconf 90' lang='lat' dir='ltr'><strong>patres</strong></span> <span class='ocrx_word' id='word_1_388' title='bbox 922 5103 995 5146; x_wconf 92' lang='lat' dir='ltr'><strong>cnm</strong></span> <span class='ocrx_word' id='word_1_389' title='bbox 1028 5081 1103 5145; x_wconf 88' lang='lat' dir='ltr'><strong>filiis</strong></span> 
     </span>
     <span class='ocr_line' id='line_1_56' title="bbox 135 5165 1104 5253; baseline -0.002 -21"><span class='ocrx_word' id='word_1_390' title='bbox 135 5171 203 5250; x_wconf 92' lang='lat' dir='ltr'><strong>pari</strong></span> <span class='ocrx_word' id='word_1_391' title='bbox 226 5170 301 5252; x_wconf 86' lang='lat' dir='ltr'><strong>iugo</strong></span> <span class='ocrx_word' id='word_1_392' title='bbox 322 5170 501 5253; x_wconf 86' lang='lat' dir='ltr'><strong>coniungit,</strong></span> <span class='ocrx_word' id='word_1_393' title='bbox 524 5180 560 5232; x_wconf 93' lang='lat' dir='ltr'><strong>ut</strong></span> <span class='ocrx_word' id='word_1_394' title='bbox 582 5188 692 5232; x_wconf 89' lang='lat' dir='ltr'><strong>omnes</strong></span> <span class='ocrx_word' id='word_1_395' title='bbox 713 5165 817 5231; x_wconf 89' lang='lat' dir='ltr'><strong>eidem</strong></span> <span class='ocrx_word' id='word_1_396' title='bbox 840 5166 1104 5232; x_wconf 90' lang='lat' dir='ltr'><strong>condemnationi</strong></span> 
     </span>
     <span class='ocr_line' id='line_1_57' title="bbox 134 5256 292 5321; baseline -0.006 -1"><span class='ocrx_word' id='word_1_397' title='bbox 134 5256 292 5321; x_wconf 86' lang='lat' dir='ltr'><strong>subiiciat.</strong></span> 
     </span>
    </p>
   </div>
   <div class='ocr_carea' id='block_1_3' title="bbox 979 360 1282 430">
    <p class='ocr_par' dir='ltr' id='par_1_5' title="bbox 979 360 1282 430">
     <span class='ocr_line' id='line_1_58' title="bbox 979 360 1282 430; baseline -0.007 -2"><span class='ocrx_word' id='word_1_398' title='bbox 979 360 1130 430; x_wconf 74' lang='lat' dir='ltr'><strong>oAPUu</strong></span> <span class='ocrx_word' id='word_1_399' title='bbox 1151 361 1282 426; x_wconf 78' lang='lat' dir='ltr'><strong>XLIII.</strong></span> 
     </span>
    </p>
   </div>
   <div class='ocr_carea' id='block_1_4' title="bbox 2062 363 2124 429">
    <p class='ocr_par' dir='ltr' id='par_1_6' title="bbox 2062 363 2124 429">
     <span class='ocr_line' id='line_1_59' title="bbox 2062 363 2124 429; baseline 0 0"><span class='ocrx_word' id='word_1_400' title='bbox 2062 363 2124 429; x_wconf 80' lang='lat'><strong>102</strong></span> 
     </span>
    </p>
   </div>
   <div class='ocr_carea' id='block_1_5' title="bbox 1151 549 2125 5078">
    <p class='ocr_par' dir='ltr' id='par_1_7' title="bbox 1151 549 2125 5078">
     <span class='ocr_line' id='line_1_60' title="bbox 1237 549 2125 635; baseline 0.005 -22"><span class='ocrx_word' id='word_1_401' title='bbox 1237 549 1289 614; x_wconf 80' lang='lat'><strong>28.</strong></span> <span class='ocrx_word' id='word_1_402' title='bbox 1322 549 1412 634; x_wconf 84' lang='lat' dir='ltr'><strong>(Ideo</strong></span> <span class='ocrx_word' id='word_1_403' title='bbox 1435 549 1602 635; x_wconf 80' lang='lat' dir='ltr'><strong>polluam.)</strong></span> <span class='ocrx_word' id='word_1_404' title='bbox 1647 551 1772 634; x_wconf 81' lang='lat' dir='ltr'><strong>Copula</strong></span> <span class='ocrx_word' id='word_1_405' title='bbox 1794 566 1803 618; x_wconf 85' lang='lat' dir='ltr'><strong>t</strong></span> <span class='ocrx_word' id='word_1_406' title='bbox 1828 551 1881 619; x_wconf 92' lang='lat' dir='ltr'><strong>hio</strong></span> <span class='ocrx_word' id='word_1_407' title='bbox 1910 571 1969 635; x_wconf 90' lang='lat' dir='ltr'><strong>pro</strong></span> <span class='ocrx_word' id='word_1_408' title='bbox 1997 551 2125 617; x_wconf 83' lang='lat' dir='ltr'><strong>illativa</strong></span> 
     </span>
     <span class='ocr_line' id='line_1_61' title="bbox 1151 635 2123 718; baseline -0.001 -18"><span class='ocrx_word' id='word_1_409' title='bbox 1151 635 1296 716; x_wconf 90' lang='lat' dir='ltr'><strong>capitur:</strong></span> <span class='ocrx_word' id='word_1_410' title='bbox 1319 637 1527 717; x_wconf 88' lang='lat' dir='ltr'><strong>praeteritum</strong></span> <span class='ocrx_word' id='word_1_411' title='bbox 1547 656 1625 702; x_wconf 87' lang='lat' dir='ltr'><strong>vero</strong></span> <span class='ocrx_word' id='word_1_412' title='bbox 1648 639 1683 700; x_wconf 92' lang='lat' dir='ltr'><strong>in</strong></span> <span class='ocrx_word' id='word_1_413' title='bbox 1705 638 1852 702; x_wconf 84' lang='lat' dir='ltr'><strong>loturum</strong></span> <span class='ocrx_word' id='word_1_414' title='bbox 1876 636 1996 703; x_wconf 84' lang='lat' dir='ltr'><strong>resolvi</strong></span> <span class='ocrx_word' id='word_1_415' title='bbox 2020 636 2123 718; x_wconf 92' lang='lat' dir='ltr'><strong>debet,</strong></span> 
     </span>
     <span class='ocr_line' id='line_1_62' title="bbox 1152 720 2124 805; baseline 0.003 -21"><span class='ocrx_word' id='word_1_416' title='bbox 1152 721 1280 785; x_wconf 88' lang='lat' dir='ltr'><strong>tametsi</strong></span> <span class='ocrx_word' id='word_1_417' title='bbox 1304 720 1339 784; x_wconf 95' lang='lat' dir='ltr'><strong>in</strong></span> <span class='ocrx_word' id='word_1_418' title='bbox 1369 723 1543 803; x_wconf 90' lang='lat' dir='ltr'><strong>praeterito</strong></span> <span class='ocrx_word' id='word_1_419' title='bbox 1571 743 1698 805; x_wconf 87' lang='lat' dir='ltr'><strong>quoque</strong></span> <span class='ocrx_word' id='word_1_420' title='bbox 1719 726 1805 787; x_wconf 85' lang='lat' dir='ltr'><strong>vorti</strong></span> <span class='ocrx_word' id='word_1_421' title='bbox 1828 725 1936 805; x_wconf 88' lang='lat' dir='ltr'><strong>possit.</strong></span> <span class='ocrx_word' id='word_1_422' title='bbox 1981 721 2047 787; x_wconf 84' lang='lat' dir='ltr'><strong>Sed</strong></span> <span class='ocrx_word' id='word_1_423' title='bbox 2073 725 2124 787; x_wconf 84' lang='lat' dir='ltr'><strong>iu·</strong></span> 
     </span>
     <span class='ocr_line' id='line_1_63' title="bbox 1151 807 2122 890; baseline 0.005 -21"><span class='ocrx_word' id='word_1_424' title='bbox 1151 814 1262 871; x_wconf 90' lang='lat' dir='ltr'><strong>turum</strong></span> <span class='ocrx_word' id='word_1_425' title='bbox 1285 807 1394 883; x_wconf 87' lang='lat' dir='ltr'><strong>malui,</strong></span> <span class='ocrx_word' id='word_1_426' title='bbox 1426 820 1463 871; x_wconf 91' lang='lat' dir='ltr'><strong>ut</strong></span> <span class='ocrx_word' id='word_1_427' title='bbox 1484 808 1670 872; x_wconf 86' lang='lat' dir='ltr'><strong>conferatur</strong></span> <span class='ocrx_word' id='word_1_428' title='bbox 1696 810 1729 872; x_wconf 93' lang='lat' dir='ltr'><strong>in</strong></span> <span class='ocrx_word' id='word_1_429' title='bbox 1760 822 1889 890; x_wconf 90' lang='lat' dir='ltr'><strong>tempus</strong></span> <span class='ocrx_word' id='word_1_430' title='bbox 1916 808 2122 890; x_wconf 86' lang='lat' dir='ltr'><strong>captivitatis.</strong></span> 
     </span>
     <span class='ocr_line' id='line_1_64' title="bbox 1154 892 2124 976; baseline 0.002 -19"><span class='ocrx_word' id='word_1_431' title='bbox 1154 892 1217 957; x_wconf 85' lang='lat' dir='ltr'><strong>Eos</strong></span> <span class='ocrx_word' id='word_1_432' title='bbox 1252 894 1338 956; x_wconf 93' lang='lat' dir='ltr'><strong>enim</strong></span> <span class='ocrx_word' id='word_1_433' title='bbox 1375 893 1506 974; x_wconf 88' lang='lat' dir='ltr'><strong>proprie</strong></span> <span class='ocrx_word' id='word_1_434' title='bbox 1546 893 1716 975; x_wconf 89' lang='lat' dir='ltr'><strong>compellat</strong></span> <span class='ocrx_word' id='word_1_435' title='bbox 1755 895 1810 974; x_wconf 90' lang='lat' dir='ltr'><strong>qui</strong></span> <span class='ocrx_word' id='word_1_436' title='bbox 1843 896 1904 960; x_wconf 91' lang='lat' dir='ltr'><strong>sub</strong></span> <span class='ocrx_word' id='word_1_437' title='bbox 1937 893 2124 976; x_wconf 88' lang='lat' dir='ltr'><strong>captivitate</strong></span> 
     </span>
     <span class='ocr_line' id='line_1_65' title="bbox 1152 976 2123 1061; baseline 0.004 -20"><span class='ocrx_word' id='word_1_438' title='bbox 1152 978 1270 1042; x_wconf 84' lang='lat' dir='ltr'><strong>victuri</strong></span> <span class='ocrx_word' id='word_1_439' title='bbox 1300 989 1402 1042; x_wconf 87' lang='lat' dir='ltr'><strong>erent.</strong></span> <span class='ocrx_word' id='word_1_440' title='bbox 1448 976 1484 1044; x_wconf 86' lang='lat' dir='ltr'><strong>Si</strong></span> <span class='ocrx_word' id='word_1_441' title='bbox 1515 980 1586 1061; x_wconf 91' lang='lat' dir='ltr'><strong>qnis</strong></span> <span class='ocrx_word' id='word_1_442' title='bbox 1615 979 1655 1042; x_wconf 90' lang='lat' dir='ltr'><strong>ad</strong></span> <span class='ocrx_word' id='word_1_443' title='bbox 1685 977 1831 1043; x_wconf 88' lang='lat' dir='ltr'><strong>diversas</strong></span> <span class='ocrx_word' id='word_1_444' title='bbox 1860 980 1977 1056; x_wconf 89' lang='lat' dir='ltr'><strong>clades,</strong></span> <span class='ocrx_word' id='word_1_445' title='bbox 2006 979 2123 1061; x_wconf 90' lang='lat' dir='ltr'><strong>quibus</strong></span> 
     </span>
     <span class='ocr_line' id='line_1_66' title="bbox 1153 1064 2123 1146; baseline 0.004 -21"><span class='ocrx_word' id='word_1_446' title='bbox 1153 1064 1306 1144; x_wconf 92' lang='lat' dir='ltr'><strong>populum</strong></span> <span class='ocrx_word' id='word_1_447' title='bbox 1328 1085 1424 1128; x_wconf 91' lang='lat' dir='ltr'><strong>suum</strong></span> <span class='ocrx_word' id='word_1_448' title='bbox 1446 1065 1627 1146; x_wconf 88' lang='lat' dir='ltr'><strong>ignominia</strong></span> <span class='ocrx_word' id='word_1_449' title='bbox 1649 1065 1802 1130; x_wconf 85' lang='lat' dir='ltr'><strong>affecerat</strong></span> <span class='ocrx_word' id='word_1_450' title='bbox 1826 1064 1925 1142; x_wconf 90' lang='lat' dir='ltr'><strong>Dous,</strong></span> <span class='ocrx_word' id='word_1_451' title='bbox 1948 1064 2123 1130; x_wconf 89' lang='lat' dir='ltr'><strong>extendero</strong></span> 
     </span>
     <span class='ocr_line' id='line_1_67' title="bbox 1152 1148 2123 1235; baseline 0.002 -23"><span class='ocrx_word' id='word_1_452' title='bbox 1152 1148 1212 1213; x_wconf 94' lang='lat' dir='ltr'><strong>hoe</strong></span> <span class='ocrx_word' id='word_1_453' title='bbox 1235 1149 1336 1227; x_wconf 89' lang='lat' dir='ltr'><strong>malit,</strong></span> <span class='ocrx_word' id='word_1_454' title='bbox 1366 1158 1399 1213; x_wconf 90' lang='lat' dir='ltr'><strong>et</strong></span> <span class='ocrx_word' id='word_1_455' title='bbox 1424 1149 1521 1213; x_wconf 87' lang='lat' dir='ltr'><strong>simol</strong></span> <span class='ocrx_word' id='word_1_456' title='bbox 1549 1151 1747 1233; x_wconf 88' lang='lat' dir='ltr'><strong>coniungere</strong></span> <span class='ocrx_word' id='word_1_457' title='bbox 1774 1151 1926 1215; x_wconf 87' lang='lat' dir='ltr'><strong>exsilium</strong></span> <span class='ocrx_word' id='word_1_458' title='bbox 1958 1149 2123 1235; x_wconf 85' lang='lat' dir='ltr'><strong>babyloni-</strong></span> 
     </span>
     <span class='ocr_line' id='line_1_68' title="bbox 1152 1235 2123 1310; baseline 0 -11"><span class='ocrx_word' id='word_1_459' title='bbox 1152 1256 1235 1310; x_wconf 90' lang='lat' dir='ltr'><strong>cum,</strong></span> <span class='ocrx_word' id='word_1_460' title='bbox 1268 1235 1350 1298; x_wconf 88' lang='lat' dir='ltr'><strong>nihil</strong></span> <span class='ocrx_word' id='word_1_461' title='bbox 1374 1235 1436 1299; x_wconf 90' lang='lat' dir='ltr'><strong>erit</strong></span> <span class='ocrx_word' id='word_1_462' title='bbox 1464 1235 1670 1300; x_wconf 88' lang='lat' dir='ltr'><strong>incommodi.</strong></span> <span class='ocrx_word' id='word_1_463' title='bbox 1715 1236 1760 1300; x_wconf 79' lang='lat' dir='ltr'><strong>Et</strong></span> <span class='ocrx_word' id='word_1_464' title='bbox 1789 1236 1872 1299; x_wconf 86' lang='lat' dir='ltr'><strong>forte</strong></span> <span class='ocrx_word' id='word_1_465' title='bbox 1902 1235 2019 1301; x_wconf 89' lang='lat' dir='ltr'><strong>melius</strong></span> <span class='ocrx_word' id='word_1_466' title='bbox 2049 1256 2123 1300; x_wconf 91' lang='lat' dir='ltr'><strong>oon·</strong></span> 
     </span>
     <span class='ocr_line' id='line_1_69' title="bbox 1153 1320 2122 1403; baseline 0.003 -21"><span class='ocrx_word' id='word_1_467' title='bbox 1153 1320 1261 1384; x_wconf 87' lang='lat' dir='ltr'><strong>veniet</strong></span> <span class='ocrx_word' id='word_1_468' title='bbox 1280 1321 1406 1384; x_wconf 89' lang='lat' dir='ltr'><strong>narrari</strong></span> <span class='ocrx_word' id='word_1_469' title='bbox 1424 1321 1499 1402; x_wconf 90' lang='lat' dir='ltr'><strong>quid</strong></span> <span class='ocrx_word' id='word_1_470' title='bbox 1523 1322 1647 1403; x_wconf 91' lang='lat' dir='ltr'><strong>pridem</strong></span> <span class='ocrx_word' id='word_1_471' title='bbox 1666 1330 1698 1385; x_wconf 90' lang='lat' dir='ltr'><strong>et</strong></span> <span class='ocrx_word' id='word_1_472' title='bbox 1721 1322 1850 1402; x_wconf 87' lang='lat' dir='ltr'><strong>saepius</strong></span> <span class='ocrx_word' id='word_1_473' title='bbox 1872 1321 1938 1386; x_wconf 86' lang='lat' dir='ltr'><strong>illis</strong></span> <span class='ocrx_word' id='word_1_474' title='bbox 1960 1322 2122 1398; x_wconf 87' lang='lat' dir='ltr'><strong>acciderit,</strong></span> 
     </span>
     <span class='ocr_line' id='line_1_70' title="bbox 1153 1406 2123 1487; baseline 0.002 -17"><span class='ocrx_word' id='word_1_475' title='bbox 1153 1415 1189 1470; x_wconf 91' lang='lat' dir='ltr'><strong>ut</strong></span> <span class='ocrx_word' id='word_1_476' title='bbox 1211 1407 1244 1469; x_wconf 93' lang='lat' dir='ltr'><strong>in</strong></span> <span class='ocrx_word' id='word_1_477' title='bbox 1267 1418 1433 1487; x_wconf 88' lang='lat' dir='ltr'><strong>posterum</strong></span> <span class='ocrx_word' id='word_1_478' title='bbox 1457 1407 1716 1484; x_wconf 79' lang='lat' dir='ltr'><strong>commonebant,</strong></span> <span class='ocrx_word' id='word_1_479' title='bbox 1747 1406 1836 1471; x_wconf 92' lang='lat' dir='ltr'><strong>nullo</strong></span> <span class='ocrx_word' id='word_1_480' title='bbox 1858 1408 1929 1470; x_wconf 92' lang='lat' dir='ltr'><strong>iure</strong></span> <span class='ocrx_word' id='word_1_481' title='bbox 1951 1416 2017 1470; x_wconf 89' lang='lat' dir='ltr'><strong>tam</strong></span> <span class='ocrx_word' id='word_1_482' title='bbox 2042 1408 2123 1472; x_wconf 90' lang='lat' dir='ltr'><strong>bene</strong></span> 
     </span>
     <span class='ocr_line' id='line_1_71' title="bbox 1152 1490 2123 1574; baseline 0.002 -20"><span class='ocrx_word' id='word_1_483' title='bbox 1152 1513 1187 1554; x_wconf 93' lang='lat' dir='ltr'><strong>se</strong></span> <span class='ocrx_word' id='word_1_484' title='bbox 1209 1511 1279 1555; x_wconf 89' lang='lat' dir='ltr'><strong>esse</strong></span> <span class='ocrx_word' id='word_1_485' title='bbox 1303 1490 1454 1568; x_wconf 89' lang='lat' dir='ltr'><strong>munitos,</strong></span> <span class='ocrx_word' id='word_1_486' title='bbox 1484 1493 1561 1574; x_wconf 92' lang='lat' dir='ltr'><strong>quin</strong></span> <span class='ocrx_word' id='word_1_487' title='bbox 1586 1514 1698 1556; x_wconf 91' lang='lat' dir='ltr'><strong>rursus</strong></span> <span class='ocrx_word' id='word_1_488' title='bbox 1720 1513 1794 1557; x_wconf 92' lang='lat' dir='ltr'><strong>cnm</strong></span> <span class='ocrx_word' id='word_1_489' title='bbox 1818 1513 1945 1557; x_wconf 91' lang='lat' dir='ltr'><strong>summo</strong></span> <span class='ocrx_word' id='word_1_490' title='bbox 1968 1492 2123 1559; x_wconf 88' lang='lat' dir='ltr'><strong>dedecore</strong></span> 
     </span>
     <span class='ocr_line' id='line_1_72' title="bbox 1152 1578 2124 1661; baseline 0.002 -21"><span class='ocrx_word' id='word_1_491' title='bbox 1152 1597 1271 1658; x_wconf 88' lang='lat' dir='ltr'><strong>poenas</strong></span> <span class='ocrx_word' id='word_1_492' title='bbox 1294 1598 1373 1640; x_wconf 90' lang='lat' dir='ltr'><strong>suae</strong></span> <span class='ocrx_word' id='word_1_493' title='bbox 1395 1578 1640 1660; x_wconf 88' lang='lat' dir='ltr'><strong>ingratitudinis</strong></span> <span class='ocrx_word' id='word_1_494' title='bbox 1662 1578 1762 1641; x_wconf 90' lang='lat' dir='ltr'><strong>luant.</strong></span> <span class='ocrx_word' id='word_1_495' title='bbox 1801 1578 1909 1642; x_wconf 90' lang='lat' dir='ltr'><strong>Huius</strong></span> <span class='ocrx_word' id='word_1_496' title='bbox 1932 1598 2009 1661; x_wconf 89' lang='lat' dir='ltr'><strong>ergo</strong></span> <span class='ocrx_word' id='word_1_497' title='bbox 2031 1578 2124 1643; x_wconf 90' lang='lat' dir='ltr'><strong>exitii</strong></span> 
     </span>
     <span class='ocr_line' id='line_1_73' title="bbox 1152 1662 2123 1745; baseline 0.003 -20"><span class='ocrx_word' id='word_1_498' title='bbox 1152 1682 1282 1726; x_wconf 89' lang='lat' dir='ltr'><strong>causam</strong></span> <span class='ocrx_word' id='word_1_499' title='bbox 1303 1663 1460 1726; x_wconf 91' lang='lat' dir='ltr'><strong>ostendit:</strong></span> <span class='ocrx_word' id='word_1_500' title='bbox 1491 1665 1640 1745; x_wconf 87' lang='lat' dir='ltr'><strong>quoniam</strong></span> <span class='ocrx_word' id='word_1_501' title='bbox 1672 1663 1795 1728; x_wconf 85' lang='lat' dir='ltr'><strong>seelera</strong></span> <span class='ocrx_word' id='word_1_502' title='bbox 1825 1674 1953 1745; x_wconf 91' lang='lat' dir='ltr'><strong>patrum</strong></span> <span class='ocrx_word' id='word_1_503' title='bbox 1985 1676 2017 1726; x_wconf 93' lang='lat' dir='ltr'><strong>et</strong></span> <span class='ocrx_word' id='word_1_504' title='bbox 2039 1662 2123 1728; x_wconf 88' lang='lat' dir='ltr'><strong>filio·</strong></span> 
     </span>
     <span class='ocr_line' id='line_1_74' title="bbox 1153 1748 2124 1829; baseline 0.002 -19"><span class='ocrx_word' id='word_1_505' title='bbox 1153 1769 1225 1810; x_wconf 90' lang='lat' dir='ltr'><strong>ram</strong></span> <span class='ocrx_word' id='word_1_506' title='bbox 1259 1748 1369 1828; x_wconf 91' lang='lat' dir='ltr'><strong>puniri</strong></span> <span class='ocrx_word' id='word_1_507' title='bbox 1403 1748 1579 1829; x_wconf 89' lang='lat' dir='ltr'><strong>oportebat,</strong></span> <span class='ocrx_word' id='word_1_508' title='bbox 1612 1769 1711 1829; x_wconf 91' lang='lat' dir='ltr'><strong>quum</strong></span> <span class='ocrx_word' id='word_1_509' title='bbox 1741 1749 1866 1813; x_wconf 91' lang='lat' dir='ltr'><strong>seilicet</strong></span> <span class='ocrx_word' id='word_1_510' title='bbox 1900 1748 2010 1814; x_wconf 90' lang='lat' dir='ltr'><strong>nullos</strong></span> <span class='ocrx_word' id='word_1_511' title='bbox 2038 1758 2124 1813; x_wconf 87' lang='lat' dir='ltr'><strong>esset</strong></span> 
     </span>
     <span class='ocr_line' id='line_1_75' title="bbox 1151 1832 2123 1915; baseline 0.002 -19"><span class='ocrx_word' id='word_1_512' title='bbox 1151 1832 1306 1915; x_wconf 90' lang='lat' dir='ltr'><strong>peeoandi</strong></span> <span class='ocrx_word' id='word_1_513' title='bbox 1328 1834 1413 1908; x_wconf 90' lang='lat' dir='ltr'><strong>finis,</strong></span> <span class='ocrx_word' id='word_1_514' title='bbox 1444 1832 1500 1897; x_wconf 91' lang='lat' dir='ltr'><strong>sed</strong></span> <span class='ocrx_word' id='word_1_515' title='bbox 1523 1834 1665 1915; x_wconf 86' lang='lat' dir='ltr'><strong>quotidie</strong></span> <span class='ocrx_word' id='word_1_516' title='bbox 1687 1835 1769 1897; x_wconf 91' lang='lat' dir='ltr'><strong>iram</strong></span> <span class='ocrx_word' id='word_1_517' title='bbox 1793 1832 1856 1898; x_wconf 92' lang='lat' dir='ltr'><strong>Dei</strong></span> <span class='ocrx_word' id='word_1_518' title='bbox 1878 1848 1992 1898; x_wconf 91' lang='lat' dir='ltr'><strong>contra</strong></span> <span class='ocrx_word' id='word_1_519' title='bbox 2014 1855 2049 1897; x_wconf 91' lang='lat' dir='ltr'><strong>se</strong></span> <span class='ocrx_word' id='word_1_520' title='bbox 2071 1855 2123 1899; x_wconf 90' lang='lat' dir='ltr'><strong>ao·</strong></span> 
     </span>
     <span class='ocr_line' id='line_1_76' title="bbox 1151 1918 2122 2001; baseline 0.001 -18"><span class='ocrx_word' id='word_1_521' title='bbox 1151 1919 1342 1995; x_wconf 89' lang='lat' dir='ltr'><strong>conderent,</strong></span> <span class='ocrx_word' id='word_1_522' title='bbox 1379 1920 1480 1984; x_wconf 90' lang='lat' dir='ltr'><strong>donec</strong></span> <span class='ocrx_word' id='word_1_523' title='bbox 1516 1919 1648 1983; x_wconf 88' lang='lat' dir='ltr'><strong>tandem</strong></span> <span class='ocrx_word' id='word_1_524' title='bbox 1684 1920 1717 1982; x_wconf 92' lang='lat' dir='ltr'><strong>in</strong></span> <span class='ocrx_word' id='word_1_525' title='bbox 1755 1921 1842 2001; x_wconf 90' lang='lat' dir='ltr'><strong>ipsos</strong></span> <span class='ocrx_word' id='word_1_526' title='bbox 1881 1918 2122 1987; x_wconf 83' lang='lat' dir='ltr'><strong>animadvertit.</strong></span> 
     </span>
     <span class='ocr_line' id='line_1_77' title="bbox 1152 2005 2124 2085; baseline 0.002 -17"><span class='ocrx_word' id='word_1_527' title='bbox 1152 2006 1304 2069; x_wconf 91' lang='lat' dir='ltr'><strong>Polluere</strong></span> <span class='ocrx_word' id='word_1_528' title='bbox 1326 2016 1436 2068; x_wconf 90' lang='lat' dir='ltr'><strong>autem</strong></span> <span class='ocrx_word' id='word_1_529' title='bbox 1460 2005 1511 2068; x_wconf 84' lang='lat' dir='ltr'><strong>vel</strong></span> <span class='ocrx_word' id='word_1_530' title='bbox 1538 2005 1709 2085; x_wconf 88' lang='lat' dir='ltr'><strong>profanare</strong></span> <span class='ocrx_word' id='word_1_531' title='bbox 1731 2005 1898 2069; x_wconf 89' lang='lat' dir='ltr'><strong>eeclesiam</strong></span> <span class='ocrx_word' id='word_1_532' title='bbox 1928 2026 2021 2069; x_wconf 91' lang='lat' dir='ltr'><strong>suam</strong></span> <span class='ocrx_word' id='word_1_533' title='bbox 2045 2005 2124 2071; x_wconf 93' lang='lat' dir='ltr'><strong>dici·</strong></span> 
     </span>
     <span class='ocr_line' id='line_1_78' title="bbox 1152 2089 2123 2172; baseline 0.002 -19"><span class='ocrx_word' id='word_1_534' title='bbox 1152 2100 1206 2154; x_wconf 91' lang='lat' dir='ltr'><strong>tur</strong></span> <span class='ocrx_word' id='word_1_535' title='bbox 1230 2089 1402 2165; x_wconf 92' lang='lat' dir='ltr'><strong>Dominus,</strong></span> <span class='ocrx_word' id='word_1_536' title='bbox 1430 2109 1531 2172; x_wconf 90' lang='lat' dir='ltr'><strong>quum</strong></span> <span class='ocrx_word' id='word_1_537' title='bbox 1554 2111 1634 2168; x_wconf 90' lang='lat' dir='ltr'><strong>eam,</strong></span> <span class='ocrx_word' id='word_1_538' title='bbox 1664 2110 1721 2154; x_wconf 91' lang='lat' dir='ltr'><strong>ceu</strong></span> <span class='ocrx_word' id='word_1_539' title='bbox 1744 2111 1811 2154; x_wconf 92' lang='lat' dir='ltr'><strong>rem</strong></span> <span class='ocrx_word' id='word_1_540' title='bbox 1838 2091 1947 2169; x_wconf 89' lang='lat' dir='ltr'><strong>vilem,</strong></span> <span class='ocrx_word' id='word_1_541' title='bbox 1976 2102 2123 2155; x_wconf 89' lang='lat' dir='ltr'><strong>contom-</strong></span> 
     </span>
     <span class='ocr_line' id='line_1_79' title="bbox 1152 2174 2124 2260; baseline 0.004 -22"><span class='ocrx_word' id='word_1_542' title='bbox 1152 2178 1199 2238; x_wconf 89' lang='lat' dir='ltr'><strong>nit</strong></span> <span class='ocrx_word' id='word_1_543' title='bbox 1229 2191 1260 2237; x_wconf 89' lang='lat' dir='ltr'><strong>et</strong></span> <span class='ocrx_word' id='word_1_544' title='bbox 1290 2176 1463 2257; x_wconf 87' lang='lat' dir='ltr'><strong>prostituit.</strong></span> <span class='ocrx_word' id='word_1_545' title='bbox 1510 2175 1614 2241; x_wconf 82' lang='lat' dir='ltr'><strong>Sicuti</strong></span> <span class='ocrx_word' id='word_1_546' title='bbox 1641 2176 1774 2240; x_wconf 90' lang='lat' dir='ltr'><strong>Psalmo</strong></span> <span class='ocrx_word' id='word_1_547' title='bbox 1798 2176 1840 2240; x_wconf 84' lang='lat'><strong>89</strong></span> <span class='ocrx_word' id='word_1_548' title='bbox 1862 2175 1971 2260; x_wconf 87' lang='lat' dir='ltr'><strong>(Vere.</strong></span> <span class='ocrx_word' id='word_1_549' title='bbox 1994 2174 2059 2260; x_wconf 82' lang='lat'><strong>39),</strong></span> <span class='ocrx_word' id='word_1_550' title='bbox 2090 2186 2124 2242; x_wconf 89' lang='lat' dir='ltr'><strong>et</strong></span> 
     </span>
     <span class='ocr_line' id='line_1_80' title="bbox 1152 2260 2123 2343; baseline 0.003 -19"><span class='ocrx_word' id='word_1_551' title='bbox 1152 2262 1225 2324; x_wconf 89' lang='lat' dir='ltr'><strong>aliis</strong></span> <span class='ocrx_word' id='word_1_552' title='bbox 1248 2261 1395 2342; x_wconf 92' lang='lat' dir='ltr'><strong>pluribus</strong></span> <span class='ocrx_word' id='word_1_553' title='bbox 1418 2261 1503 2327; x_wconf 88' lang='lat' dir='ltr'><strong>locis.</strong></span> <span class='ocrx_word' id='word_1_554' title='bbox 1549 2260 1596 2326; x_wconf 90' lang='lat' dir='ltr'><strong>Ut</strong></span> <span class='ocrx_word' id='word_1_555' title='bbox 1622 2261 1709 2325; x_wconf 90' lang='lat' dir='ltr'><strong>enirn</strong></span> <span class='ocrx_word' id='word_1_556' title='bbox 1739 2263 1901 2343; x_wconf 87' lang='lat' dir='ltr'><strong>segregati</strong></span> <span class='ocrx_word' id='word_1_557' title='bbox 1933 2262 1973 2326; x_wconf 91' lang='lat' dir='ltr'><strong>ab</strong></span> <span class='ocrx_word' id='word_1_558' title='bbox 1996 2262 2067 2343; x_wconf 89' lang='lat' dir='ltr'><strong>ipso</strong></span> <span class='ocrx_word' id='word_1_559' title='bbox 2089 2272 2123 2327; x_wconf 91' lang='lat' dir='ltr'><strong>et</strong></span> 
     </span>
     <span class='ocr_line' id='line_1_81' title="bbox 1151 2346 2123 2430; baseline 0.001 -19"><span class='ocrx_word' id='word_1_560' title='bbox 1151 2347 1343 2411; x_wconf 86' lang='lat' dir='ltr'><strong>sanctificati</strong></span> <span class='ocrx_word' id='word_1_561' title='bbox 1365 2346 1425 2411; x_wconf 91' lang='lat' dir='ltr'><strong>sub</strong></span> <span class='ocrx_word' id='word_1_562' title='bbox 1447 2346 1509 2410; x_wconf 91' lang='lat' dir='ltr'><strong>fide</strong></span> <span class='ocrx_word' id='word_1_563' title='bbox 1527 2360 1560 2410; x_wconf 91' lang='lat' dir='ltr'><strong>et</strong></span> <span class='ocrx_word' id='word_1_564' title='bbox 1579 2348 1681 2412; x_wconf 91' lang='lat' dir='ltr'><strong>tutela</strong></span> <span class='ocrx_word' id='word_1_565' title='bbox 1704 2348 1805 2430; x_wconf 86' lang='lat' dir='ltr'><strong>ipsius</strong></span> <span class='ocrx_word' id='word_1_566' title='bbox 1825 2346 1983 2430; x_wconf 90' lang='lat' dir='ltr'><strong>degimus,</strong></span> <span class='ocrx_word' id='word_1_567' title='bbox 2007 2368 2123 2429; x_wconf 90' lang='lat' dir='ltr'><strong>quam·</strong></span> 
     </span>
     <span class='ocr_line' id='line_1_82' title="bbox 1153 2432 2123 2516; baseline 0.004 -21"><span class='ocrx_word' id='word_1_568' title='bbox 1153 2432 1207 2496; x_wconf 91' lang='lat' dir='ltr'><strong>diu</strong></span> <span class='ocrx_word' id='word_1_569' title='bbox 1238 2433 1342 2497; x_wconf 89' lang='lat' dir='ltr'><strong>saneti</strong></span> <span class='ocrx_word' id='word_1_570' title='bbox 1374 2453 1502 2496; x_wconf 87' lang='lat' dir='ltr'><strong>sumus:</strong></span> <span class='ocrx_word' id='word_1_571' title='bbox 1535 2434 1581 2497; x_wconf 87' lang='lat' dir='ltr'><strong>ita</strong></span> <span class='ocrx_word' id='word_1_572' title='bbox 1611 2455 1709 2515; x_wconf 91' lang='lat' dir='ltr'><strong>quum</strong></span> <span class='ocrx_word' id='word_1_573' title='bbox 1740 2433 1957 2516; x_wconf 88' lang='lat' dir='ltr'><strong>destituimur,</strong></span> <span class='ocrx_word' id='word_1_574' title='bbox 1985 2433 2123 2499; x_wconf 85' lang='lat' dir='ltr'><strong>dicimur</strong></span> 
     </span>
     <span class='ocr_line' id='line_1_83' title="bbox 1153 2518 2122 2601; baseline 0.004 -20"><span class='ocrx_word' id='word_1_575' title='bbox 1153 2520 1332 2600; x_wconf 85' lang='lat' dir='ltr'><strong>profanari:</strong></span> <span class='ocrx_word' id='word_1_576' title='bbox 1370 2519 1446 2600; x_wconf 89' lang='lat' dir='ltr'><strong>qnia</strong></span> <span class='ocrx_word' id='word_1_577' title='bbox 1478 2518 1656 2582; x_wconf 91' lang='lat' dir='ltr'><strong>desinimus</strong></span> <span class='ocrx_word' id='word_1_578' title='bbox 1692 2520 1756 2601; x_wconf 89' lang='lat' dir='ltr'><strong>ipsi</strong></span> <span class='ocrx_word' id='word_1_579' title='bbox 1790 2540 1861 2583; x_wconf 87' lang='lat' dir='ltr'><strong>esse</strong></span> <span class='ocrx_word' id='word_1_580' title='bbox 1894 2521 1986 2598; x_wconf 86' lang='lat' dir='ltr'><strong>sacri,</strong></span> <span class='ocrx_word' id='word_1_581' title='bbox 2025 2529 2122 2601; x_wconf 86' lang='lat' dir='ltr'><strong>atque</strong></span> 
     </span>
     <span class='ocr_line' id='line_1_84' title="bbox 1153 2602 2122 2686; baseline 0.005 -20"><span class='ocrx_word' id='word_1_582' title='bbox 1153 2605 1254 2684; x_wconf 90' lang='lat' dir='ltr'><strong>ipsius</strong></span> <span class='ocrx_word' id='word_1_583' title='bbox 1278 2603 1379 2667; x_wconf 91' lang='lat' dir='ltr'><strong>tutela</strong></span> <span class='ocrx_word' id='word_1_584' title='bbox 1401 2602 1528 2686; x_wconf 92' lang='lat' dir='ltr'><strong>indigni</strong></span> <span class='ocrx_word' id='word_1_585' title='bbox 1552 2603 1729 2682; x_wconf 90' lang='lat' dir='ltr'><strong>reddimur,</strong></span> <span class='ocrx_word' id='word_1_586' title='bbox 1751 2614 1782 2667; x_wconf 90' lang='lat' dir='ltr'><strong>et</strong></span> <span class='ocrx_word' id='word_1_587' title='bbox 1800 2624 1881 2686; x_wconf 90' lang='lat' dir='ltr'><strong>quos</strong></span> <span class='ocrx_word' id='word_1_588' title='bbox 1904 2614 2001 2667; x_wconf 83' lang='lat' dir='ltr'><strong>antea</strong></span> <span class='ocrx_word' id='word_1_589' title='bbox 2022 2605 2122 2671; x_wconf 90' lang='lat' dir='ltr'><strong>chris·</strong></span> 
     </span>
     <span class='ocr_line' id='line_1_85' title="bbox 1153 2688 2122 2771; baseline 0.004 -21"><span class='ocrx_word' id='word_1_590' title='bbox 1153 2700 1203 2753; x_wconf 90' lang='lat' dir='ltr'><strong>tos</strong></span> <span class='ocrx_word' id='word_1_591' title='bbox 1225 2709 1300 2751; x_wconf 92' lang='lat' dir='ltr'><strong>suos</strong></span> <span class='ocrx_word' id='word_1_592' title='bbox 1325 2688 1468 2771; x_wconf 88' lang='lat' dir='ltr'><strong>vocabat,</strong></span> <span class='ocrx_word' id='word_1_593' title='bbox 1498 2699 1595 2769; x_wconf 90' lang='lat' dir='ltr'><strong>atque</strong></span> <span class='ocrx_word' id='word_1_594' title='bbox 1625 2689 1716 2771; x_wconf 89' lang='lat' dir='ltr'><strong>tangi</strong></span> <span class='ocrx_word' id='word_1_595' title='bbox 1747 2688 1948 2770; x_wconf 87' lang='lat' dir='ltr'><strong>prohibebat,</strong></span> <span class='ocrx_word' id='word_1_596' title='bbox 1978 2689 2122 2754; x_wconf 90' lang='lat' dir='ltr'><strong>hostium</strong></span> 
     </span>
     <span class='ocr_line' id='line_1_86' title="bbox 1153 2772 2121 2854; baseline 0.004 -18"><span class='ocrx_word' id='word_1_597' title='bbox 1153 2772 1290 2854; x_wconf 89' lang='lat' dir='ltr'><strong>praedae</strong></span> <span class='ocrx_word' id='word_1_598' title='bbox 1312 2774 1456 2854; x_wconf 85' lang='lat' dir='ltr'><strong>exponit.</strong></span> <span class='ocrx_word' id='word_1_599' title='bbox 1489 2773 1535 2837; x_wconf 86' lang='lat' dir='ltr'><strong>At</strong></span> <span class='ocrx_word' id='word_1_600' title='bbox 1551 2772 1724 2854; x_wconf 88' lang='lat' dir='ltr'><strong>indignum</strong></span> <span class='ocrx_word' id='word_1_601' title='bbox 1743 2773 1914 2838; x_wconf 82' lang='lat' dir='ltr'><strong>videbatur</strong></span> <span class='ocrx_word' id='word_1_602' title='bbox 1930 2774 2121 2854; x_wconf 89' lang='lat' dir='ltr'><strong>sacerdotes,</strong></span> 
     </span>
     <span class='ocr_line' id='line_1_87' title="bbox 1153 2858 2122 2942; baseline 0.005 -21"><span class='ocrx_word' id='word_1_603' title='bbox 1153 2859 1207 2939; x_wconf 93' lang='lat' dir='ltr'><strong>qui</strong></span> <span class='ocrx_word' id='word_1_604' title='bbox 1240 2859 1325 2923; x_wconf 88' lang='lat' dir='ltr'><strong>vices</strong></span> <span class='ocrx_word' id='word_1_605' title='bbox 1355 2858 1480 2923; x_wconf 80' lang='lat' dir='ltr'><strong>Christi</strong></span> <span class='ocrx_word' id='word_1_606' title='bbox 1509 2859 1673 2942; x_wconf 90' lang='lat' dir='ltr'><strong>gerebant,</strong></span> <span class='ocrx_word' id='word_1_607' title='bbox 1702 2861 1881 2941; x_wconf 86' lang='lat' dir='ltr'><strong>profanari:</strong></span> <span class='ocrx_word' id='word_1_608' title='bbox 1906 2880 2019 2923; x_wconf 87' lang='lat' dir='ltr'><strong>verum</strong></span> <span class='ocrx_word' id='word_1_609' title='bbox 2043 2861 2122 2926; x_wconf 87' lang='lat' dir='ltr'><strong>haec</strong></span> 
     </span>
     <span class='ocr_line' id='line_1_88' title="bbox 1153 2943 2123 3026; baseline 0.001 -16"><span class='ocrx_word' id='word_1_610' title='bbox 1153 2965 1250 3010; x_wconf 90' lang='lat' dir='ltr'><strong>causa</strong></span> <span class='ocrx_word' id='word_1_611' title='bbox 1283 2955 1340 3018; x_wconf 86' lang='lat' dir='ltr'><strong>est,</strong></span> <span class='ocrx_word' id='word_1_612' title='bbox 1375 2943 1458 3025; x_wconf 87' lang='lat' dir='ltr'><strong>quod</strong></span> <span class='ocrx_word' id='word_1_613' title='bbox 1492 2943 1704 3025; x_wconf 83' lang='lat' dir='ltr'><strong>praevaricati</strong></span> <span class='ocrx_word' id='word_1_614' title='bbox 1736 2944 1813 3026; x_wconf 90' lang='lat' dir='ltr'><strong>sint,</strong></span> <span class='ocrx_word' id='word_1_615' title='bbox 1851 2965 1950 3024; x_wconf 91' lang='lat' dir='ltr'><strong>quum</strong></span> <span class='ocrx_word' id='word_1_616' title='bbox 1984 2945 2123 3011; x_wconf 87' lang='lat' dir='ltr'><strong>aliorum</strong></span> 
     </span>
     <span class='ocr_line' id='line_1_89' title="bbox 1154 3029 2121 3114; baseline 0.002 -21"><span class='ocrx_word' id='word_1_617' title='bbox 1154 3031 1299 3094; x_wconf 90' lang='lat' dir='ltr'><strong>doctores</strong></span> <span class='ocrx_word' id='word_1_618' title='bbox 1318 3050 1387 3094; x_wconf 86' lang='lat' dir='ltr'><strong>esse</strong></span> <span class='ocrx_word' id='word_1_619' title='bbox 1406 3029 1601 3094; x_wconf 88' lang='lat' dir='ltr'><strong>debuissent.</strong></span> <span class='ocrx_word' id='word_1_620' title='bbox 1633 3029 1699 3094; x_wconf 90' lang='lat' dir='ltr'><strong>Ubi</strong></span> <span class='ocrx_word' id='word_1_621' title='bbox 1716 3030 1752 3094; x_wconf 81' lang='lat' dir='ltr'><strong>ia</strong></span> <span class='ocrx_word' id='word_1_622' title='bbox 1769 3032 2004 3096; x_wconf 60' lang='lat' dir='ltr'><strong>wsemmioccm</strong></span> <span class='ocrx_word' id='word_1_623' title='bbox 2019 3032 2121 3114; x_wconf 90' lang='lat' dir='ltr'><strong>posui,</strong></span> 
     </span>
     <span class='ocr_line' id='line_1_90' title="bbox 1154 3114 2123 3197; baseline 0.003 -18"><span class='ocrx_word' id='word_1_624' title='bbox 1154 3135 1270 3179; x_wconf 91' lang='lat' dir='ltr'><strong>nomen</strong></span> <span class='ocrx_word' id='word_1_625' title='bbox 1294 3114 1479 3180; x_wconf 88' lang='lat' dir='ltr'><strong>hebraicum</strong></span> <span class='ocrx_word' id='word_1_626' title='bbox 1504 3126 1553 3180; x_wconf 91' lang='lat' dir='ltr'><strong>est</strong></span> <span class='ocrx_word' id='word_1_627' title='bbox 1575 3127 1658 3191; x_wconf 69' lang='lat' dir='ltr'><strong>otri,</strong></span> <span class='ocrx_word' id='word_1_628' title='bbox 1689 3114 1773 3197; x_wconf 93' lang='lat' dir='ltr'><strong>quod</strong></span> <span class='ocrx_word' id='word_1_629' title='bbox 1796 3115 1968 3195; x_wconf 87' lang='lat' dir='ltr'><strong>excidium,</strong></span> <span class='ocrx_word' id='word_1_630' title='bbox 1990 3117 2047 3180; x_wconf 91' lang='lat' dir='ltr'><strong>sed</strong></span> <span class='ocrx_word' id='word_1_631' title='bbox 2069 3138 2123 3182; x_wconf 92' lang='lat' dir='ltr'><strong>ex·</strong></span> 
     </span>
     <span class='ocr_line' id='line_1_91' title="bbox 1153 3201 2122 3283; baseline 0.001 -17"><span class='ocrx_word' id='word_1_632' title='bbox 1153 3201 1366 3266; x_wconf 89' lang='lat' dir='ltr'><strong>secretionem</strong></span> <span class='ocrx_word' id='word_1_633' title='bbox 1389 3222 1517 3283; x_wconf 88' lang='lat' dir='ltr'><strong>quoque</strong></span> <span class='ocrx_word' id='word_1_634' title='bbox 1538 3201 1717 3283; x_wconf 82' lang='lat' dir='ltr'><strong>significat:</strong></span> <span class='ocrx_word' id='word_1_635' title='bbox 1740 3214 1837 3283; x_wconf 88' lang='lat' dir='ltr'><strong>atque</strong></span> <span class='ocrx_word' id='word_1_636' title='bbox 1859 3202 1921 3265; x_wconf 92' lang='lat' dir='ltr'><strong>hoo</strong></span> <span class='ocrx_word' id='word_1_637' title='bbox 1942 3202 2122 3267; x_wconf 90' lang='lat' dir='ltr'><strong>secundum</strong></span> 
     </span>
     <span class='ocr_line' id='line_1_92' title="bbox 1153 3287 2124 3353; baseline 0.003 -3"><span class='ocrx_word' id='word_1_638' title='bbox 1153 3287 1269 3351; x_wconf 90' lang='lat' dir='ltr'><strong>melius</strong></span> <span class='ocrx_word' id='word_1_639' title='bbox 1293 3287 1369 3350; x_wconf 91' lang='lat' dir='ltr'><strong>huie</strong></span> <span class='ocrx_word' id='word_1_640' title='bbox 1398 3288 1466 3351; x_wconf 93' lang='lat' dir='ltr'><strong>loco</strong></span> <span class='ocrx_word' id='word_1_641' title='bbox 1494 3289 1668 3351; x_wconf 82' lang='lat' dir='ltr'><strong>convenire</strong></span> <span class='ocrx_word' id='word_1_642' title='bbox 1695 3287 1775 3351; x_wconf 92' lang='lat' dir='ltr'><strong>mihi</strong></span> <span class='ocrx_word' id='word_1_643' title='bbox 1799 3288 1905 3351; x_wconf 84' lang='lat' dir='ltr'><strong>visum</strong></span> <span class='ocrx_word' id='word_1_644' title='bbox 1935 3299 1992 3352; x_wconf 88' lang='lat' dir='ltr'><strong>est.</strong></span> <span class='ocrx_word' id='word_1_645' title='bbox 2037 3288 2124 3353; x_wconf 88' lang='lat' dir='ltr'><strong>Nam</strong></span> 
     </span>
     <span class='ocr_line' id='line_1_93' title="bbox 1153 3373 2123 3454; baseline 0.004 -19"><span class='ocrx_word' id='word_1_646' title='bbox 1153 3387 1264 3454; x_wconf 89' lang='lat' dir='ltr'><strong>postea</strong></span> <span class='ocrx_word' id='word_1_647' title='bbox 1286 3373 1441 3453; x_wconf 90' lang='lat' dir='ltr'><strong>seqnitur,</strong></span> <span class='ocrx_word' id='word_1_648' title='bbox 1464 3373 1497 3435; x_wconf 83' lang='lat' dir='ltr'><strong>ic</strong></span> <span class='ocrx_word' id='word_1_649' title='bbox 1521 3373 1701 3453; x_wconf 89' lang='lat' dir='ltr'><strong>opprobria.</strong></span> <span class='ocrx_word' id='word_1_650' title='bbox 1737 3373 1830 3437; x_wconf 90' lang='lat' dir='ltr'><strong>Haec</strong></span> <span class='ocrx_word' id='word_1_651' title='bbox 1845 3385 1951 3436; x_wconf 87' lang='lat' dir='ltr'><strong>autem</strong></span> <span class='ocrx_word' id='word_1_652' title='bbox 1969 3395 2009 3436; x_wconf 92' lang='lat' dir='ltr'><strong>ex</strong></span> <span class='ocrx_word' id='word_1_653' title='bbox 2030 3374 2123 3439; x_wconf 89' lang='lat' dir='ltr'><strong>Mose</strong></span> 
     </span>
     <span class='ocr_line' id='line_1_94' title="bbox 1153 3456 2124 3539; baseline -0.001 -16"><span class='ocrx_word' id='word_1_654' title='bbox 1153 3460 1321 3523; x_wconf 85' lang='lat' dir='ltr'><strong>mutuatur</strong></span> <span class='ocrx_word' id='word_1_655' title='bbox 1345 3458 1518 3539; x_wconf 91' lang='lat' dir='ltr'><strong>propheta:</strong></span> <span class='ocrx_word' id='word_1_656' title='bbox 1547 3458 1638 3522; x_wconf 91' lang='lat' dir='ltr'><strong>euius</strong></span> <span class='ocrx_word' id='word_1_657' title='bbox 1660 3456 1859 3522; x_wconf 90' lang='lat' dir='ltr'><strong>lineamenta</strong></span> <span class='ocrx_word' id='word_1_658' title='bbox 1881 3461 1927 3523; x_wconf 91' lang='lat' dir='ltr'><strong>sio</strong></span> <span class='ocrx_word' id='word_1_659' title='bbox 1959 3459 2057 3521; x_wconf 88' lang='lat' dir='ltr'><strong>refert</strong></span> <span class='ocrx_word' id='word_1_660' title='bbox 2087 3468 2124 3522; x_wconf 91' lang='lat' dir='ltr'><strong>ut</strong></span> 
     </span>
     <span class='ocr_line' id='line_1_95' title="bbox 1154 3542 2123 3626; baseline 0.004 -20"><span class='ocrx_word' id='word_1_661' title='bbox 1154 3545 1274 3626; x_wconf 87' lang='lat' dir='ltr'><strong>stylum</strong></span> <span class='ocrx_word' id='word_1_662' title='bbox 1294 3544 1395 3607; x_wconf 89' lang='lat' dir='ltr'><strong>Mosis</strong></span> <span class='ocrx_word' id='word_1_663' title='bbox 1417 3545 1450 3607; x_wconf 91' lang='lat' dir='ltr'><strong>in</strong></span> <span class='ocrx_word' id='word_1_664' title='bbox 1474 3544 1525 3607; x_wconf 89' lang='lat' dir='ltr'><strong>his</strong></span> <span class='ocrx_word' id='word_1_665' title='bbox 1544 3542 1652 3606; x_wconf 85' lang='lat' dir='ltr'><strong>verbis</strong></span> <span class='ocrx_word' id='word_1_666' title='bbox 1672 3543 1764 3606; x_wconf 84' lang='lat' dir='ltr'><strong>facile</strong></span> <span class='ocrx_word' id='word_1_667' title='bbox 1786 3545 1828 3605; x_wconf 92' lang='lat' dir='ltr'><strong>sit</strong></span> <span class='ocrx_word' id='word_1_668' title='bbox 1848 3562 2040 3624; x_wconf 88' lang='lat' dir='ltr'><strong>agnoscere:</strong></span> <span class='ocrx_word' id='word_1_669' title='bbox 2063 3565 2123 3610; x_wconf 90' lang='lat' dir='ltr'><strong>nec</strong></span> 
     </span>
     <span class='ocr_line' id='line_1_96' title="bbox 1153 3627 2122 3712; baseline 0.002 -20"><span class='ocrx_word' id='word_1_670' title='bbox 1153 3631 1328 3710; x_wconf 88' lang='lat' dir='ltr'><strong>quidquam</strong></span> <span class='ocrx_word' id='word_1_671' title='bbox 1352 3650 1470 3693; x_wconf 86' lang='lat' dir='ltr'><strong>novum</strong></span> <span class='ocrx_word' id='word_1_672' title='bbox 1495 3639 1551 3691; x_wconf 87' lang='lat' dir='ltr'><strong>out</strong></span> <span class='ocrx_word' id='word_1_673' title='bbox 1571 3627 1713 3691; x_wconf 88' lang='lat' dir='ltr'><strong>alienum</strong></span> <span class='ocrx_word' id='word_1_674' title='bbox 1746 3632 1880 3709; x_wconf 88' lang='lat' dir='ltr'><strong>proferri</strong></span> <span class='ocrx_word' id='word_1_675' title='bbox 1903 3650 1921 3691; x_wconf 90' lang='lat' dir='ltr'><strong>a</strong></span> <span class='ocrx_word' id='word_1_676' title='bbox 1945 3630 2122 3712; x_wconf 87' lang='lat' dir='ltr'><strong>prophetis.</strong></span> 
     </span>
     <span class='ocr_line' id='line_1_97' title="bbox 1155 3712 2124 3798; baseline 0 -18"><span class='ocrx_word' id='word_1_677' title='bbox 1155 3715 1210 3780; x_wconf 80' lang='lat' dir='ltr'><strong>Sic</strong></span> <span class='ocrx_word' id='word_1_678' title='bbox 1233 3715 1320 3777; x_wconf 93' lang='lat' dir='ltr'><strong>enim</strong></span> <span class='ocrx_word' id='word_1_679' title='bbox 1343 3714 1453 3778; x_wconf 87' lang='lat' dir='ltr'><strong>Moses</strong></span> <span class='ocrx_word' id='word_1_680' title='bbox 1475 3712 1586 3798; x_wconf 91' lang='lat' dir='ltr'><strong>(Dent.</strong></span> <span class='ocrx_word' id='word_1_681' title='bbox 1609 3712 1660 3787; x_wconf 81' lang='lat'><strong>28,</strong></span> <span class='ocrx_word' id='word_1_682' title='bbox 1682 3712 1751 3798; x_wconf 79' lang='lat'>37):</span> <span class='ocrx_word' id='word_1_683' title='bbox 1781 3714 1921 3796; x_wconf 84' lang='lat' dir='ltr'><strong>Erisque</strong></span> <span class='ocrx_word' id='word_1_684' title='bbox 1950 3717 1983 3778; x_wconf 93' lang='lat' dir='ltr'><strong>in</strong></span> <span class='ocrx_word' id='word_1_685' title='bbox 2013 3728 2124 3797; x_wconf 86' lang='lat' dir='ltr'><strong>stopo·</strong></span> 
     </span>
     <span class='ocr_line' id='line_1_98' title="bbox 1154 3799 2123 3883; baseline 0.004 -21"><span class='ocrx_word' id='word_1_686' title='bbox 1154 3821 1239 3878; x_wconf 92' lang='lat' dir='ltr'><strong>rem,</strong></span> <span class='ocrx_word' id='word_1_687' title='bbox 1272 3799 1473 3881; x_wconf 89' lang='lat' dir='ltr'><strong>parabolam,</strong></span> <span class='ocrx_word' id='word_1_688' title='bbox 1504 3810 1536 3861; x_wconf 93' lang='lat' dir='ltr'><strong>et</strong></span> <span class='ocrx_word' id='word_1_689' title='bbox 1569 3799 1708 3862; x_wconf 85' lang='lat' dir='ltr'><strong>fabulam</strong></span> <span class='ocrx_word' id='word_1_690' title='bbox 1742 3799 1892 3865; x_wconf 90' lang='lat' dir='ltr'><strong>omnibus</strong></span> <span class='ocrx_word' id='word_1_691' title='bbox 1927 3801 2053 3883; x_wconf 88' lang='lat' dir='ltr'><strong>populis</strong></span> <span class='ocrx_word' id='word_1_692' title='bbox 2082 3800 2123 3866; x_wconf 87' lang='lat' dir='ltr'><strong>ad</strong></span> 
     </span>
     <span class='ocr_line' id='line_1_99' title="bbox 1154 3884 2124 3967; baseline 0.003 -19"><span class='ocrx_word' id='word_1_693' title='bbox 1154 3907 1234 3967; x_wconf 91' lang='lat' dir='ltr'><strong>quos</strong></span> <span class='ocrx_word' id='word_1_694' title='bbox 1263 3896 1294 3948; x_wconf 90' lang='lat' dir='ltr'><strong>te</strong></span> <span class='ocrx_word' id='word_1_695' title='bbox 1322 3885 1451 3949; x_wconf 91' lang='lat' dir='ltr'><strong>duxerit</strong></span> <span class='ocrx_word' id='word_1_696' title='bbox 1480 3884 1650 3948; x_wconf 90' lang='lat' dir='ltr'><strong>Dominus.</strong></span> <span class='ocrx_word' id='word_1_697' title='bbox 1695 3884 1879 3950; x_wconf 90' lang='lat' dir='ltr'><strong>Denuntiat</strong></span> <span class='ocrx_word' id='word_1_698' title='bbox 1908 3908 1985 3967; x_wconf 89' lang='lat' dir='ltr'><strong>ergo</strong></span> <span class='ocrx_word' id='word_1_699' title='bbox 2015 3908 2049 3951; x_wconf 92' lang='lat' dir='ltr'><strong>se</strong></span> <span class='ocrx_word' id='word_1_700' title='bbox 2077 3889 2124 3951; x_wconf 88' lang='lat' dir='ltr'><strong>ita</strong></span> 
     </span>
     <span class='ocr_line' id='line_1_100' title="bbox 1155 3969 2124 4054; baseline 0.003 -20"><span class='ocrx_word' id='word_1_701' title='bbox 1155 3973 1351 4035; x_wconf 83' lang='lat' dir='ltr'><strong>afflicturum</strong></span> <span class='ocrx_word' id='word_1_702' title='bbox 1375 3969 1529 4051; x_wconf 90' lang='lat' dir='ltr'><strong>populum</strong></span> <span class='ocrx_word' id='word_1_703' title='bbox 1552 3980 1587 4034; x_wconf 91' lang='lat' dir='ltr'><strong>ut</strong></span> <span class='ocrx_word' id='word_1_704' title='bbox 1610 3969 1842 4035; x_wconf 88' lang='lat' dir='ltr'><strong>exsecrabilem</strong></span> <span class='ocrx_word' id='word_1_705' title='bbox 1873 3976 1978 4054; x_wconf 88' lang='lat' dir='ltr'><strong>ipsum</strong></span> <span class='ocrx_word' id='word_1_706' title='bbox 2009 3971 2124 4037; x_wconf 90' lang='lat' dir='ltr'><strong>reddat</strong></span> 
     </span>
     <span class='ocr_line' id='line_1_101' title="bbox 1155 4056 2122 4139; baseline 0.004 -20"><span class='ocrx_word' id='word_1_707' title='bbox 1155 4057 1319 4119; x_wconf 87' lang='lat' dir='ltr'><strong>omnibus:</strong></span> <span class='ocrx_word' id='word_1_708' title='bbox 1343 4066 1380 4118; x_wconf 92' lang='lat' dir='ltr'><strong>ut</strong></span> <span class='ocrx_word' id='word_1_709' title='bbox 1399 4056 1454 4137; x_wconf 92' lang='lat' dir='ltr'><strong>qui</strong></span> <span class='ocrx_word' id='word_1_710' title='bbox 1473 4057 1633 4121; x_wconf 88' lang='lat' dir='ltr'><strong>exsecrari</strong></span> <span class='ocrx_word' id='word_1_711' title='bbox 1649 4056 1735 4120; x_wconf 85' lang='lat' dir='ltr'><strong>volet</strong></span> <span class='ocrx_word' id='word_1_712' title='bbox 1757 4056 1864 4137; x_wconf 90' lang='lat' dir='ltr'><strong>ipsam</strong></span> <span class='ocrx_word' id='word_1_713' title='bbox 1888 4058 2029 4139; x_wconf 91' lang='lat' dir='ltr'><strong>exempli</strong></span> <span class='ocrx_word' id='word_1_714' title='bbox 2052 4058 2122 4123; x_wconf 92' lang='lat' dir='ltr'><strong>loeo</strong></span> 
     </span>
     <span class='ocr_line' id='line_1_102' title="bbox 1155 4141 2123 4221; baseline 0.002 -16"><span class='ocrx_word' id='word_1_715' title='bbox 1155 4141 1303 4221; x_wconf 88' lang='lat' dir='ltr'><strong>adducat,</strong></span> <span class='ocrx_word' id='word_1_716' title='bbox 1326 4143 1432 4221; x_wconf 90' lang='lat' dir='ltr'><strong>sitque</strong></span> <span class='ocrx_word' id='word_1_717' title='bbox 1455 4141 1593 4205; x_wconf 86' lang='lat' dir='ltr'><strong>formula</strong></span> <span class='ocrx_word' id='word_1_718' title='bbox 1622 4143 1866 4207; x_wconf 87' lang='lat' dir='ltr'><strong>exsecrationis:</strong></span> <span class='ocrx_word' id='word_1_719' title='bbox 1898 4144 1942 4206; x_wconf 92' lang='lat' dir='ltr'><strong>ita</strong></span> <span class='ocrx_word' id='word_1_720' title='bbox 1972 4142 2123 4208; x_wconf 88' lang='lat' dir='ltr'><strong>ludibriis</strong></span> 
     </span>
     <span class='ocr_line' id='line_1_103' title="bbox 1155 4226 2123 4310; baseline 0.004 -21"><span class='ocrx_word' id='word_1_721' title='bbox 1155 4226 1322 4290; x_wconf 91' lang='lat' dir='ltr'><strong>hominum</strong></span> <span class='ocrx_word' id='word_1_722' title='bbox 1345 4227 1579 4309; x_wconf 87' lang='lat' dir='ltr'><strong>expositurum,</strong></span> <span class='ocrx_word' id='word_1_723' title='bbox 1602 4240 1640 4290; x_wconf 92' lang='lat' dir='ltr'><strong>ut</strong></span> <span class='ocrx_word' id='word_1_724' title='bbox 1661 4230 1694 4290; x_wconf 93' lang='lat' dir='ltr'><strong>iu</strong></span> <span class='ocrx_word' id='word_1_725' title='bbox 1718 4247 1774 4292; x_wconf 90' lang='lat' dir='ltr'><strong>ore</strong></span> <span class='ocrx_word' id='word_1_726' title='bbox 1796 4228 1939 4292; x_wconf 92' lang='lat' dir='ltr'><strong>omnium</strong></span> <span class='ocrx_word' id='word_1_727' title='bbox 1963 4229 2017 4310; x_wconf 88' lang='lat' dir='ltr'><strong>qui</strong></span> <span class='ocrx_word' id='word_1_728' title='bbox 2041 4227 2123 4293; x_wconf 92' lang='lat' dir='ltr'><strong>deri·</strong></span> 
     </span>
     <span class='ocr_line' id='line_1_104' title="bbox 1155 4311 2122 4394; baseline 0.004 -20"><span class='ocrx_word' id='word_1_729' title='bbox 1155 4311 1230 4375; x_wconf 90' lang='lat' dir='ltr'><strong>dere</strong></span> <span class='ocrx_word' id='word_1_730' title='bbox 1253 4312 1364 4375; x_wconf 88' lang='lat' dir='ltr'><strong>volent</strong></span> <span class='ocrx_word' id='word_1_731' title='bbox 1384 4312 1428 4376; x_wconf 90' lang='lat' dir='ltr'><strong>sit</strong></span> <span class='ocrx_word' id='word_1_732' title='bbox 1451 4313 1519 4376; x_wconf 89' lang='lat' dir='ltr'><strong>loco</strong></span> <span class='ocrx_word' id='word_1_733' title='bbox 1541 4312 1713 4394; x_wconf 83' lang='lat' dir='ltr'><strong>proverbii.</strong></span> <span class='ocrx_word' id='word_1_734' title='bbox 1759 4312 2041 4391; x_wconf 77' lang='lat' dir='ltr'><strong>Quemadmodum</strong></span> <span class='ocrx_word' id='word_1_735' title='bbox 2064 4313 2122 4378; x_wconf 93' lang='lat' dir='ltr'><strong>ho·</strong></span> 
     </span>
     <span class='ocr_line' id='line_1_105' title="bbox 1154 4397 2122 4479; baseline 0.003 -19"><span class='ocrx_word' id='word_1_736' title='bbox 1154 4397 1205 4461; x_wconf 91' lang='lat' dir='ltr'><strong>die</strong></span> <span class='ocrx_word' id='word_1_737' title='bbox 1238 4398 1385 4462; x_wconf 82' lang='lat' dir='ltr'><strong>videmus</strong></span> <span class='ocrx_word' id='word_1_738' title='bbox 1419 4397 1532 4461; x_wconf 89' lang='lat' dir='ltr'><strong>Iudaei</strong></span> <span class='ocrx_word' id='word_1_739' title='bbox 1564 4417 1693 4474; x_wconf 84' lang='lat' dir='ltr'><strong>nomen,</strong></span> <span class='ocrx_word' id='word_1_740' title='bbox 1727 4400 1875 4479; x_wconf 87' lang='lat' dir='ltr'><strong>quamvis</strong></span> <span class='ocrx_word' id='word_1_741' title='bbox 1909 4400 2122 4465; x_wconf 90' lang='lat' dir='ltr'><strong>honorificum</strong></span> 
     </span>
     <span class='ocr_line' id='line_1_106' title="bbox 1153 4482 2121 4566; baseline 0.003 -20"><span class='ocrx_word' id='word_1_742' title='bbox 1153 4504 1211 4564; x_wconf 87' lang='lat' dir='ltr'><strong>per</strong></span> <span class='ocrx_word' id='word_1_743' title='bbox 1233 4504 1276 4560; x_wconf 92' lang='lat' dir='ltr'><strong>se,</strong></span> <span class='ocrx_word' id='word_1_744' title='bbox 1299 4493 1408 4546; x_wconf 87' lang='lat' dir='ltr'><strong>tamen</strong></span> <span class='ocrx_word' id='word_1_745' title='bbox 1431 4482 1538 4565; x_wconf 89' lang='lat' dir='ltr'><strong>probri</strong></span> <span class='ocrx_word' id='word_1_746' title='bbox 1557 4493 1653 4564; x_wconf 90' lang='lat' dir='ltr'><strong>etque</strong></span> <span class='ocrx_word' id='word_1_747' title='bbox 1671 4484 1868 4565; x_wconf 84' lang='lat' dir='ltr'><strong>ignominiae</strong></span> <span class='ocrx_word' id='word_1_748' title='bbox 1891 4483 2023 4566; x_wconf 90' lang='lat' dir='ltr'><strong>plenum</strong></span> <span class='ocrx_word' id='word_1_749' title='bbox 2042 4506 2121 4550; x_wconf 88' lang='lat' dir='ltr'><strong>esse.</strong></span> 
     </span>
     <span class='ocr_line' id='line_1_107' title="bbox 1154 4567 2121 4651; baseline 0.001 -19"><span class='ocrx_word' id='word_1_750' title='bbox 1154 4569 1296 4641; x_wconf 82' lang='lat' dir='ltr'><strong>Proinde</strong></span> <span class='ocrx_word' id='word_1_751' title='bbox 1326 4567 1489 4632; x_wconf 92' lang='lat' dir='ltr'><strong>horrenda</strong></span> <span class='ocrx_word' id='word_1_752' title='bbox 1509 4570 1573 4632; x_wconf 91' lang='lat' dir='ltr'><strong>ista</strong></span> <span class='ocrx_word' id='word_1_753' title='bbox 1595 4589 1652 4651; x_wconf 92' lang='lat' dir='ltr'><strong>per</strong></span> <span class='ocrx_word' id='word_1_754' title='bbox 1674 4568 1793 4632; x_wconf 88' lang='lat' dir='ltr'><strong>Isaiam</strong></span> <span class='ocrx_word' id='word_1_755' title='bbox 1816 4571 1959 4634; x_wconf 88' lang='lat' dir='ltr'><strong>minatus</strong></span> <span class='ocrx_word' id='word_1_756' title='bbox 1982 4579 2031 4633; x_wconf 90' lang='lat' dir='ltr'><strong>est</strong></span> <span class='ocrx_word' id='word_1_757' title='bbox 2053 4570 2121 4633; x_wconf 93' lang='lat' dir='ltr'><strong>Do·</strong></span> 
     </span>
     <span class='ocr_line' id='line_1_108' title="bbox 1154 4653 2122 4738; baseline 0.001 -21"><span class='ocrx_word' id='word_1_758' title='bbox 1154 4655 1270 4730; x_wconf 87' lang='lat' dir='ltr'><strong>minus,</strong></span> <span class='ocrx_word' id='word_1_759' title='bbox 1294 4659 1332 4718; x_wconf 86' lang='lat' dir='ltr'><strong>ut</strong></span> <span class='ocrx_word' id='word_1_760' title='bbox 1353 4653 1572 4736; x_wconf 87' lang='lat' dir='ltr'><strong>intelligerent</strong></span> <span class='ocrx_word' id='word_1_761' title='bbox 1600 4655 1678 4718; x_wconf 87' lang='lat' dir='ltr'><strong>satis</strong></span> <span class='ocrx_word' id='word_1_762' title='bbox 1700 4675 1799 4738; x_wconf 86' lang='lat' dir='ltr'><strong>grave</strong></span> <span class='ocrx_word' id='word_1_763' title='bbox 1828 4656 2019 4737; x_wconf 88' lang='lat' dir='ltr'><strong>supplicium</strong></span> <span class='ocrx_word' id='word_1_764' title='bbox 2043 4655 2122 4736; x_wconf 90' lang='lat' dir='ltr'><strong>ipsis</strong></span> 
     </span>
     <span class='ocr_line' id='line_1_109' title="bbox 1154 4739 2122 4823; baseline 0.002 -22"><span class='ocrx_word' id='word_1_765' title='bbox 1154 4760 1212 4821; x_wconf 93' lang='lat' dir='ltr'><strong>pro</strong></span> <span class='ocrx_word' id='word_1_766' title='bbox 1230 4739 1387 4804; x_wconf 88' lang='lat' dir='ltr'><strong>scelerum</strong></span> <span class='ocrx_word' id='word_1_767' title='bbox 1407 4739 1575 4802; x_wconf 89' lang='lat' dir='ltr'><strong>atrocitate</strong></span> <span class='ocrx_word' id='word_1_768' title='bbox 1593 4739 1730 4821; x_wconf 86' lang='lat' dir='ltr'><strong>irrogari</strong></span> <span class='ocrx_word' id='word_1_769' title='bbox 1749 4760 1815 4803; x_wconf 90' lang='lat' dir='ltr'><strong>non</strong></span> <span class='ocrx_word' id='word_1_770' title='bbox 1834 4760 1940 4821; x_wconf 90' lang='lat' dir='ltr'><strong>posse:</strong></span> <span class='ocrx_word' id='word_1_771' title='bbox 1964 4763 2003 4805; x_wconf 93' lang='lat' dir='ltr'><strong>ne</strong></span> <span class='ocrx_word' id='word_1_772' title='bbox 2022 4761 2122 4823; x_wconf 91' lang='lat' dir='ltr'><strong>quum</strong></span> 
     </span>
     <span class='ocr_line' id='line_1_110' title="bbox 1153 4824 2121 4908; baseline 0.001 -19"><span class='ocrx_word' id='word_1_773' title='bbox 1153 4827 1187 4889; x_wconf 91' lang='lat' dir='ltr'><strong>iu</strong></span> <span class='ocrx_word' id='word_1_774' title='bbox 1211 4826 1298 4907; x_wconf 88' lang='lat' dir='ltr'><strong>ipsos</strong></span> <span class='ocrx_word' id='word_1_775' title='bbox 1321 4824 1601 4900; x_wconf 88' lang='lat' dir='ltr'><strong>animadverteret,</strong></span> <span class='ocrx_word' id='word_1_776' title='bbox 1631 4835 1846 4906; x_wconf 87' lang='lat' dir='ltr'><strong>quererentur</strong></span> <span class='ocrx_word' id='word_1_777' title='bbox 1868 4848 1902 4889; x_wconf 90' lang='lat' dir='ltr'><strong>se</strong></span> <span class='ocrx_word' id='word_1_778' title='bbox 1925 4847 2042 4908; x_wconf 83' lang='lat' dir='ltr'><strong>graves</strong></span> <span class='ocrx_word' id='word_1_779' title='bbox 2073 4827 2121 4890; x_wconf 92' lang='lat' dir='ltr'><strong>ni·</strong></span> 
     </span>
     <span class='ocr_line' id='line_1_111' title="bbox 1154 4910 2124 4994; baseline 0.003 -20"><span class='ocrx_word' id='word_1_780' title='bbox 1154 4912 1254 4975; x_wconf 93' lang='lat' dir='ltr'><strong>mium</strong></span> <span class='ocrx_word' id='word_1_781' title='bbox 1278 4932 1398 4993; x_wconf 89' lang='lat' dir='ltr'><strong>poenas</strong></span> <span class='ocrx_word' id='word_1_782' title='bbox 1420 4910 1590 4986; x_wconf 85' lang='lat' dir='ltr'><strong>sustinere,</strong></span> <span class='ocrx_word' id='word_1_783' title='bbox 1621 4931 1702 4975; x_wconf 89' lang='lat' dir='ltr'><strong>nove</strong></span> <span class='ocrx_word' id='word_1_784' title='bbox 1725 4911 1861 4974; x_wconf 93' lang='lat' dir='ltr'><strong>nimium</strong></span> <span class='ocrx_word' id='word_1_785' title='bbox 1889 4911 2020 4976; x_wconf 88' lang='lat' dir='ltr'><strong>acerbas</strong></span> <span class='ocrx_word' id='word_1_786' title='bbox 2050 4932 2124 4994; x_wconf 89' lang='lat' dir='ltr'><strong>pro·</strong></span> 
     </span>
     <span class='ocr_line' id='line_1_112' title="bbox 1156 4996 1907 5078; baseline 0.001 -19"><span class='ocrx_word' id='word_1_787' title='bbox 1156 4997 1272 5078; x_wconf 90' lang='lat' dir='ltr'><strong>phetae</strong></span> <span class='ocrx_word' id='word_1_788' title='bbox 1295 4996 1562 5078; x_wconf 86' lang='lat' dir='ltr'><strong>reprehensiones</strong></span> <span class='ocrx_word' id='word_1_789' title='bbox 1584 5016 1653 5061; x_wconf 90' lang='lat' dir='ltr'><strong>esse</strong></span> <span class='ocrx_word' id='word_1_790' title='bbox 1675 4997 1907 5062; x_wconf 89' lang='lat' dir='ltr'><strong>existimarent.</strong></span> 
     </span>
    </p>
   </div>
   <div class='ocr_carea' id='block_1_6' title="bbox 0 0 2397 5970">
    <p class='ocr_par' dir='ltr' id='par_1_8' title="bbox 0 0 2397 5970">
     <span class='ocr_line' id='line_1_113' title="bbox 0 0 2397 5970; baseline 0 0"><span class='ocrx_word' id='word_1_791' title='bbox 0 0 2397 5970; x_wconf 95' lang='lat' dir='ltr'><strong> </strong></span> 
     </span>
    </p>
   </div>
  </div>
 </body>
</html>
