4784 5970
198 357 259 424 117
1036 353 1186 422 OAPuu
1207 354 1334 421 XLIV.
2121 358 2183 426 118

197 545 288 611 dium
318 545 506 623 insectator,
535 563 633 628 quum
662 541 745 610 nihil
773 542 995 610 detestabilius
1022 541 1085 608 dici
1107 547 1164 607 aut
1215 540 1320 606 titudo
1343 540 1513 607 bominum
1536 557 1569 607 et
1590 545 1795 610 contumacia
1816 544 1851 609 in
1874 543 2001 613 Deum:
2034 547 2186 630 quemad·

197 632 333 716 cogitari
355 632 465 714 possit
1214 627 1347 692 modum
1370 628 1450 692 satis
1480 626 1571 693 dccet
1593 628 1716 695 Paulus
1739 629 1879 695 Roman.
1902 628 1945 780 q,
1968 629 2033 717 28),
2059 632 2183 699 Eorum

284 715 333 782 18.
365 715 578 800 (Neaerae,
613 734 668 780 ccc
698 712 935 798 lambam.)
992 711 1165 779 Concludit
1215 714 1301 776 enim
1325 711 1411 777 iusta
1433 733 1536 794 poena
1558 716 1741 782 excaecatio
1763 723 1820 781 est.
1865 715 1907 780 Ni
1933 715 1954 780 il
1985 737 2063 802 ergo
2085 738 2184 785 excu-

199 802 269 868 lieri
293 820 356 867 non
378 821 474 884 posse
496 811 533 865 ut
554 799 704 866 homines
726 802 854 865 ratione
876 798 1012 882 praediti
1035 799 1079 863 ita
1093 797 1163 863 bal·
1214 797 1351 881 sationis
1374 797 1494 863 habent
1516 799 1673 880 homines,
1694 801 1820 868 etiamsi
1835 801 2053 884 ignorantiam
2069 803 2184 870 obten-

198 888 431 965 lucinarentur,
455 886 518 951 nisi
540 887 626 951 caeci
649 906 779 969 prorsus
797 905 834 951 ac
852 882 1027 951 dementati
1046 891 1163 949 essent.
1215 883 1304 947 dant.
1348 882 1526 966 Nunquam
1549 885 1636 950 enim
1660 896 1726 950 tam
1748 887 1866 952 crassis
1893 889 2056 954 erroribus
2077 889 2184 973 impli-

200 971 237 1040 Si
259 994 322 1056 qua
343 973 431 1037 euim
453 974 538 1038 mica
560 972 696 1036 rationis
717 971 758 1035 iis
778 971 903 1053 reliqua
925 979 1019 1050 esset,
1040 971 1165 1052 perspi·
1215 975 1383 1045 careatur,
1428 969 1490 1032 nisi
1523 980 1632 1034 essent
1664 970 1705 1037 ob
1741 971 1864 1037 scelera
1897 970 1957 1037 sna
1990 994 2010 1039 a
2042 973 2183 1041 Domino

198 1068 307 1124 carent
334 1078 429 1141 quam
459 1056 636 1123 absurdum
665 1075 703 1120 ac
733 1056 906 1121 ridiculum
940 1058 998 1133 ait,
1031 1055 1166 1119 adorare
1215 1055 1388 1119 excaecati.
1444 1054 1667 1121 certissimum
1702 1067 1811 1122 autam
1845 1062 2075 1141 argumentum
2110 1059 2183 1126 duci

198 1158 323 1227 partem
346 1144 415 1209 eius
437 1141 519 1225 ligni
541 1141 626 1224 qnod
649 1142 894 1208 combusserunt
913 1142 985 1224 ipsi,
1008 1150 1041 1206 et
1062 1140 1165 1206 oculis
1215 1148 1322 1220 potest
1350 1159 1371 1202 a
1397 1139 1525 1205 iudiciis
1548 1138 1611 1206 Dei
1644 1140 1685 1207 ad
1718 1141 1840 1208 scelera
1872 1143 2061 1209 hominum:
2093 1145 2184 1212 Deus

197 1231 264 1295 suis
293 1228 449 1294 viderunt
477 1227 625 1293 consumi
653 1235 687 1292 et
715 1227 817 1311 redigi
851 1229 885 1291 in
918 1227 1052 1291 cineres.
1097 1223 1163 1291 Sed
1215 1225 1303 1288 enim
1324 1224 1430 1290 iustus
1452 1234 1511 1304 eet,
1541 1246 1600 1291 neo
1621 1227 1693 1291 sine
1715 1227 1801 1292 iusta
1822 1247 1921 1312 cauea
1941 1230 1976 1292 in
1999 1231 2184 1313 quempiam

197 1335 297 1398 quum
319 1313 402 1378 nihil
424 1312 706 1391 animadvertunt,
739 1333 799 1377 uec
821 1312 904 1377 ullas
934 1313 1076 1376 rationes
1105 1331 1162 1375 au·
1215 1309 1462 1375 animadvertit:
1497 1328 1602 1393 neque
1630 1312 1811 1393 hominem,
1845 1314 1907 1379 nisi
1941 1327 2121 1380 morantem
2150 1323 2184 1381 et

197 1401 300 1481 diunt,
323 1398 498 1463 ostendunt
519 1398 661 1480 profecto
679 1419 713 1463 se
730 1397 764 1460 in
783 1397 923 1479 pecudes
941 1396 1161 1480 degenerasse.
1214 1404 1330 1476 sponte
1356 1396 1464 1460 oculos
1496 1396 1556 1460 sibi
1590 1398 1828 1475 obstruentem,
1861 1409 2022 1465 excaecat:
2066 1400 2184 1483 Itaque

196 1484 403 1550 Tantundem
426 1485 512 1549 enim
535 1485 620 1548 valet
641 1483 727 1547 istud
751 1485 876 1548 nescire
903 1481 987 1565 quod
1018 1481 1083 1546 illis
1105 1502 1161 1546 ex·
1214 1481 1309 1563 culpa
1328 1482 1360 1544 in
1384 1482 1461 1546 solis
1484 1481 1667 1548 homiuibus
1691 1484 1813 1565 haeret,
1835 1485 1891 1567 qui
1914 1486 2102 1551 caecitatem
2120 1485 2183 1551 sibi

195 1570 327 1654 probrat
357 1570 478 1645 Isaiae,
511 1588 549 1634 ac
582 1570 609 1634 si
642 1568 765 1634 diceret
798 1578 906 1632 mente
938 1589 1008 1633 esse
1040 1579 1161 1648 captos,
1214 1586 1273 1630 sua
1295 1578 1412 1649 sponte
1434 1566 1669 1633 accersierunt:
1704 1589 1763 1634 nec
1785 1568 1920 1634 dubium
1947 1580 1998 1635 est
2019 1572 2098 1653 quin
2119 1571 2184 1638 huc

163 1732 165 1738 A
196 1657 349 1738 omnique
371 1655 589 1738 intelligentia
610 1655 763 1736 privatos.
807 1653 882 1718 Ititsi
904 1663 1011 1717 autem
1040 1652 1161 1734 pleros·
1214 1649 1327 1715 tendat
1348 1653 1526 1734 propbetas
1548 1654 1734 1728 consilium,
1763 1653 1912 1721 homines
1944 1657 1998 1738 qui
2028 1655 2184 1723 divinitus

195 1763 257 1825 que
278 1741 373 1807 valde
395 1749 505 1806 acutos
535 1760 572 1806 aa
598 1740 799 1821 perspicaces
827 1739 925 1803 fuisse
954 1747 1077 1803 certum
1103 1747 1160 1821 est,
1214 1737 1347 1819 regendi
1371 1748 1484 1817 erant,
1518 1747 1554 1801 ιιι
1577 1739 1770 1805 naturaliter
1799 1741 1938 1823 praediti
1969 1749 2048 1806 sunt
2078 1741 2185 1825 aliquo

196 1827 256 1892 hac
289 1838 398 1892 tamen
425 1827 461 1889 in
487 1834 579 1907 parte
613 1824 708 1889 bruta
740 1844 851 1889 eorum
885 1823 1051 1889 insulsitas
1083 1825 1161 1888 satis
1214 1822 1348 1904 iudicio,
1383 1823 1552 1889 derelictos
1575 1844 1645 1890 esse
1674 1836 1809 1909 apatre
1837 1825 2016 1904 luminum,
2051 1836 2090 1891 ut
2118 1829 2185 1893 sint

196 1933 356 1995 superque
377 1912 524 1977 convicta
547 1910 616 1974 fuit.
661 1909 757 1974 Ratio
786 1929 868 1992 quae
896 1910 1067 1974 subiicitur
1097 1931 1162 1973 non
1215 1904 1358 1972 Satanae
1382 1909 1552 1991 mancipia.

195 1996 235 2064 ad
256 1995 498 2063 extenuandam
521 1996 649 2077 culpam
668 2004 801 2077 spectat,
823 1993 879 2060 sed
894 1995 1048 2059 admonet
1066 2015 1161 2076 quam
1300 1993 1351 2058 19.
1374 1991 1461 2079 (Noc
1481 1995 1563 2059 redit
1583 1997 1626 2062 ad
1646 2017 1699 2061 cor
1719 1997 1835 2076 saum.)
1871 1996 2051 2062 Confirmat
2073 1998 2184 2081 proxi·

196 2081 383 2149 detestabile
404 2082 448 2146 sit
469 2081 669 2164 prodigium:
702 2083 776 2163 quia
806 2101 974 2162 nunquam
1003 2081 1050 2144 ita
1080 2078 1162 2144 desi·
1215 2098 1302 2142 mam
1341 2081 1552 2157 seutentiam,
1601 2089 1635 2146 et
1673 2102 1784 2147 omues
1824 2084 2042 2148 excusationis
2087 2102 2185 2150 ausas

196 2180 310 2253 perant
343 2167 506 2243 homines,
540 2166 603 2230 nisi
636 2165 766 2230 coelesti
795 2165 939 2231 vindicta
965 2165 1099 2249 proiecti
1127 2168 1163 2228 in
1214 2163 1430 2246 praescindit:
1465 2167 1540 2247 quia
1562 2178 1676 2248 sponte
1698 2168 1915 2250 ignorantiam
1939 2188 2030 2233 suam
2053 2168 2185 2233 foveant

196 2274 327 2320 sensum
360 2253 542 2335 reprobum.
589 2250 700 2333 Aliqui
732 2250 784 2316 hic
813 2250 1012 2317 subaudiunt
1040 2251 1161 2315 Deum:
1215 2248 1384 2314 increduli.
1430 2249 1514 2315 Nam
1538 2251 1623 2334 quod
1646 2252 1841 2317 naturaliter
1871 2253 2019 2318 homines
2047 2255 2184 2320 circum·

197 2340 251 2404 alii
270 2337 578 2422 pseudoprophetas,
601 2346 698 2419 atque
715 2335 750 2400 hi
768 2337 923 2421 populum
942 2356 1073 2402 caccum
1092 2356 1163 2400 esse
1215 2335 1316 2418 specti
1337 2344 1416 2400 sunt
1438 2355 1475 2401 ao
1496 2336 1623 2418 providi
1653 2339 1684 2402 in
1718 2339 1855 2403 terrenis
1881 2340 2030 2422 negotiis,
2064 2339 2100 2403 in
2122 2338 2186 2403 Dei

197 2427 304 2501 aiunt,
338 2423 424 2506 quod
452 2422 786 2505 apseudoprcphetis
815 2422 966 2487 seductus
994 2424 1053 2486 sit:
1088 2423 1163 2503 quia
1215 2420 1427 2485 cultuautem
1451 2442 1583 2504 prorsus
1605 2424 1800 2503 caecutiunt,
1823 2444 1888 2487 non
1910 2424 2040 2489 aliunde
2062 2424 2102 2489 fit
2122 2425 2186 2491 nisi

197 2511 259 2575 nisi
281 2530 391 2574 eorum
415 2509 603 2590 imposturis
626 2508 757 2573 delusus
779 2528 945 2591 nunquam
973 2516 1040 2571 tam
1062 2506 1162 2571 foedis
1216 2507 1290 2587 quia
1312 2504 1353 2569 ad
1376 2507 1520 2589 privatas
1542 2529 1619 2574 suas
1641 2508 1799 2574 utilitates
1821 2511 1899 2573 satis
1922 2529 2083 2592 superque
2109 2516 2186 2575 sunt

196 2593 360 2662 erroribus
391 2614 427 2658 se
457 2594 680 2677 immergeret:
719 2592 838 2673 impiae
878 2593 966 2656 enim
999 2591 1163 2658 doctrinae
1215 2591 1348 2655 attenti:
1371 2593 1462 2674 regni
1485 2601 1593 2657 autem
1616 2594 1762 2659 coelestis
1785 2614 1848 2659 non
1872 2614 1991 2678 magna
2014 2615 2091 2660 cura
2115 2604 2185 2658 tan·

196 2681 305 2747 oeulos
326 2679 561 2763 perstringunt.
596 2677 664 2742 Alii
686 2678 848 2759 accipiunt
870 2678 904 2740 in
927 2686 1040 2743 neutra
1062 2677 1163 2760 signi·
1215 2687 1346 2758 guntur.
1380 2676 1572 2759 Neglectum
1597 2679 1728 2761 pietatis
1751 2679 1826 2743 hinc
1850 2681 1997 2762 coarguit
2015 2680 2185 2761 propheta,

198 2767 356 2832 ficatione.
400 2765 516 2829 Posset
538 2763 634 2828 etiam
665 2763 705 2826 ad
735 2761 898 2828 diabolum
928 2763 1051 2827 referri.
1096 2761 1162 2827 Sed
1214 2759 1299 2843 quod
1323 2780 1383 2826 nec
1406 2773 1479 2843 post
1508 2761 1621 2845 longos
1649 2763 1777 2845 quidem
1805 2764 1960 2830 circuitus
1987 2785 2098 2830 secum
2128 2785 2185 2829 ex·

198 2855 349 2935 quoniam
372 2849 499 2913 diversa
521 2848 678 2932 expositio
696 2848 800 2931 magis
818 2847 939 2912 usitata
956 2857 1005 2912 est
1023 2847 1162 2930 scriptu·
1215 2845 1361 2928 pendant
1382 2846 1549 2924 increduli,
1573 2869 1613 2913 an
1632 2859 1752 2914 rectam
1772 2848 1859 2914 viam
1876 2859 2019 2927 teneant,
2042 2871 2083 2914 an
2106 2868 2185 2915 vero

197 2939 257 3016 ris,
287 2957 346 3020 ego
368 2933 476 3016 potius
498 2955 567 2997 eam
599 2952 731 3014 sequor,
761 2932 869 2998 Deum
898 2931 1048 2999 videlicet
1075 2933 1162 3015 ipsos
1214 2933 1336 2996 frustra
1366 2950 1400 2997 se
1428 2932 1567 3016 fatigent
1593 2935 1627 2997 in
1657 2933 1820 3015 perversis
1850 2935 2022 3000 erroribus.
2067 2935 2185 3002 Socor-

197 3020 423 3089 iustoiudicio
451 3038 656 3084 excaecasse:
689 3019 750 3083 nisi
784 3019 855 3102 quis
889 3019 980 3083 malit
1013 3016 1052 3083 de
1084 3018 1163 3101 ipsis
1216 3017 1300 3081 diam
1324 3016 1454 3100 quidem
1477 3019 1612 3085 minime
1634 3017 1854 3085 excusabilem
1868 3040 1938 3085 esse
1961 3019 2064 3104 dccet,
2086 3040 2186 3104 quum

198 3109 358 3190 accipere,
398 3104 483 3187 quod
516 3117 630 3186 sponte
662 3113 694 3169 et
725 3113 852 3169 mentes
884 3114 916 3169 et
953 3102 1062 3169 oculos
1102 3102 1163 3168 sibi
1215 3103 1262 3167 ita
1283 3103 1567 3185 superstitionibus
1586 3105 1654 3169 suis
1674 3104 1854 3188 indulgent.
1888 3106 1972 3171 Nam
1992 3107 2019 3172 si
2038 3108 2185 3172 animum

199 3193 429 3277 perstringant.
484 3190 594 3273 Atque
626 3195 706 3254 tuuc
739 3189 865 3254 numeri
902 3190 1037 3253 mutatio
1069 3198 1163 3266 asset,
1215 3188 1382 3270 paulisper
1410 3188 1586 3255 adiicerent
1613 3189 1654 3255 ad
1684 3211 1753 3254 rem
1784 3190 2068 3271 considerandam,
2102 3193 2186 3257 nihil

199 3299 282 3361 quae
304 3299 369 3342 non
391 3275 579 3357 infrequens
608 3286 657 3340 est
678 3273 849 3340 Hebraeis.
892 3273 1065 3340 (laetarum
1095 3274 1163 3338 dixi
1215 3273 1343 3339 facilius
1364 3285 1450 3339 esset
1467 3294 1563 3356 quam
1582 3296 1725 3340 craesum
1750 3275 1842 3341 illum
1861 3287 2022 3360 stuporem
2042 3277 2186 3343 animad-

199 3364 274 3447 quid
300 3362 380 3427 mibi
409 3362 514 3445 magis
539 3361 679 3443 placeat:
713 3369 745 3425 et
773 3360 853 3425 satis
883 3361 994 3424 tritum
1025 3372 1073 3425 est
1096 3359 1163 3425 He·
1218 3371 1357 3424 vertere:
1392 3380 1493 3442 quum
1526 3381 1591 3425 non
1627 3361 1774 3433 videant,
1809 3363 1958 3443 sequitur
1986 3364 2073 3445 ipsos
2102 3364 2185 3429 velle

199 3450 320 3526 braeis,
353 3447 409 3512 ubi
432 3447 470 3511 lit
492 3447 554 3510 Dei
577 3448 714 3521 mentio,
748 3445 818 3510 eius
847 3464 965 3508 nomen
995 3446 1163 3511 subticere.
1216 3443 1328 3526 decipi,
1352 3455 1448 3526 atqua
1469 3443 1529 3510 eibi
1553 3447 1587 3509 in
1610 3467 1719 3511 errore
1741 3466 1801 3512 suo
1820 3447 1956 3529 placere.
1990 3448 2089 3512 Nulla
2107 3469 2184 3532 ergo

200 3533 367 3616 Quomodo
390 3551 467 3597 vero
488 3531 581 3597 Deus
603 3551 790 3608 excaecare,
819 3542 914 3613 atque
935 3530 967 3593 in
991 3533 1163 3612 reprobum
1217 3531 1493 3613 tergiversatione,
1516 3531 1606 3595 nullo
1630 3541 1800 3614 praetextu
1823 3553 1857 3596 se
1879 3554 1899 3596 a
1920 3540 2011 3597 reatu
2030 3535 2185 3612 eximent,

199 3641 331 3686 sensum
353 3618 480 3683 tradere
503 3617 643 3692 dicatur,
673 3625 762 3698 patet
792 3636 833 3680 ex
862 3617 963 3679 variis
984 3615 1165 3698 scripturae
1216 3637 1276 3681 uec
1309 3615 1526 3697 ignorantiam
1560 3615 1733 3681 obtendere
1767 3627 1936 3698 poterunt,
1968 3620 2120 3698 quoniam
2144 3618 2184 3684 ad

197 3705 294 3770 locis:
327 3724 458 3786 nempe,
488 3723 587 3784 quum
610 3701 714 3766 lucem
736 3702 870 3784 spiritus
898 3701 948 3764 sui
980 3702 1102 3778 aufert,
1133 3712 1165 3764 ot
1216 3700 1364 3765 veritatis
1381 3700 1594 3783 inquirendae
1612 3701 1756 3765 studium
1777 3702 1922 3766 animum
1941 3704 2103 3786 applicare
2118 3724 2185 3770 oon

199 3790 311 3854 fraena
343 3790 433 3853 laxat
463 3787 630 3852 hominum
664 3786 805 3862 libidini,
838 3793 877 3850 ut
906 3785 997 3850 nulla
1026 3782 1165 3868 amplius
1216 3785 1403 3867 dignantur.
1450 3785 1566 3851 Redire
1587 3787 1630 3851 od
1650 3807 1702 3852 cer
1724 3787 1840 3870 accipit
1867 3808 1925 3871 pro
1953 3799 2105 3872 reputare
2134 3811 2185 3855 se·

198 3876 325 3939 ratione
356 3871 501 3939 cohiberi
533 3875 666 3956 possint.
712 3872 869 3937 Satanam
902 3892 1029 3954 quoque
1061 3880 1165 3935 armat
1216 3891 1289 3936 cum
1313 3882 1346 3934 et
1367 3869 1543 3935 attendere.
1590 3872 1692 3936 Nemo
1714 3874 1799 3937 cuim
1823 3893 1904 3955 puer
1926 3884 1991 3938 tam
2015 3876 2104 3940 rudis
2127 3886 2184 3957 est,

199 3961 340 4026 efficacia
361 3958 495 4032 erroris,
526 3969 562 4022 ut
584 3978 687 4040 neque
709 3956 749 4020 ab
771 3957 841 4022 eius
863 3956 989 4022 insidiis
1017 3965 1164 4034 caveant,
1216 3958 1270 4038 qui
1294 3976 1360 4021 non
1383 3955 1519 4021 idoneus
1541 3957 1640 4022 iudex
1662 3957 1794 4022 futurus
1812 3961 1855 4022 sit
1877 3967 1944 4023 tam
1966 3961 2107 4043 insignis
2129 3961 2183 4028 de·

199 4056 231 4111 et
253 4045 386 4110 fallaciis
409 4043 539 4108 obnoxii
561 4044 627 4108 sint
649 4044 703 4124 qui
727 4053 919 4107 recusarunt
949 4041 1078 4106 veritati
1109 4063 1164 4124 pa·
1216 4044 1364 4106 mantiae.
1427 4042 1497 4107 Sibi
1536 4043 1638 4125 igitur
1676 4044 1772 4108 nimis
1809 4044 1972 4110 licentiose
2013 4045 2184 4131 indulgent

198 4153 281 4198 rere.
315 4130 401 4212 Quid
425 4130 512 4194 enim
535 4139 614 4192 tuuc
632 4129 667 4191 in
683 4127 950 4209 nobisreliquum
966 4149 1035 4193 esse
1051 4137 1164 4210 potest,
1216 4128 1443 4210 superstitiosi,
1467 4146 1525 4193 nec
1546 4129 1685 4210 simplici
1708 4131 1892 4212 ignorantia
1914 4130 2077 4196 labuntur.
2118 4133 2182 4198 Ne·

198 4228 328 4302 praeter
343 4216 552 4281 densissimas
568 4212 716 4278 tenebras
731 4222 764 4278 et
779 4233 920 4279 crassam
938 4214 1164 4295 ignorantiam,
1216 4233 1277 4294 que
1300 4214 1360 4278 hoc
1380 4214 1495 4277 vitium
1518 4213 1641 4294 primae
1664 4213 1804 4279 hominis
1826 4218 2025 4298 corruptioni
2044 4226 2183 4301 tantum,

198 4314 234 4367 ut
256 4305 345 4368 intas
367 4312 400 4364 et
420 4310 514 4365 extra
536 4309 703 4383 grassetur
725 4318 783 4380 pro
805 4318 865 4364 aua
890 4298 1023 4363 libidine
1053 4311 1163 4381 tyran·
1216 4298 1271 4362 sed
1295 4298 1494 4379 pervicaciae
1516 4299 1742 4380 imputandum
1767 4309 1825 4365 est.

199 4409 262 4452 nus
289 4387 344 4453 ille
373 4384 533 4451 mendacii
562 4394 594 4447 at
626 4384 832 4448 tenebrarum
866 4383 982 4466 pater?
1021 4385 1097 4465 quia
1129 4385 1163 4448 in
1299 4383 1350 4448 20.
1375 4383 1499 4467 (Pascit
1519 4384 1671 4464 eneam.)
1703 4384 1775 4448 Hoc
1797 4386 1894 4450 etiam
1919 4407 2014 4452 versu
2037 4388 2183 4470 superior

199 4474 293 4538 nobis
327 4493 392 4536 non
425 4471 521 4535 modo
556 4468 645 4534 nulla
678 4469 858 4552 reperietur
895 4468 976 4534 lucis
1012 4468 1163 4549 scintilla,
1214 4470 1376 4533 sententia
1405 4471 1625 4534 confirmatur.
1681 4469 1819 4536 Poscere
1848 4473 1988 4537 cinerem
2020 4474 2105 4538 idem
2134 4481 2183 4539 est

200 4578 283 4641 quae
318 4557 438 4621 erroris
475 4555 610 4620 nebulas
641 4555 808 4629 discutiat,
842 4553 898 4618 aed
926 4556 1041 4636 spiritu
1065 4557 1164 4620 verti·
1215 4555 1300 4636 quod
1324 4554 1411 4637 pasci
1433 4557 1559 4621 cinere:
1595 4554 1866 4637 quemadmodum
1896 4578 2027 4639 pascere
2048 4569 2180 4623 ventum

201 4643 304 4730 ginis,
338 4662 402 4724 quo
419 4643 509 4706 Dens
531 4642 684 4723 reprobos
711 4639 868 4722 percutit,
902 4640 1032 4722 impulsi
1060 4639 1164 4722 prodi·
1214 4660 1272 4721 pro
1294 4641 1383 4722 pasci
1402 4653 1507 4706 vento.
1552 4640 1736 4722 Utrumque
1766 4642 1853 4706 enim
1884 4642 2018 4707 dicitur:
2050 4646 2134 4708 sicut
2163 4666 2181 4708 e

200 4730 326 4814 gicsm
350 4729 383 4791 in
406 4747 527 4790 morem
551 4726 692 4791 feremur
714 4725 754 4789 ad
776 4736 894 4789 nutum
910 4725 1060 4791 Satanae.
1095 4727 1164 4792 Nec
1214 4745 1377 4805 converso,
1400 4746 1510 4807 pasces
1532 4726 1717 4807 veritatem,
1740 4746 1799 4808 pro
1817 4728 1959 4810 pasceris
1978 4730 2124 4805 varitate,
2148 4729 2180 4793 id

199 4835 278 4880 vero
300 4813 395 4896 culpa
417 4810 513 4875 huius
536 4812 698 4875 caecitatis
720 4812 754 4875 in
777 4810 885 4875 Deum
908 4810 1081 4876 reiioienda
1103 4822 1161 4877 est.
1214 4821 1278 4886 est,
1319 4811 1487 4876 satiaberis
1521 4811 1652 4875 Psalmo
1686 4812 1853 4895 trigesimo
1890 4814 2028 4896 septimo
2062 4812 2107 4897 (v.
2138 4813 2180 4901 3).

201 4899 338 4982 Semper
368 4898 456 4962 anim
487 4898 604 4961 iustam
637 4897 734 4961 babet
766 4916 912 4974 causam,
945 4899 1073 4960 tametsi
1096 4919 1162 4961 non
1213 4897 1280 4961 Alii
1309 4908 1494 4978 exponunt:
1531 4895 1784 4962 Administrabis
1814 4897 1966 4981 pabulum
1997 4899 2181 4980 spirituale:

200 5005 328 5067 semper
349 4982 451 5049 oculis
475 4981 595 5046 nostris
616 4994 738 5063 pateat:
763 5002 822 5046 nec
837 4991 885 5045 cst
906 5000 965 5045 our
980 4984 1163 5047 aamanxie
1214 4982 1277 5059 alii,
1301 4982 1459 5047 Fideliter
1482 5001 1608 5063 pasees:
1632 4982 1686 5046 scd
1710 4984 1850 5066 priorem
1874 4985 1962 5048 illam
1985 4984 2180 5067 interprata·
2263 5010 2266 5031 ·

200 5071 419 5152 inquiramus,
442 5077 474 5132 et
504 5067 536 5130 in
565 5087 719 5132 arcanum
755 5067 842 5131 illius
874 5066 1043 5131 consilium
1067 5088 1162 5148 pene·
1213 5068 1335 5131 tionem
1358 5068 1448 5149 sequi
1475 5067 1570 5130 malo.
1615 5066 1678 5132 Hic
1708 5079 1814 5133 autam
1842 5070 2003 5152 significat
2033 5069 2180 5137 homines

201 5164 333 5236 tremus,
356 5155 419 5218 nisi
434 5172 554 5235 poenas
570 5152 646 5216 dare
663 5154 945 5217 velimusncstrae
961 5154 1161 5218 temeritatis.
1214 5153 1342 5234 quidem
1379 5154 1505 5217 inflatos
1536 5173 1605 5216 ease
1635 5163 1667 5216 et
1691 5153 1850 5218 tumidos:
1882 5153 1936 5217 sed
1969 5154 2179 5223 nihilominus

201 5241 340 5325 Saepius
362 5260 440 5304 vero
462 5239 647 5304 notissimae
668 5243 748 5303 sunt
769 5259 901 5304 causae:
924 5258 1039 5319 nempe
1054 5240 1162 5321 ingra-
1212 5239 1327 5303 inanes
1350 5249 1381 5303 et
1403 5258 1522 5302 vacuos
1544 5256 1629 5301 esse:
1652 5241 1802 5319 quoniam
1825 5240 1931 5304 referti
1956 5250 2080 5307 tantum
2104 5254 2180 5309 sunt

1942 5341 1976 5396 8*
