4784 5970
192 336 232 402 51
825 382 830 391 ·
1072 335 1121 400 IN
1143 334 1309 402 ISAIAM
2148 333 2194 400 52

192 525 318 591 omnia:
341 524 397 590 sed
421 524 495 606 quie
518 523 602 588 nihil
625 523 742 589 celavit
772 522 857 606 quod
887 531 973 589 esset
1002 523 1083 588 utile
1112 544 1162 590 co·
1300 522 1604 610 (Abominationem.)
1664 524 1733 590 Alii
1773 532 1920 601 vertunt,
1959 522 2192 589 Abominatio:

192 612 296 695 gnitu,
320 620 353 676 et
374 610 487 675 multis
503 610 684 693 insignibus
701 610 861 674 vaticiniis
879 608 983 693 quoad
1001 610 1164 675 sufficeret
1215 618 1310 692 atque
1332 610 1520 694 intelligunt
1543 611 1689 677 homines
1713 612 1768 694 qui
1791 610 1878 675 idola
1900 609 2033 693 eligunt,
2061 610 2192 675 abomi-

192 696 335 762 ostendit
356 716 392 760 se
409 696 607 780 peculiarem
626 694 779 761 ecclesiae
797 715 906 759 curam
926 716 1058 778 gerere:
1080 697 1164 761 sicut
1215 696 1338 762 nabiles
1360 717 1439 761 esse.
1476 694 1541 762 Sed
1563 696 1663 761 alium
1682 716 1814 764 sensum
1833 717 1903 761 esse
1921 704 2008 779 puto.
2038 695 2192 761 Verbum

192 781 271 848 dicit
292 783 394 847 Amos
417 779 459 865 (3,
485 781 532 864 7);
563 781 617 845 An
639 782 701 845 erit
723 800 878 846 arcanum
906 779 989 862 quod
1018 801 1085 846 non
1115 801 1164 846 re·
1215 782 1305 865 clepit
1326 782 1447 864 accipio
1469 782 1649 862 indefinite,
1672 793 1709 846 ut
1731 782 1934 866 grammatici
1955 781 2045 863 loqui
2068 780 2189 858 solent,

192 868 278 932 velet
300 868 391 932 Deus
413 869 518 931 servis
541 868 608 931 suis
631 865 820 950 prophetis?
854 868 963 948 Atque
985 866 1047 930 hac
1069 886 1163 949 prae·
1216 869 1488 949 quemadmodum
1507 868 1605 932 etiam
1623 869 1704 934 alias
1721 889 1817 951 saepe
1834 868 1975 933 occurrit
1991 869 2025 931 in
2044 868 2190 951 seriptu-

190 953 341 1037 rogativa
362 952 498 1036 indigne
518 960 551 1016 et
573 953 708 1017 sceleste
730 951 823 1017 abusi
852 961 930 1017 suut
954 952 1077 1029 Iudaei,
1108 952 1164 1035 qui
1215 953 1271 1018 ris.
1315 953 1399 1017 Nam
1423 974 1523 1036 quum
1546 952 1723 1036 prophetae
1746 956 1785 1019 de
1811 953 1912 1037 vulgo
1941 951 2111 1018 hominum
2137 951 2190 1018 lo·

191 1059 233 1105 ex
266 1038 393 1102 frivolis
425 1039 493 1103 suis
529 1036 804 1120 praedictionibus
838 1047 1008 1120 quaestum
1043 1038 1164 1121 passim
1215 1048 1378 1121 quantur,
1409 1049 1442 1104 et
1463 1039 1583 1121 aliquid
1607 1058 1778 1104 commuue
1800 1051 1834 1104 et
1855 1040 2010 1104 usitatum
2037 1049 2189 1116 narrant,

190 1124 278 1189 inter
300 1134 413 1207 gentes
436 1123 591 1189 lecerunt.
631 1124 807 1189 (laetorum
829 1125 875 1187 ita
896 1143 1026 1207 sempor
1047 1122 1165 1188 enituit
1215 1125 1459 1190 substantivum
1483 1146 1547 1189 non
1574 1125 1771 1206 exprimunt.
1816 1123 1874 1189 Sic
1903 1124 2006 1208 igitur
2029 1123 2189 1208 intelligo,

190 1210 313 1274 veritas
342 1209 375 1273 in
404 1208 597 1274 coelestibus
631 1209 780 1286 oraculis,
814 1221 850 1272 ut
883 1209 919 1272 in
952 1228 991 1273 ea
1024 1209 1164 1273 dilucide
1214 1210 1363 1275 homines
1397 1208 1481 1273 idola
1517 1210 1676 1275 fabricare
1716 1232 1780 1274 non
1821 1230 1929 1293 posse,
1969 1209 2047 1293 quin
2086 1211 2188 1276 simul

190 1301 404 1378 agnoscerent
433 1294 541 1359 Deum
572 1293 674 1359 Israel
703 1295 835 1360 unicum
865 1314 945 1370 esse,
979 1295 1164 1376 quicunque
1215 1295 1489 1360 abominationem
1507 1295 1672 1361 fabricent.
1707 1295 1816 1378 Atque
1837 1297 1890 1360 hic
1907 1295 1996 1361 locus
2010 1295 2190 1379 singularis

191 1381 253 1446 sibi
275 1379 316 1445 ab
338 1380 467 1445 insidiis
489 1380 656 1447 cavebant.
700 1378 832 1445 Fideles
849 1380 980 1462 quidem
999 1381 1032 1444 in
1054 1379 1164 1446 schola
1214 1386 1264 1446 est
1286 1379 1326 1445 ad
1348 1379 1540 1447 detestanda
1562 1381 1657 1457 idola,
1686 1393 1720 1446 et
1742 1380 1909 1447 audaciam
1932 1379 2105 1446 hominum
2129 1383 2189 1463 qni

191 1466 255 1532 Dei
295 1465 425 1531 edoctos
465 1487 530 1529 uon
572 1467 676 1549 magis
711 1465 825 1530 fallere
858 1474 1035 1548 potueruut
1067 1465 1162 1541 idola,
1215 1487 1253 1530 ea
1275 1468 1486 1531 constituunt.
1527 1467 1599 1534 Hoc
1621 1468 1708 1531 euim
1730 1470 1801 1532 sine
1823 1467 1967 1531 maxima
1989 1467 2052 1531 Dei
2073 1480 2188 1532 contu·

190 1572 288 1635 quam
311 1551 339 1616 si
361 1552 435 1634 quis
457 1550 581 1616 homini
604 1551 684 1616 bene
702 1551 831 1616 oculato
854 1551 984 1634 nigrum
1008 1572 1066 1633 pro
1090 1551 1163 1616 albo
1214 1553 1311 1617 melia
1332 1553 1403 1617 fieri
1432 1573 1498 1617 non
1526 1561 1640 1635 potest.
1687 1552 1828 1618 Videtur
1856 1551 1988 1634 quidem
2017 1552 2189 1618 nonnullis

189 1638 225 1701 in
248 1636 385 1701 meridie
413 1644 562 1712 ostentet,
591 1644 719 1701 tantum
743 1634 834 1702 abest
855 1648 891 1701 ut
913 1637 1162 1719 praescientiam
1213 1659 1284 1703 esee
1306 1637 1414 1703 lusus:
1447 1637 1503 1702 sed
1527 1638 1682 1721 propheta
1704 1639 1980 1703 abominationem
2009 1658 2080 1703 esse
2111 1660 2188 1723 pro·

190 1742 284 1788 suam
313 1721 619 1786 demonstraverint.
664 1722 837 1787 Potentiae
863 1743 940 1787 vero
970 1723 1073 1787 multo
1102 1724 1161 1786 mi·
1214 1724 1355 1799 nuntiat,
1378 1742 1473 1806 quam
1496 1722 1588 1789 Deus
1610 1725 1695 1790 ferre
1718 1745 1781 1788 non
1805 1728 1928 1808 potest,
1956 1744 2016 1788 nee
2045 1724 2187 1788 inultam

189 1829 252 1873 uus
275 1808 452 1873 attribuere
474 1806 577 1885 licuit,
600 1829 699 1890 quum
718 1827 761 1870 ex
780 1808 980 1889 quotidianis
999 1808 1161 1873 vaticiniis
1214 1831 1285 1876 esse
1308 1809 1457 1892 patietur.
1502 1812 1551 1873 Ac
1573 1831 1630 1892 per
1653 1808 1789 1874 verbum
1812 1808 1955 1893 eligendi
1982 1809 2189 1875 idololatriae

189 1892 296 1976 palam
319 1903 404 1958 esset
425 1893 534 1957 Deum
562 1914 664 1957 unum
686 1914 738 1957 res
759 1913 930 1977 prosperas
953 1903 986 1958 et
1007 1894 1161 1958 adversas
1213 1895 1304 1979 origo
1334 1895 1425 1976 quasi
1456 1891 1556 1977 digito
1585 1905 1799 1961 monstratur:
1834 1896 1911 1977 quia
1940 1914 2106 1978 nunquam
2137 1900 2189 1959 tot

188 1979 359 2043 moderari.
404 1978 505 2042 Idolis
531 1980 598 2043 suis
628 1981 749 2063 gratias
780 1981 846 2063 egit
868 1981 970 2045 vietor
992 1978 1160 2063 Assyrius.
1212 1980 1406 2064 corruptelis
1428 1980 1544 2044 vitiata
1566 1992 1651 2045 esset
1673 2002 1754 2063 pura
1783 1979 1913 2064 religio,
1943 1981 2008 2046 nisi
2035 2002 2096 2064 pro
2127 2002 2189 2046 sua

189 2064 291 2148 Atqui
313 2064 439 2146 pridem
463 2065 677 2129 admonuerat
698 2065 790 2130 Deus
813 2064 950 2129 ludaeos
972 2065 1047 2146 quid
1071 2065 1159 2128 futu·
1212 2065 1345 2130 libidine
1377 2066 1448 2132 ausi
1481 2066 1617 2131 fuissent
1650 2066 1800 2131 homines
1833 2066 1909 2131 deos
1947 2066 2008 2131 sibi
2048 2067 2185 2151 lingere.

188 2170 262 2215 rum
285 2159 385 2215 esset:
408 2151 473 2214 imo
496 2149 604 2232 palam
622 2149 809 2215 ostenderat
826 2172 861 2215 se
878 2171 1006 2215 armare
1023 2150 1160 2234 impium
1213 2150 1323 2231 Quare
1346 2149 1524 2216 notandum
1548 2163 1597 2216 est
1623 2152 1779 2217 electitios
1807 2173 1920 2216 omnes
1950 2152 2058 2218 cultus
2087 2173 2187 2217 verae

188 2235 282 2300 illum
306 2235 504 2300 exercendae
522 2235 685 2299 vindictae
707 2257 785 2300 suae
802 2256 909 2301 causa.
946 2237 1048 2301 Porro
1065 2235 1161 2301 male·
1212 2238 1325 2320 pietati
1348 2237 1476 2320 opponi.

186 2321 290 2403 facere
310 2342 373 2385 non
397 2332 446 2386 cst
469 2320 521 2385 hic
544 2321 767 2404 accipiendum
784 2343 843 2404 pro
857 2321 1010 2385 iniuriam
1029 2322 1160 2403 inferre,
1298 2323 1349 2387 25.
1383 2320 1545 2406 (Exatcut'
1578 2322 1615 2387 ab
1647 2322 1814 2408 aquilone.)
1868 2322 1994 2387 Iterum
2028 2321 2069 2385 ad
2103 2322 2187 2388 illud

189 2405 272 2488 quod
297 2406 438 2470 alienum
461 2427 481 2470 a
498 2404 569 2469 Deo
589 2417 654 2472 est:
677 2407 733 2470 sed
752 2428 872 2489 poenae
884 2408 1039 2490 irrogare
1061 2407 1160 2489 sigui·
1213 2417 1444 2492 argumentum
1457 2407 1541 2472 redit
1552 2408 1638 2490 quod
1656 2410 1746 2491 prius
1765 2409 1928 2493 attigerat,
1947 2407 1987 2472 de
1999 2410 2186 2490 praescien-

189 2492 274 2571 fieat‚
296 2499 329 2555 et
352 2513 402 2556 res
426 2490 579 2556 adversas
607 2492 795 2570 immittere,
823 2491 908 2574 quod
939 2491 1160 2574 providentiae
1213 2494 1258 2557 tia
1288 2502 1320 2557 et
1349 2493 1493 2575 potentia
1524 2493 1604 2557 Dei:
1639 2511 1735 2575 atque
1764 2496 1796 2559 in
1829 2516 1903 2559 eum
1937 2495 2059 2571 solum,
2092 2496 2186 2560 euius

188 2575 262 2654 Dei,
297 2597 363 2640 non
396 2576 491 2641 idolis
525 2587 582 2642 aut
614 2579 763 2642 fortunae
798 2579 893 2642 tribui
930 2578 1033 2642 debet.
1086 2576 1160 2657 Quo
1213 2579 1293 2643 haec
1319 2589 1413 2658 sunt,
1443 2577 1505 2642 Dei
1536 2600 1653 2644 nomen
1683 2589 1866 2661 competere
1894 2579 2044 2645 ostendit.
2089 2580 2187 2644 Vana

188 2683 287 2727 sensu
303 2663 491 2746 saepissime
506 2664 646 2728 occurrit
662 2664 693 2726 in
710 2664 891 2746 scripturis.
927 2666 1028 2727 Amos
1050 2662 1092 2749 (3,
1109 2665 1160 2748 6):
1212 2666 1313 2748 igitur
1335 2685 1406 2730 esse
1428 2664 1523 2745 idola,
1545 2685 1628 2747 quae
1651 2666 1733 2729 nihil
1755 2667 1886 2729 omnino
1909 2676 1965 2730 aut
1983 2673 2109 2729 norunt
2127 2677 2187 2731 aut

188 2751 244 2813 An
267 2757 317 2812 est
338 2749 462 2813 malum
485 2750 517 2812 in
542 2749 672 2813 civitate
703 2750 787 2832 quod
818 2771 882 2813 non
912 2750 1025 2813 fecerit
1047 2751 1159 2813 Domi·
1212 2758 1357 2834 possunt.
1399 2748 1496 2829 Quod
1519 2750 1596 2816 dicit
1618 2772 1652 2816 se
1675 2749 1716 2815 ab
1738 2751 1889 2833 aquilone
1911 2751 2081 2827 excitasse,
2107 2773 2185 2816 non·

188 2832 275 2898 nus?
320 2833 406 2898 Item
428 2834 584 2899 Ieremias
614 2835 769 2917 populum
791 2846 921 2900 accusat
942 2834 1028 2916 quod
1052 2834 1159 2899 Deum
1213 2837 1294 2901 nulli
1318 2834 1357 2900 de
1379 2835 1468 2918 Cyro
1490 2837 1758 2920 interpretantur,
1782 2837 1839 2900 alii
1861 2837 1900 2900 de
1923 2836 2067 2901 Ohristo.
2113 2838 2186 2920 Ego

189 2929 337 2983 autorem
361 2920 435 2984 boni
458 2930 490 2983 et
513 2921 590 2984 mali
608 2941 672 2984 non
692 2931 880 3004 agnosceret
898 2919 1032 3005 (Thren.
1050 2921 1079 2998 3,
1095 2921 1159 3006 38).
1212 2944 1290 2987 vero
1315 2921 1395 2987 duas
1415 2942 1468 2985 res
1490 2922 1543 2985 hie
1562 2944 1581 2985 a
1599 2923 1759 3005 propheta
1777 2924 1881 2986 notari
1901 2922 2062 2986 existimo.
2097 2922 2184 2987 Nam

188 3004 252 3068 His
275 3025 352 3089 ergo
376 3004 479 3084 malis,
502 3005 683 3070 cuiusmodi
702 3017 778 3072 suut
800 3005 893 3085 bella,
917 3007 1026 3087 pestis,
1049 3006 1160 3081 fames,
1212 3028 1314 3091 quum
1347 3007 1425 3072 dicit
1454 3007 1494 3070 ab
1525 3007 1692 3088 aquilone,
1726 3006 1882 3090 intelligit
1910 3007 2112 3073 Chaldaeos:
2143 3008 2184 3074 ab

189 3100 372 3172 paupertas,
396 3090 576 3173 aegritudo,
605 3100 638 3155 et
660 3091 724 3156 ulia
745 3092 815 3156 eius
837 3093 974 3174 generis,
997 3089 1161 3156 Dominus
1213 3094 1347 3166 oriente,
1371 3091 1485 3156 Medos
1503 3100 1536 3155 et
1553 3091 1679 3157 Persas.
1722 3097 1770 3158 Ac
1793 3093 1821 3158 si
1844 3093 1980 3158 diceret:
2004 3092 2086 3182 duae
2110 3114 2184 3158 mu·

188 3175 222 3239 in
238 3176 360 3241 scelera
376 3176 484 3259 populi
501 3175 748 3243 animadvertit:
773 3186 872 3258 atque
887 3197 998 3241 eorum
1015 3177 1161 3240 omnium
1214 3178 1352 3241 tationes
1382 3186 1563 3241 memoratu
1593 3175 1710 3261 dignae
1739 3179 1945 3263 contingent:
1980 3200 2055 3243 nam
2085 3179 2184 3244 Chal·

189 3270 282 3325 autor
304 3263 434 3344 agnosci
451 3262 532 3328 vult.
564 3262 638 3327 Non
661 3261 791 3328 adducit
806 3275 915 3327 autem
931 3260 1035 3325 lenias
1051 3261 1162 3326 omnia
1213 3263 1309 3327 daeos
1331 3261 1486 3340 excitabo,
1509 3282 1646 3344 quorum
1668 3284 1806 3347 regnum
1825 3265 1859 3327 in
1877 3265 2015 3329 sublime
2034 3264 2183 3331 eveham.

189 3347 339 3429 exempla
361 3355 395 3411 et
412 3356 607 3430 argumenta
626 3350 742 3430 quibus
760 3347 852 3412 Deus
867 3347 907 3411 ab
929 3346 1024 3412 idolis
1046 3347 1161 3411 distin·
1212 3346 1341 3412 Deinde
1364 3346 1538 3412 advenient
1560 3349 1690 3431 Persae,
1723 3351 1780 3430 qui
1803 3369 1916 3414 eorum
1939 3350 2119 3430 potentiam
2141 3351 2183 3415 ad

188 3433 245 3516 gui
269 3442 385 3513 posset.
430 3432 514 3497 Nam
539 3432 637 3517 longa
658 3433 833 3499 admodum
851 3453 933 3516 opus
948 3432 1070 3498 >fuisset
1091 3452 1162 3497 ora·
1212 3455 1247 3499 aa
1287 3434 1494 3498 transferent.
1555 3433 1647 3500 Haec
1685 3434 1849 3499 Dominus
1889 3436 2037 3516 quamvis
2083 3434 2184 3520 longo

189 3520 293 3583 tione:
324 3517 444 3583 sedile
467 3540 555 3584 nunc
577 3530 749 3584 contentus
779 3520 844 3583 fuit
871 3518 988 3600 quibus
1017 3518 1162 3582 breviter
1212 3527 1324 3602 postea
1346 3518 1520 3583 intervallo
1542 3519 1667 3595 futura,
1694 3521 1758 3583 iem
1782 3521 1844 3585 sibi
1867 3529 1944 3584 nota
1966 3541 2036 3586 esse
2058 3540 2184 3604 suoque

188 3618 223 3669 et
252 3611 361 3668 tamen
392 3613 503 3686 aperte
538 3625 607 3669 rem
635 3613 840 3670 monstraret.
891 3603 1042 3669 Nondum
1072 3604 1159 3667 enim
1211 3604 1345 3671 consilio
1367 3603 1514 3669 ordinata
1537 3626 1607 3669 esse
1630 3605 1731 3687 docet,
1755 3613 1924 3670 uteorum
1946 3614 2084 3671 eventus
2106 3627 2185 3673 suae

188 3691 286 3754 finem
311 3689 386 3754 huic
409 3698 604 3774 argumento
626 3691 773 3756 facturus
795 3701 853 3754 est.
1213 3690 1393 3755 divinitatis
1415 3701 1540 3755 certum
1563 3691 1607 3755 sit
1628 3689 1866 3756 documentum.
1912 3690 2045 3756 Interea
2074 3692 2185 3774 priore

274 3774 337 3855 24..
356 3773 448 3859 (Ecce
476 3795 530 3840 uos
559 3776 655 3856 estt's.)
699 3776 795 3842 Nunc
823 3773 961 3840 insultat
990 3772 1094 3851 idolis,
1125 3781 1163 3838 ut
1211 3776 1357 3841 membro
1390 3796 1528 3859 poenam
1558 3776 1730 3840 denuntiat
1759 3777 1798 3839 ad
1829 3776 1997 3841 terrendos
2025 3776 2184 3844 Iudaeos:

189 3860 260 3942 pios
282 3860 317 3923 in
340 3861 458 3926 fiducia
475 3870 508 3925 et
525 3861 615 3926 cultu
634 3862 731 3926 unius
749 3861 813 3925 Dei
832 3862 1012 3940 confirmet,
1028 3857 1105 3923 dum
1121 3879 1162 3923 ex
1211 3861 1352 3927 secundo
1379 3860 1584 3926 commendat
1614 3861 1868 3927 misericordiam
1898 3884 2009 3942 suam,
2041 3864 2119 3945 quia
2151 3876 2186 3929 et

189 3947 431 4029 comparatione
464 3947 664 4029 perspiciunt
686 3966 741 4011 eos
763 3947 816 4029 qui
848 3945 933 4009 idola
961 3944 1072 4009 colunt
1100 3946 1162 4008 mi·
1212 3947 1451 4029 captivitatem,
1486 3954 1519 4009 et
1551 3944 1774 4011 liberationem
1809 3948 1937 4030 populi,
1971 3967 2053 4030 opus
2086 3969 2184 4013 suum

189 4051 261 4096 sere
283 4031 354 4096 falli
376 4041 409 4096 et
437 4033 606 4098 caecutire.
652 4031 791 4098 Factura
821 4031 874 4096 hic
902 4030 1030 4113 passive
1060 4029 1161 4113 accipi
1212 4033 1279 4096 fore
1302 4040 1447 4110 testatur,
1469 4042 1505 4095 ut
1522 4031 1629 4115 palam
1648 4032 1689 4095 sit
1708 4053 1806 4115 penes
1824 4034 1931 4115 ipsum
1948 4043 1981 4097 et
1999 4034 2184 4116 praescien-

190 4115 292 4195 debet,
314 4137 351 4182 ac
373 4119 401 4181 si
425 4118 546 4183 diceret
567 4139 687 4183 vanam
710 4138 781 4182 esse
808 4116 1086 4200 imaginationem,
1109 4115 1160 4178 vel
1213 4118 1291 4182 tiam
1326 4125 1358 4180 et
1389 4116 1566 4198 potentiam
1601 4137 1680 4181 esse.
1736 4117 1872 4182 Prolani
1911 4119 2059 4184 homines
2093 4121 2185 4184 varia

188 4203 386 4286 figmentum
410 4203 500 4267 nulla
522 4202 561 4268 de
584 4224 627 4268 re.
673 4203 775 4285 Atqui
804 4202 980 4285 improprie
1003 4202 1089 4284 loqui
1113 4201 1161 4263 vi·
1211 4203 1299 4267 inter
1320 4201 1395 4266 deos
1418 4221 1494 4266 suos
1516 4202 1621 4267 officia
1645 4202 1853 4269 distribuunt.
1885 4203 2006 4286 Apollo
2025 4204 2186 4287 praedicit

190 4287 287 4353 detur
309 4288 419 4366 lsaias,
441 4309 542 4372 quum
564 4288 651 4354 idola
672 4309 716 4353 ex
739 4287 841 4352 nihilo
865 4307 935 4351 esse
958 4286 1053 4350 dicit:
1082 4306 1161 4351 auro
1211 4289 1337 4366 futura,
1369 4286 1494 4368 Iupiter
1523 4289 1727 4368 exsequitur,
1760 4297 1857 4370 atque
1891 4290 1975 4354 alius
2006 4290 2071 4355 alia
2104 4291 2183 4373 agit.

190 4375 277 4439 euim
311 4383 367 4439 aut
395 4383 541 4459 argento,
570 4383 627 4438 aut
657 4395 743 4455 aere,
772 4382 830 4437 aut
858 4372 974 4455 lapide,
1009 4379 1065 4437 aut
1097 4371 1161 4435 alia
1211 4373 1275 4437 Dei
1299 4393 1375 4436 vero
1398 4380 1506 4454 partes
1529 4382 1607 4437 sunt
1628 4396 1692 4438 non
1722 4373 1827 4438 solum
1855 4375 1965 4440 lutura
1993 4375 2185 4458 praedicere

189 4460 328 4524 matoria
368 4467 526 4525 constant.
583 4457 710 4525 Solutio
742 4467 792 4525 est
824 4457 943 4523 facilis:
982 4478 1041 4521 neo
1073 4457 1160 4521 enim
1212 4467 1270 4523 aut
1292 4458 1484 4542 significare,
1506 4458 1562 4522 sed
1584 4460 1694 4523 omnia
1722 4459 1893 4542 disponere
1922 4482 1981 4526 suo
2012 4461 2185 4528 arbitratu.

189 4547 360 4610 materiam
384 4546 543 4628 spectavit
564 4545 686 4611 Isaias:
716 4545 773 4611 sed
796 4543 998 4628 qualitatem,
1020 4541 1080 4605 hoc
1102 4551 1161 4620 cet,
1212 4541 1378 4626 Quidquid
1401 4543 1487 4608 enim
1510 4543 1688 4609 divinitatis
1710 4555 1768 4626 est,
1790 4547 1825 4609 in
1843 4546 1949 4611 solum
1967 4548 2076 4612 Deum
2094 4568 2186 4613 eom·

190 4632 376 4713 opinionem
399 4631 581 4696 divinitatis
600 4651 699 4713 quam
715 4629 755 4696 de
771 4631 810 4695 iis
827 4629 975 4694 homines
990 4647 1160 4711 perperam
1213 4630 1303 4711 petit,
1327 4649 1386 4693 nec
1408 4628 1471 4693 alio
1493 4630 1662 4696 transferri
1684 4637 1800 4711 potest.
1834 4630 1913 4696 Ideo
1936 4639 2002 4695 tam
2019 4634 2187 4716 praescire

191 4718 385 4800 concipiunt.
419 4717 487 4782 Nee
509 4717 595 4782 enim
619 4716 835 4799 superstitiosi
859 4715 995 4797 liguum,
1018 4725 1073 4776 aut
1096 4732 1160 4795 aes,
1212 4734 1307 4796 quam
1331 4715 1434 4778 lacere
1457 4716 1651 4780 coniunctim
1673 4716 1734 4779 eibi
1757 4717 1914 4782 vendicat
1955 4717 2008 4783 Ab
2030 4719 2184 4802 aquilone

191 4811 247 4866 eut
270 4801 440 4867 metallum
466 4802 658 4882 simplicitur
688 4802 834 4881 adorant,
863 4800 920 4864 sed
942 4819 1040 4880 quam
1062 4798 1162 4862 stulte
1213 4821 1248 4863 se
1270 4820 1388 4864 vocare
1410 4799 1537 4880 dicens,
1567 4811 1604 4864 ut
1628 4822 1733 4883 nuper
1755 4802 1865 4885 attigi,
1896 4803 2085 4868 vaticinium
2116 4804 2187 4870 edit

192 4889 393 4952 maiestatem
416 4889 558 4953 numinis
582 4888 753 4970 affingunt.
787 4887 859 4951 Hoc
880 4891 968 4950 certe
990 4881 1071 4946 nihil
1093 4903 1161 4945 om·
1214 4884 1253 4948 de
1276 4885 1385 4948 lutura
1407 4887 1603 4968 captivitate,
1625 4886 1664 4949 de
1687 4906 1750 4969 qua
1772 4896 1849 4952 tunc
1868 4889 1958 4953 nulla
1976 4889 2085 4971 opinio
2104 4902 2185 4972 erat,

191 4973 268 5036 uino
289 4995 387 5056 quam
409 4995 529 5039 vanam
559 4974 825 5057 imaginationem
855 4992 925 5036 esse
955 4978 1080 5034 certum
1103 4977 1162 5032 est.
1214 4969 1289 5051 quia
1318 4968 1432 5035 ludaei
1465 4992 1537 5036 cum
1568 4970 1742 5035 Chaldaeis
1776 4974 1919 5038 amicitia
1946 4975 2048 5041 iuncti
2079 4989 2185 5041 erant.

192 5054 288 5123 Unde
311 5062 409 5124 etiam
432 5059 555 5124 Paulus
578 5059 620 5145 (1.
640 5059 715 5124 Oor.
735 5059 763 5136 8,
783 5057 817 5143 4)
840 5057 951 5122 eodem
975 5054 1070 5119 modo
1093 5073 1164 5134 pro-
1215 5053 1322 5119 Simul
1351 5054 1390 5118 de
1420 5057 1623 5120 restitutione
1652 5057 1763 5138 populi
1791 5059 2004 5142 vaticinatur,
2040 5063 2095 5144 qui
2127 5083 2186 5146 per

191 5145 322 5207 nuntiat
344 5145 465 5210 idolum
488 5145 569 5209 nihil
593 5165 673 5210 esee.
708 5143 798 5224 Quid
816 5144 903 5205 enim
922 5161 1002 5217 esse,
1026 5148 1083 5203 aut
1099 5159 1162 5220 quo
1216 5139 1341 5223 Cyrum
1364 5143 1397 5204 in
1420 5143 1559 5224 patriam
1577 5140 1729 5207 reductus
1747 5152 1803 5207 est.
1835 5143 1917 5224 Quis
1940 5148 1974 5209 iu
1997 5147 2054 5211 illo
2072 5168 2186 5213 rerum

192 5230 325 5295 nomine
344 5230 541 5314 figmentum
563 5231 661 5295 inane
682 5231 792 5296 vocari
815 5224 939 5313 potest?
1187 5240 1191 5282 ι
1215 5234 1303 5289 statu
1328 5225 1406 5290 hoec
1428 5226 1593 5292 credibilia
1622 5248 1692 5292 esse
1719 5229 1954 5297 existimasset:
1988 5235 2186 5315 praesertim
