4784 5970
187 347 252 413 223
1067 341 1116 408 IN
1139 341 1306 409 ISAIAM
2123 346 2188 413 224

188 534 242 599 hic
275 531 362 596 aliud
396 537 625 615 argumentum
661 534 778 595 tractat
805 526 918 594 Isaiae.
964 528 1034 594 Nec
1068 529 1156 595 enim
1294 527 1434 614 (Audict
1453 548 1553 595 vocem
1570 531 1658 596 ,serui
1686 530 1777 616 cias.)
1825 531 1960 596 Poterat
1989 531 2184 616 simpliciter

188 622 259 704 agit
280 617 320 681 de
341 615 517 681 universali
538 614 708 679 hominum
732 613 848 691 salute,
870 613 927 679 sed
950 612 990 678 de
1012 615 1157 680 ministe-
1210 613 1317 682 dicere
1339 634 1450 680 vocem
1469 614 1547 680 Dei:
1571 615 1627 680 sed
1647 615 1841 682 nominatim
1860 615 1943 681 dixit
1964 619 2057 684 acroi
2092 618 2183 685 Deua

190 707 238 770 rio
260 700 361 784 verbi,
388 702 481 767 cuine
503 699 623 766 vindex
646 700 707 764 erit
729 699 891 766 Dominus
913 697 1073 765 adversus
1095 701 1157 765 im·
1210 702 1296 766 enim
1319 699 1425 765 audiri
1446 718 1515 765 non
1537 700 1608 765 vult
1630 702 1691 767 nisi
1718 701 1945 767 ministrorum
1973 721 2072 784 voce,
2102 724 2181 787 qno·

189 791 316 874 piorum
340 787 498 852 insultus:
532 807 592 851 nec
622 805 736 849 eorum
757 784 926 850 fraudibus
948 794 1006 850 aut
1027 786 1158 851 iniuriis
1210 807 1284 850 rum
1306 806 1406 867 opera
1426 786 1530 850 utitur
1552 786 1592 851 ad
1616 807 1674 852 nos
1697 786 1867 853 docendos.
1900 786 2049 854 Primum
2074 802 2182 856 autem

187 894 300 941 servos
321 894 398 938 suos
420 871 560 956 opprimi
590 871 685 936 sinet.
730 870 770 934 In
801 872 865 934 fine
895 891 1010 936 versus
1039 870 1158 936 clarius
1210 871 1251 936 de
1283 892 1318 935 se
1350 870 1495 953 loquitur
1522 870 1641 937 Isaiae:
1675 871 1791 937 deinde
1823 873 1922 939 etiam
1956 872 1996 939 de
2029 874 2182 941 omuibus

186 961 390 1025 demonstrat
410 980 445 1023 se
466 979 532 1021 non
556 957 589 1021 in
616 955 732 1020 umbra
762 965 793 1020 et
822 956 889 1021 otio
917 957 1039 1023 iactare
1069 957 1158 1021 lorti·
1210 956 1291 1034 aliis,
1309 956 1426 1040 quibus
1444 955 1556 1021 eadem
1576 957 1744 1038 provincia
1760 958 1910 1024 iniuncta
1927 967 1995 1024 est:
2014 981 2053 1027 ac
2069 962 2182 1027 subest

188 1046 353 1127 tudinem,
392 1063 429 1108 ao
469 1045 496 1108 si
530 1042 640 1107 nullus
672 1043 845 1108 lacesseret
876 1043 1060 1125 negotium:
1100 1041 1158 1107 sed
1209 1043 1307 1107 tacita
1327 1042 1500 1107 antithesis
1525 1043 1612 1108 inter
1641 1041 1843 1108 audientiam
1872 1064 1970 1126 quam
2000 1046 2121 1130 exigit,
2149 1059 2181 1112 et

188 1129 368 1214 quamlibet
388 1128 517 1195 infestis
539 1128 641 1211 copiis
662 1138 829 1210 gravetur,
852 1149 888 1193 se
903 1135 1014 1193 tammr
1030 1128 1159 1193 fortiter
1208 1127 1374 1192 licentiam
1397 1128 1599 1209 spernendae
1622 1127 1805 1209 doctrinae,
1834 1149 1933 1214 quam
1963 1131 2092 1212 profani
2121 1132 2179 1197 ho·

189 1219 224 1282 in
247 1215 352 1300 gradu
373 1224 477 1279 stare:
502 1216 578 1297 quia
600 1214 696 1296 paulo
718 1221 790 1295 post
811 1234 872 1278 sua
890 1212 1065 1297 fragilitate
1081 1234 1157 1279 eon·
1209 1214 1315 1278 mines
1337 1211 1414 1277 dum
1438 1211 1655 1295 vilipendunt,
1686 1234 1745 1279 sna
1766 1215 1866 1279 etiam
1888 1216 2075 1298 petulantia
2096 1217 2180 1284 mul·

189 1302 300 1369 cident
337 1309 369 1365 et
408 1309 605 1366 evanescent
640 1298 823 1381 quicunque
856 1319 929 1364 cnm
963 1300 1061 1363 verbo
1094 1297 1158 1362 Dei
1209 1308 1373 1364 tosvancs
1389 1307 1422 1362 et
1436 1299 1544 1365 futiles
1559 1299 1723 1366 inducunt
1737 1299 1778 1364 ad
1793 1300 1932 1365 similem
1948 1311 2179 1386 contemptum.

190 1387 360 1454 bellantur.
395 1386 441 1450 llt
462 1386 555 1469 quasi
578 1404 647 1449 rem
662 1385 763 1449 oculis
778 1393 934 1464 cerneret,
956 1384 1159 1448 demonstra·
1209 1382 1296 1463 Quia
1316 1382 1467 1449 fidelibus
1488 1383 1606 1449 licebat
1627 1394 1743 1450 contra
1765 1385 1916 1468 excipere
1938 1407 2005 1453 non
2028 1389 2092 1454 sibi
2107 1409 2181 1455 eon·

189 1474 259 1539 tiva
280 1471 440 1556 particula
459 1473 581 1535 utitur:
600 1470 685 1535 Ecce
700 1468 803 1534 instar
818 1469 957 1534 vestium
973 1471 1159 1554 consumpti
1209 1478 1297 1534 stare
1329 1469 1471 1535 fructum
1502 1490 1580 1535 suae
1619 1471 1770 1554 pietatis,
1810 1470 1868 1537 ead
1909 1473 2027 1538 misere
2068 1474 2179 1558 affligi,

189 1580 210 1623 a
233 1557 399 1622 vermibus
431 1556 594 1639 peribunt.
650 1554 776 1619 Eadem
809 1554 1024 1619 similitudine
1056 1555 1159 1619 utitur
1209 1554 1346 1637 perinde
1367 1574 1405 1620 aa
1427 1556 1456 1619 si
1478 1554 1605 1639 perdite
1627 1556 1806 1622 vixissent:
1828 1559 2007 1639 praevertit
2029 1567 2064 1624 et
2086 1581 2180 1626 oocu-

190 1643 335 1722 Psaltee,
365 1642 443 1707 dum
465 1642 563 1706 huius
585 1641 704 1706 saeculi
727 1639 875 1706 homines
896 1651 1063 1724 comparat
1084 1661 1158 1707 cum
1210 1649 1267 1723 pat
1300 1640 1457 1723 propheta
1491 1640 1574 1706 hanc
1608 1642 1860 1725 querimoniam,
1899 1643 2069 1711 affirmans
2102 1647 2181 1728 pios,

191 1729 267 1794 liliis
289 1728 361 1793 Dei.
406 1728 462 1792 Illi
484 1728 586 1803 enim,
618 1727 750 1790 tametsi
772 1725 908 1807 speciosi
935 1728 1018 1805 sint,
1047 1746 1085 1790 ac
1108 1727 1158 1790 lu·
1210 1729 1361 1808 quamvis
1390 1726 1546 1791 hactenus
1579 1726 1705 1792 duriter
1738 1730 1868 1793 tractati
1899 1729 2038 1813 luerint,
2072 1740 2179 1796 tamen

188 1822 286 1880 ceant
308 1814 412 1878 instar
434 1813 577 1877 vestium
605 1810 868 1895 splendidarum,
902 1812 1071 1894 peribunt:
1104 1812 1159 1895 qui
1211 1832 1276 1875 non
1306 1813 1429 1876 frustra
1457 1831 1572 1894 parare
1594 1811 1666 1877 Deo
1694 1821 1726 1876 et
1757 1813 1858 1879 verbo
1887 1813 2000 1895 ipsius.
2044 1815 2132 1882 Nam
2153 1820 2179 1881 si

192 1921 271 1964 vero
292 1920 381 1965 nuno
402 1901 436 1962 in
459 1898 609 1963 sordibus
631 1899 737 1962 iacent
758 1895 870 1963 fideles
885 1918 971 1961 novo
987 1896 1159 1980 splendore
1210 1898 1245 1960 in
1276 1896 1419 1961 tenebris
1452 1898 1678 1974 ambularunt,
1707 1899 1854 1962 futurum
1883 1919 1954 1965 esse
1984 1901 2117 1967 tandem
2147 1916 2181 1967 ut

191 1986 302 2051 donati
324 1983 455 2049 tandem
478 1982 649 2067 fulgebunt
671 1991 708 2046 ut
729 1983 851 2047 stellae.
896 1983 962 2048 Hic
984 2003 1062 2047 vero
1085 2003 1159 2065 pro·
1210 1980 1281 2046 luce
1304 1982 1439 2046 Domini
1467 1983 1625 2047 lruantnr.
1670 1984 1736 2066 Per
1765 1985 1918 2049 tenebras
1947 1984 2000 2051 hic
2027 1987 2180 2072 intelligit

190 2073 262 2155 prie
285 2069 324 2133 de
346 2068 507 2151 protervis
529 2068 664 2134 canibus
687 2068 845 2150 loquitur,
874 2070 929 2151 qui
951 2069 1061 2133 infesti
1083 2080 1160 2133 sunt
1211 2067 1369 2149 propheta
1391 2088 1458 2133 non
1480 2068 1700 2151 ignorantiam
1724 2077 1781 2133 aut
1802 2070 1993 2135 caecitatem
2016 2071 2179 2138 humanae

191 2157 253 2241 piis
285 2156 485 2234 doctoribus,
525 2155 629 2235 iisque
661 2152 831 2218 insultant.
886 2154 1031 2219 Tametsi
1072 2155 1158 2219 enim
1210 2153 1345 2217 mentis:
1367 2151 1424 2217 sed
1446 2154 1636 2219 afflictiones
1658 2152 1775 2236 quibus
1792 2155 1853 2219 filii
1867 2154 1932 2220 Dei
1947 2159 2179 2240 propemodum

191 2241 304 2325 magui
325 2242 538 2305 aestimentur
556 2239 596 2304 ab
614 2238 809 2320 hominibus,
832 2259 1056 2322 summamque
1073 2237 1160 2322 apud
1210 2239 1449 2320 opprimuntur.
1494 2239 1603 2322 Atque
1626 2240 1706 2305 haec
1727 2240 1904 2306 consolatio
1926 2249 1977 2307 est
2006 2245 2102 2310 cuius
2124 2265 2181 2310 an·

191 2330 279 2411 ipsos
300 2328 509 2390 autoritatem
531 2323 714 2405 obtineant,
746 2323 895 2389 concidet
922 2335 1031 2389 tamen
1062 2337 1159 2407 atque
1211 2335 1264 2387 tea
1286 2324 1443 2404 meminit,
1466 2344 1565 2408 quum
1589 2334 1729 2390 testatus
1749 2335 1799 2390 est
1820 2326 1881 2390 sibi
1903 2326 1950 2392 lin
2075 2329 2181 2396 erudi·

192 2421 363 2479 evanescet
386 2431 497 2476 eorum
520 2409 682 2493 splendor,
704 2417 742 2474 ut
764 2409 905 2474 vestium
928 2429 1010 2492 quae
1028 2431 1048 2474 a
1063 2410 1159 2475 tineis
1211 2417 1318 2473 torum
1342 2407 1451 2473 datam
1473 2430 1558 2489 esse,
1589 2419 1627 2474 ut
1647 2411 1783 2476 verbum
1814 2411 1898 2477 laeso
1927 2433 1947 2477 a
1971 2415 2179 2482 ministraret.

192 2499 381 2565 ereduntur.
1210 2493 1264 2559 Ita
1285 2494 1339 2560 hic
1362 2495 1524 2576 promittit
1543 2497 1691 2560 futurum
1714 2507 1751 2560 nt
1767 2497 2021 2563 consolationem
2040 2503 2181 2585 capiant,

279 2583 329 2648 10.
352 2582 449 2667 (Quis
469 2583 505 2645 io
526 2578 634 2665 cobis.)
677 2579 852 2663 Postquam
881 2581 1090 2646 concionatus
1111 2591 1161 2646 est
1212 2580 1265 2660 qui
1294 2580 1450 2645 hactenns
1480 2588 1528 2645 tot
1557 2582 1696 2646 miseriis
1726 2581 1841 2647 deiecti
1869 2604 1907 2650 ac
1939 2585 2008 2650 fere
2035 2589 2180 2669 oppressi

193 2670 232 2735 de
262 2670 385 2733 invicto
415 2667 478 2732 Dei
506 2665 668 2749 praesidio
695 2685 757 2747 qno
790 2665 909 2730 muniti
941 2676 1021 2731 sunt
1047 2684 1160 2731 omnes
1211 2666 1353 2730 fuerunt

192 2754 380 2839 prophetae,
402 2771 583 2819 sermonem
606 2751 769 2815 convertit
790 2750 830 2814 ad
854 2752 933 2833 pios,
955 2762 994 2816 ιι
1011 2774 1046 2817 se
1061 2750 1160 2816 verbo
1298 2751 1349 2814 11.
1372 2749 1466 2836 (Ecce
1486 2771 1540 2817 ιιι
1561 2750 1688 2836 omnes.)
1731 2752 1919 2835 Exprobrat
1940 2753 2072 2822 Iudaeis
2098 2757 2179 2840 quod

193 2843 258 2906 Dei
283 2841 352 2923 regi
382 2839 564 2921 patiantur,
599 2846 695 2917 atque
724 2835 844 2903 dociles
873 2858 943 2903 sese
972 2836 1159 2921 praebeant.
1212 2838 1376 2920 propriam
1402 2836 1463 2901 sibi
1494 2837 1598 2902 lucem
1625 2838 1803 2903 accendere
1829 2859 1928 2921 quam
1957 2840 2112 2908 accedere
2141 2843 2179 2909 ad

192 2926 289 2992 Unde
321 2924 472 3006 colligere
504 2924 580 2987 licet
613 2934 774 3002 quatenus
810 2942 881 2987 sese
921 2923 1076 2988 extulerit
1107 2923 1162 3006 pia
1213 2921 1317 2986 lucem
1340 2922 1402 2987 Dei
1425 2923 1551 2988 malint.
1596 2922 1660 2988 Hic
1682 2923 1773 2988 loona
1795 2925 1879 2989 male
1909 2927 2079 3008 expositus
2105 2928 2179 2995 luit:

193 3012 347 3075 iactantia
380 3017 491 3074 contra
532 3028 607 3070 suos
645 3006 887 3071 obtrectatores.
943 3007 1026 3072 Nam
1061 3028 1161 3088 quum
1212 3008 1299 3089 quod
1322 3009 1348 3072 si
1371 3029 1486 3072 verum
1501 3009 1571 3072 eins
1585 3029 1717 3074 sensum
1737 3019 1847 3075 maere
1869 3011 2020 3092 velimus,
2040 3014 2181 3079 nomnda

194 3107 272 3159 tnnc
306 3096 392 3157 inter
425 3094 560 3156 Iudaeos
594 3111 730 3153 numero
764 3101 796 3155 et
829 3092 1036 3159 multitudine
1066 3093 1162 3175 longe
1213 3101 1263 3157 est
1285 3091 1457 3158 antithesis
1480 3094 1567 3157 inter
1589 3094 1693 3158 lucem
1715 3093 1779 3159 Dei
1802 3104 1835 3160 et
1856 3095 1960 3163 lucem
1991 3097 2177 3165 hominum:

194 3178 422 3262 praevalerent
443 3178 543 3259 impii,
566 3174 744 3258 periculum
768 3187 839 3240 erat
860 3198 902 3241 ne
924 3177 1019 3242 fidem
1044 3198 1162 3260 pauco·
1212 3178 1245 3242 id
1268 3187 1327 3259 est,
1349 3177 1435 3240 inter
1450 3179 1703 3243 consolationem
1718 3199 1801 3261 quae
1816 3181 1955 3246 affertur
1972 3203 2031 3266 per
2046 3185 2179 3250 verbum

195 3286 267 3330 rum
297 3265 481 3329 obruerent.
526 3263 569 3324 Et
596 3262 801 3342 interrogans
829 3262 884 3326 ubi
914 3261 981 3325 sint
1010 3265 1162 3327 timentes
1213 3262 1288 3338 Dei,
1311 3276 1344 3328 et
1365 3283 1451 3327 vana
1473 3263 1643 3330 hominum
1666 3264 1790 3342 solatia,
1815 3266 1892 3332 dum
1914 3266 2012 3334 rebus
2026 3269 2179 3336 inanibus

194 3351 320 3428 Deum,
350 3350 547 3431 paucitatem
574 3366 684 3410 eorum
712 3356 812 3410 notat.
857 3346 988 3411 Interea
1016 3368 1160 3412 seorsum
1214 3368 1252 3412 ao
1274 3347 1370 3412 nihili
1392 3361 1550 3414 conantur
1580 3370 1617 3415 ac
1644 3360 1801 3434 satagunt
1828 3372 1968 3435 angores
1996 3374 2075 3421 suos
2104 3355 2179 3420 alle·

194 3458 249 3501 eos
271 3434 458 3517 compellat,
492 3442 529 3496 ut
549 3451 625 3496 sea
655 3433 834 3511 promiscua
864 3433 961 3498 turba
988 3433 1161 3517 explicent,
1214 3455 1303 3498 vare.
1348 3433 1434 3498 Nam
1458 3456 1556 3516 quum
1579 3436 1668 3517 prius
1691 3436 1730 3500 de
1753 3436 1826 3503 luce
1846 3449 1879 3502 et
1900 3437 2047 3505 tenebris
2070 3440 2180 3525 loquu-

196 3542 257 3585 nec
280 3521 484 3586 consentiant
507 3516 618 3600 pravis
641 3524 674 3579 et
696 3516 859 3582 damnatis
881 3519 1045 3585 consiliis:
1067 3519 1163 3585 sicuti
1215 3521 1341 3598 tussit,
1364 3539 1401 3585 ac
1423 3521 1486 3604 piis
1501 3520 1608 3587 lucem
1628 3522 1825 3603 promiserit,
1847 3524 1902 3605 qui
1918 3545 2030 3590 vocem
2047 3524 2181 3592 Domini

194 3627 241 3671 oa.
264 3607 284 3671 8
306 3606 463 3669 vidimus:
487 3605 536 3668 Ne
559 3601 683 3684 dicatis,
706 3603 911 3686 Oonspiratio
933 3611 993 3672 etc.
1038 3605 1162 3685 Quam·
1215 3605 1370 3672 audiunt:
1394 3606 1479 3672 hanc
1500 3607 1606 3672 lucem
1628 3606 1793 3673 aIudaeis
1814 3609 1967 3673 reiectam
1990 3630 2062 3676 esse
2081 3613 2181 3687 donet,

195 3694 247 3757 vie
269 3714 305 3756 er
329 3714 347 3755 o
370 3712 429 3755 suc
453 3710 587 3754 numero
610 3689 777 3772 ingentem
796 3690 975 3755 exercitum
991 3691 1164 3757 conficiant
1215 3700 1253 3757 ut
1275 3692 1372 3756 aliam
1394 3691 1455 3755 sibi
1479 3692 1709 3758 accenderent:
1732 3701 1829 3776 atque
1849 3695 1996 3760 futurum
2012 3695 2183 3763 denuntiat

196 3778 260 3841 Dei
283 3713 477 3851 adversarii,
507 3772 662 3856 quosdam
685 3782 793 3839 tamen
823 3776 969 3840 residuos
998 3797 1069 3842 esse
1098 3795 1164 3839 non
1216 3787 1252 3842 ιι
1274 3778 1337 3859 ipsi
1359 3777 1491 3842 tandem
1514 3778 1575 3843 hac
1597 3778 1678 3855 lnce,
1710 3778 1800 3843 velut
1821 3778 1981 3857 incendio,
2010 3782 2182 3849 absuman-

195 3865 323 3928 dubitat
350 3861 467 3935 Isaiae,
500 3859 584 3942 apud
614 3879 694 3940 quos
726 3861 872 3940 proficiet
909 3862 979 3926 eius
1008 3862 1164 3927 doctriua.
1217 3871 1280 3928 tur.
1325 3862 1381 3927 Sic
1409 3862 1586 3944 exprobrat
1614 3864 1768 3929 Christus
1796 3864 1927 3931 Iudaeis
1956 3864 2040 3951 (Ich.
2064 3868 2096 3951 5,
2118 3868 2183 3954 33),

195 3949 262 4013 Eos
284 3957 392 4013 autem
423 3946 599 4028 alloquitur
628 3945 681 4025 qui
705 3944 813 4008 Deum
841 3945 974 4011 timent:
1008 3947 1163 4029 quoniam
1217 3947 1303 4031 quod
1324 3949 1359 4012 in
1387 3947 1460 4013 luce
1481 3947 1640 4013 Iohannis
1671 3950 1893 4016 exsultarent:
1926 3954 2083 4034 quoniam
2115 3956 2183 4022 eius

196 4034 252 4098 ubi
275 4033 366 4097 nulla
386 4032 501 4116 religio
523 4050 560 4094 ao
579 4029 641 4093 Dei
664 4030 769 4105 timor,
793 4030 902 4095 nullus
924 4033 1022 4096 etiam
1046 4033 1165 4097 doctri·
1217 4053 1356 4115 persona
1377 4033 1417 4098 ab
1440 4033 1675 4098 obscurandam
1698 4045 1755 4100 aut
1777 4038 1885 4118 potius
1909 4039 2183 4122 exstinguendam

197 4139 260 4183 nae
294 4117 402 4183 aditus
434 4125 546 4199 patere
578 4126 693 4196 potest.
748 4113 907 4182 Videmus
945 4118 1033 4182 enim
1067 4139 1164 4202 quam
1217 4119 1343 4183 Ohristi
1370 4118 1510 4202 gloriam
1541 4117 1767 4184 abutebantur.
1812 4120 1963 4188 Obiioere
1995 4124 2083 4190 enim
2114 4146 2184 4209 per·

196 4214 350 4288 proterve
372 4223 443 4266 eam
467 4202 617 4266 reiiciont
639 4201 694 4282 qni
717 4198 834 4283 alioqui
858 4203 944 4266 acuti
974 4223 1011 4268 ae
1039 4205 1165 4287 perspi·
1217 4224 1330 4269 sonam
1352 4202 1527 4282 Iohannis,
1557 4225 1640 4286 quae
1662 4206 1786 4272 Christi
1808 4207 1930 4291 gloriae
1955 4211 2108 4277 tenebrae
2130 4213 2183 4278 ob·

197 4310 289 4355 cacas
310 4288 423 4374 haberi
447 4287 569 4362 volunt,
599 4306 674 4349 nam
699 4284 775 4367 quia
802 4287 888 4351 fastu
917 4289 1031 4365 inflati,
1058 4310 1078 4354 a
1101 4312 1166 4354 mc-
1218 4288 1359 4367 duceret,
1381 4288 1461 4353 nihil
1480 4289 1567 4355 aliud
1588 4299 1659 4355 erat
1676 4313 1773 4375 quam
1791 4292 1896 4358 lucem
1915 4295 1979 4360 Dei
1999 4296 2034 4360 in
2053 4296 2185 4365 homine

198 4375 304 4440 destia
325 4384 357 4439 et
377 4372 559 4437 hnmilitate
581 4371 765 4448 abhorrent,
789 4371 823 4434 in
847 4372 906 4437 hac
921 4373 983 4438 Dei
1007 4375 1166 4457 sapientia
1217 4374 1347 4440 mortali
1369 4374 1550 4459 fulgentem
1572 4378 1792 4460 exstinguere,
1814 4389 1853 4443 ut
1873 4378 1970 4445 aliam
1993 4381 2055 4447 sibi
2071 4403 2184 4451 ιοιιιι·

198 4462 391 4544 plusquam
426 4458 546 4540 stupidi
579 4467 665 4522 eunt.
711 4455 786 4519 Non
820 4457 877 4521 ahs
906 4478 941 4523 re
975 4460 1075 4542 igitur
1105 4460 1168 4525 hoc
1218 4461 1349 4524 derant:
1373 4481 1438 4525 non
1461 4481 1543 4543 quae
1565 4464 1653 4527 viam
1675 4464 1887 4529 monstrando
1909 4466 1997 4547 ipsos
2018 4466 2184 4554 dirigeret,

197 4545 448 4612 fundamentum
471 4542 598 4608 statuit:
627 4562 743 4623 nempe
767 4541 916 4606 timorem
938 4543 1010 4621 Dei,
1033 4555 1070 4609 ut
1091 4566 1165 4609 ver·
1217 4545 1332 4611 sedin
1355 4567 1419 4629 qua
1444 4558 1650 4629 praepostere
1679 4549 1870 4615 exsultando
1902 4553 2094 4636 praecipites
2123 4555 2185 4621 huc

198 4632 277 4698 bum
319 4632 388 4696 eius
426 4638 551 4693 attente
584 4627 820 4712 diligenterque
853 4628 1014 4694 audiatur.
1068 4629 1166 4696 Unde
1218 4642 1250 4696 et
1272 4631 1348 4697 illuc
1371 4632 1542 4698 ferrentur.
1576 4632 1698 4699 Diaeus
1721 4646 1839 4713 autem,
1862 4636 2079 4705 circumdatos
2099 4643 2185 4708 scin·

199 4718 299 4782 etiam
322 4723 457 4799 apparet
484 4733 643 4795 nusquam
674 4733 744 4777 esse
775 4732 889 4776 verum
913 4712 977 4778 Dei
1005 4715 1165 4795 timorem,
1218 4716 1306 4792 tillia,
1329 4718 1521 4801 perstringit
1534 4721 1640 4784 varias
1663 4721 1807 4803 ipsorum
1829 4722 2047 4806 cogitationes,
2067 4727 2185 4809 quibus

199 4804 262 4869 nisi
285 4803 340 4867 uhi
364 4800 459 4865 datur
482 4797 648 4863 audientia
677 4799 776 4862 verbo
804 4799 924 4881 ipsius:
960 4821 1035 4864 nam
1064 4799 1165 4886 hypo·
1218 4803 1344 4867 incitati
1366 4802 1430 4867 huc
1452 4813 1550 4885 atque
1572 4805 1650 4868 illuc
1675 4805 1789 4870 incerti
1820 4807 2024 4875 ferebantur:
2059 4814 2185 4879 vanita-

199 4890 302 4955 critae
324 4887 453 4971 quidem
476 4903 595 4968 magno
617 4884 790 4966 supercilio
812 4885 933 4948 iactant
959 4885 1110 4966 pietatem
1133 4897 1167 4952 et
1218 4899 1347 4971 temque
1370 4908 1482 4953 eorum
1512 4891 1572 4957 hoc
1595 4890 1690 4957 modo
1720 4891 1861 4970 daudet,
1891 4894 1978 4977 quod
2008 4898 2042 4961 iu
2075 4919 2188 4980 quam·

200 4978 350 5040 timorem
374 4972 453 5036 Dei:
476 4969 533 5036 sed
553 4969 697 5052 produnt
717 4969 918 5050 pervicacem
935 4980 1165 5054 contemptum,
1218 4994 1357 5056 cumque
1378 4981 1503 5057 partem
1534 4996 1589 5041 eos
1616 4974 1784 5042 traherent
1812 4999 1916 5045 vanae
1947 4980 2119 5050 illecebrae
2150 4985 2187 5051 li·

200 5080 300 5142 quum
319 5078 404 5124 evan
428 5057 480 5122 elii
499 5054 679 5122 doctrinam
696 5074 873 5136 omnesque
888 5054 957 5137 pias
973 5057 1166 5124 monitiones
1218 5059 1332 5124 benter
1353 5069 1387 5123 et
1408 5059 1523 5143 cupide
1541 5062 1725 5127 currebant.

200 5145 361 5210 reiiciunt.
440 5164 497 5209 aec
524 5141 613 5206 enim
643 5148 732 5207 certa
758 5139 904 5222 ipsorum
935 5143 1079 5224 probatio
1108 5156 1166 5226 est,
1304 5143 1387 5230 (Ite.)
1427 5148 1476 5212 Ac
1497 5147 1525 5212 si
1548 5145 1685 5213 diceret:
1707 5148 1932 5230 Experiemini
1954 5173 2054 5236 quam
2076 5155 2187 5222 inanis

200 5238 238 5295 ut
259 5229 352 5296 fucus
373 5250 468 5313 quem
490 5228 596 5296 lacere
617 5225 731 5293 volunt
753 5223 930 5309 detegatur.
1217 5242 1251 5296 et
1276 5231 1417 5297 evanida
1446 5233 1489 5298 sit
1519 5232 1577 5298 lux
1607 5243 1716 5299 vestra
1741 5234 1797 5299 ubi
1827 5256 1885 5300 vos
1912 5257 1987 5321 spes
2013 5238 2053 5306 de
2083 5241 2188 5309 nihilo
