4784 5970
194 381 256 448 act
1057 377 1208 445 CAPU'P
1229 379 1324 446 LIII.
2123 382 2187 448 258

194 570 432 636 resurrectione
460 568 659 636 considerari
683 567 786 634 debet.
833 567 929 648 Quod
952 569 979 632 si
1002 568 1163 649 quispiam
1189 586 1193 625 ι
1216 578 1254 632 ut
1276 574 1426 635 occurrat
1447 569 1600 636 scandalo
1622 569 1707 652 quod
1724 570 1844 635 oboriri
1859 571 2028 654 potuisset.
2061 570 2187 636 Multos

195 658 474 721 aresurreotione
506 655 635 719 initium
667 656 772 719 facere
795 653 885 730 velit,
915 673 980 718 non
1010 663 1166 736 aequetur
1217 653 1306 718 enim
1328 655 1546 736 spectaculum
1569 655 1673 721 crucis
1696 655 1859 720 abalienat
1880 676 1900 720 a
1922 656 2072 736 Christo,
2106 655 2186 721 dum

195 741 340 807 ordinem
364 742 419 822 qui
443 738 672 823 praescribitur
694 762 714 804 a
734 739 901 821 propheta,
925 760 985 804 neo
1007 738 1164 803 virtutem
1217 759 1256 803 ea
1278 759 1362 822 quae
1382 741 1484 805 oeulis
1512 740 1710 806 obiiciuntur
1740 741 1966 819 considerant,
1999 763 2059 808 nec
2087 742 2186 807 finem

196 827 331 894 Domini
353 840 386 891 et
407 828 584 909 potentiam
607 824 869 905 comprehendet.
1217 825 1265 888 rei
1288 825 1472 891 attendunt.
1518 825 1636 892 Omnis
1658 847 1736 892 vero
1767 826 1894 891 tollitur
1923 827 2075 910 offensio,
2107 827 2186 892 dum

281 911 523 995 (abscondimus
553 910 692 996 sociem.)
742 911 815 975 Non
850 911 907 975 abs
941 931 976 974 re
1008 931 1085 975 usus
1117 917 1167 973 est
1218 910 1279 974 hac
1306 921 1409 975 morte
1441 911 1571 994 expiata
1599 932 1669 977 esse
1698 921 1830 994 peccata
1859 923 1971 977 nostra
2000 924 2032 977 et
2058 920 2186 995 partam

196 1000 299 1081 prima
328 1019 476 1080 persona,
509 999 660 1080 quoniam
695 996 879 1061 universale
911 995 1067 1062 iudicium
1097 994 1167 1060 lore
1218 996 1311 1060 nobis
1343 997 1482 1062 salutem
1516 998 1739 1080 intelligimus.
1796 996 1975 1081 Corripere.
2027 998 2187 1063 Nonnulli

196 1085 367 1167 significat.
413 1084 516 1148 Nemo
539 1083 626 1147 euim
649 1083 744 1147 aliter
772 1082 903 1165 iugenio
933 1103 991 1147 suo
1020 1101 1166 1162 compre·
1218 1079 1303 1146 hanc
1325 1083 1571 1165 castigationem
1595 1083 1668 1148 ideo
1684 1084 1779 1164 pacis
1800 1087 1907 1149 vocari
1937 1091 2072 1166 putant,
2101 1081 2187 1165 quod

195 1168 337 1234 heudere
360 1171 488 1252 poterit,
520 1169 583 1232 nisi
605 1190 678 1233 eum
702 1166 864 1232 Dominus
887 1168 1029 1249 corrigat
1051 1166 1167 1248 spiritu
1218 1168 1324 1232 securi
1346 1178 1457 1232 essent
1478 1168 1635 1245 homines,
1659 1182 1756 1250 atque
1778 1168 2020 1251 obstupuissent
2040 1171 2073 1233 iu
2092 1169 2188 1235 malis

196 1276 267 1334 suo,
300 1267 398 1337 atque
419 1256 455 1319 in
479 1255 594 1318 melius
623 1254 787 1318 reformet.
833 1253 906 1317 Etsi
935 1264 1045 1316 autem
1073 1273 1167 1333 prae·
1218 1253 1303 1317 suis:
1336 1255 1471 1336 ideoque
1494 1253 1662 1320 Christum
1688 1257 1756 1337 pati
1778 1256 1970 1336 oportuisse.
2015 1255 2100 1331 Alii,
2130 1276 2187 1337 pa·

196 1342 289 1422 cipue
308 1340 439 1404 videtur
457 1340 595 1404 Iudaeos
614 1340 841 1422 perstringere,
860 1358 879 1402 a
898 1339 1014 1420 quibus
1032 1338 1167 1402 minime
1218 1359 1288 1402 oem
1312 1340 1457 1404 referunt
1480 1339 1521 1404 ad
1543 1341 1764 1416 conscientias,
1790 1361 1920 1422 passum
1943 1340 2095 1405 videlicet
2116 1359 2188 1408 esse

197 1426 329 1490 decebat
361 1426 466 1490 filium
488 1426 551 1489 Dei
582 1427 779 1509 promissum
812 1434 846 1489 et
874 1423 1017 1489 oblatum
1047 1424 1092 1486 ita
1112 1444 1167 1486 su·
1218 1423 1406 1505 Christum,
1441 1436 1476 1490 ut
1509 1425 1701 1508 tranquillas
1733 1426 1947 1492 conscientias
1976 1425 2186 1490 haberemus:

196 1510 294 1594 perbe
327 1513 447 1593 respui,
480 1510 618 1592 ideoque
647 1532 682 1575 se
710 1531 812 1574 unum
846 1510 923 1574 iacit
951 1530 992 1572 ex
1023 1528 1167 1584 numero,
1218 1510 1490 1590 quemadmodum
1514 1511 1592 1577 dicit
1620 1512 1743 1576 Paulus
1772 1512 1881 1597 (Rom.
1905 1512 1934 1589 5,
1959 1510 2007 1596 1),
2037 1532 2096 1576 nos
2123 1510 2188 1575 fide

197 1598 273 1681 quia
296 1597 478 1661 membrum
500 1610 570 1661 erat
592 1595 702 1679 populi
724 1595 829 1660 illius:
863 1595 1027 1660 discamus
1057 1604 1167 1658 tamen
1218 1615 1276 1676 per
1298 1595 1467 1661 Christum
1490 1597 1682 1662 iustificatos
1704 1617 1816 1679 pacem
1832 1597 1953 1662 habere
1968 1597 2054 1679 apud
2070 1596 2187 1662 Deum.

197 1704 238 1747 ex
261 1683 321 1747 hoo
343 1682 413 1749 loco
434 1693 568 1748 cunctos
591 1683 745 1746 mortales
767 1682 800 1744 in
825 1680 950 1745 Christi
978 1688 1168 1761 contemptu
1219 1681 1290 1762 Ego
1327 1703 1402 1746 vero
1434 1683 1626 1765 simpliciter
1659 1684 1780 1765 accipio
1817 1703 1876 1764 pro
1917 1682 2188 1749 reconciliatione.

197 1769 301 1833 notari
317 1767 563 1850 ingratitudinis
578 1787 616 1833 ac
631 1767 793 1832 damnari:
812 1767 966 1848 quoniam
983 1786 1023 1830 ne
1035 1773 1167 1847 aspectu
1219 1765 1371 1831 Christus
1400 1769 1487 1832 enim
1517 1769 1741 1851 castigationis
1768 1779 1914 1845 nostrae,
1948 1769 1981 1833 id
2010 1777 2073 1846 est,
2106 1787 2189 1850 quae

197 1854 326 1937 quidem
351 1855 486 1936 dignum
507 1852 666 1930 iudicent,
693 1852 748 1918 sed
772 1852 881 1917 oculos
903 1861 1054 1917 avertant
1076 1851 1167 1932 quasi
1220 1852 1312 1916 nobis
1335 1851 1528 1935 debebatur,
1561 1856 1700 1936 pretium
1724 1855 1793 1920 fuit.
1837 1854 1889 1918 Ita
1919 1863 2032 1935 pacata
2062 1862 2112 1917 est
2140 1853 2190 1917 ira

197 1960 273 2004 are
295 1937 519 2003 abominanda.
1219 1937 1299 2015 Dei,
1333 1939 1471 2020 quaein
1495 1959 1555 2003 nos
1576 1941 1690 2004 merito
1719 1960 1855 2005 accensa
1883 1950 1961 2005 erat.
2007 1939 2078 2003 Pax
2107 1939 2189 2002 inita

282 2027 312 2090 4.
342 2023 440 2110 (Sane
462 2022 649 2107 languores.)
693 2022 861 2088 Particula
890 2035 945 2116 qntt
975 2022 1167 2087 nouaclum
1219 2023 1289 2104 ipso
1312 2023 1498 2101 mediatore,
1520 2046 1584 2106 qua
1606 2026 1806 2090 reconciliati
1829 2046 1950 2090 sumus.
1984 2025 2081 2090 Unde
2103 2023 2189 2089 oolli-

198 2113 392 2176 affirmautis
415 2121 473 2186 est,
504 2110 562 2174 sed
583 2128 699 2174 causae
729 2109 943 2173 redditionem
974 2106 1070 2172 simul
1093 2127 1168 2172 con·
1219 2108 1326 2191 ganda
1348 2119 1398 2176 est
1424 2110 1621 2175 universalis
1651 2111 1814 2192 doctriua,
1848 2131 1908 2175 nos
1937 2111 2058 2176 scilicet
2088 2110 2190 2193 gratis

198 2197 296 2261 tinet:
327 2218 427 2278 quum
451 2195 575 2260 scilicet
597 2192 718 2276 aliquid
741 2196 916 2277 praecessit
937 2193 1023 2276 quod
1046 2213 1168 2256 novum
1220 2195 1419 2260 reconciliari
1441 2195 1531 2262 Deo:
1565 2198 1640 2277 quia
1662 2196 1815 2260 Christus
1838 2197 1925 2278 pacis
1955 2200 2085 2260 nostrae
2117 2217 2189 2278 pre·

199 2287 231 2346 et
253 2283 397 2346 insolens
418 2280 522 2345 videri
545 2288 662 2363 posset.
707 2279 792 2344 Nam
815 2281 918 2344 instar
941 2279 1082 2361 portenti
1111 2288 1168 2353 est,
1221 2280 1301 2344 tium
1325 2281 1489 2362 persolvit.
1533 2281 1606 2348 Hoc
1628 2281 1756 2363 quidem
1781 2283 1925 2346 fatentur
1947 2283 2109 2364 papistae:
2133 2278 2189 2345 sed

198 2389 272 2433 eum
295 2369 340 2432 ita
363 2368 523 2450 prosterni
554 2386 590 2430 ao
613 2366 720 2442 deiioi,
751 2367 802 2431 cui
826 2365 917 2430 Deus
947 2385 1110 2429 summum
1135 2365 1168 2427 iu
1220 2366 1335 2430 deinde
1380 2365 1421 2431 ad
1464 2368 1620 2450 originale
1664 2375 1831 2450 peccatum
1881 2367 1965 2432 hauc
2009 2365 2190 2431 doctrinam

198 2474 311 2519 omnes
333 2453 506 2536 imperium
537 2452 641 2515 dedit:
672 2451 780 2534 idque,
810 2452 874 2515 uisi
896 2472 995 2516 causa
1018 2449 1168 2514 reddere·
1220 2452 1439 2535 restringunt:
1466 2454 1557 2534 quasi
1581 2462 1654 2535 post
1676 2452 1872 2535 baptismum
1895 2454 2057 2536 gratuitae
2079 2472 2190 2517 recon-

198 2552 261 2616 tur,
290 2560 402 2603 omnes
425 2537 603 2602 absurdum
629 2537 821 2601 iudicarent.
866 2537 974 2600 Causa
995 2536 1097 2618 igitur
1117 2536 1167 2598 in·
1220 2537 1375 2601 oiliationi
1399 2538 1538 2619 amplius
1561 2559 1624 2602 non
1647 2539 1690 2602 sit
1718 2538 1821 2603 locus:
1853 2539 1909 2603 sed
1940 2538 2064 2601 meritis
2094 2548 2190 2618 atque

198 2625 378 2701 firmitatis,
412 2624 560 2687 dolorum
594 2635 690 2704 atque
723 2623 920 2705 ignominiae
952 2621 1077 2686 Christi
1109 2628 1167 2695 est,
1220 2622 1371 2703 operibus
1395 2624 1515 2688 uostris
1536 2623 1800 2688 satisfaciendum
1823 2623 1874 2687 sit.
1908 2625 2009 2704 Atqui
2034 2622 2190 2704 propheta

198 2710 285 2793 quod
308 2711 483 2791 languores
506 2718 634 2772 nostros
653 2708 736 2771 tulit.
771 2707 960 2771 Matthaeus
978 2706 1021 2791 (8,
1036 2706 1089 2790 17)
1108 2705 1170 2770 hoc
1221 2728 1285 2771 uon
1310 2706 1349 2771 de
1372 2729 1438 2771 una
1460 2712 1566 2789 specie
1589 2709 1788 2773 remissionis
1816 2708 1869 2774 hio
1900 2719 2031 2789 tractat,
2063 2707 2119 2771 sed
2149 2707 2190 2771 ad

200 2796 388 2861 vaticinium
412 2796 505 2871 citat,
536 2803 706 2874 postquam
729 2793 844 2856 retulit
866 2791 1037 2857 Christum
1061 2791 1169 2856 varios
1221 2801 1325 2856 totum
1349 2794 1435 2857 vitae
1458 2813 1588 2857 cursum
1611 2793 1671 2859 hoo
1695 2795 1886 2859 beneficium
1916 2792 2072 2858 extendit.
2117 2791 2190 2857 Hoc

198 2882 327 2946 morbos
350 2899 494 2944 curasse:
518 2900 619 2961 quum
639 2890 746 2941 tamen
771 2887 895 2942 certum
914 2879 957 2943 sit
975 2880 1082 2960 ipsum
1103 2897 1168 2940 uon
1221 2879 1321 2961 igitur
1333 2879 1428 2943 modo
1440 2880 1609 2943 extenuari
1626 2890 1682 2943 aut
1697 2880 1736 2943 ad
1753 2889 1877 2944 certum
1893 2890 2021 2959 tempus
2036 2878 2190 2961 restringi

198 2967 349 3033 curandis
376 2966 583 3048 corporibus,
613 2962 669 3028 sed
691 2965 808 3028 animis
839 2962 944 3045 potius
971 2963 1168 3027 destinatum
1221 2966 1292 3028 sine
1314 2984 1442 3028 sumruo
1464 2964 1634 3046 sacrilegio
1654 2987 1718 3030 non
1742 2972 1858 3045 potest.
1902 2964 1991 3028 Hinc
2021 2964 2119 3028 etiam
2142 2963 2190 3027 fa-

199 3073 287 3119 esse:
326 3073 402 3116 nam
437 3051 477 3114 de
511 3049 733 3131 spiritualibus
769 3049 981 3133 languoribus
1014 3047 1170 3130 intelligit
1221 3050 1281 3113 cile
1312 3050 1516 3114 convincitur
1546 3052 1767 3115 commentitia
1797 3050 1960 3116 distinctio
1990 3051 2191 3132 papistarum

199 3138 367 3221 propheta.
412 3136 478 3201 Sed
501 3138 536 3200 in
558 3135 721 3200 miraculis
745 3156 826 3216 quae
848 3134 1003 3200 sanandis
1026 3133 1170 3216 eorpori-
1222 3136 1262 3200 de
1284 3135 1474 3200 remissione
1498 3156 1620 3217 poenae
1642 3146 1675 3201 et
1696 3135 1818 3218 culpae.
1860 3136 2005 3201 Poenam
2026 3136 2113 3199 enim
2136 3156 2190 3199 no·

198 3226 258 3290 bus
281 3222 382 3287 edidit
403 3223 555 3288 Christus
576 3223 739 3302 specimen
763 3222 912 3303 praebuit
933 3219 1049 3284 salutis
1071 3239 1169 3302 quam
1221 3222 1270 3286 bis
1304 3221 1428 3285 remitti
1461 3220 1594 3299 uolunt,
1636 3223 1698 3287 nisi
1739 3222 2012 3288 satisfactionibus
2052 3220 2190 3286 eluatur.

199 3309 462 3373 animisnostris
493 3308 597 3371 affert.
642 3308 732 3389 llrgo
756 3307 852 3388 louge
874 3306 972 3370 altius
1001 3305 1169 3387 spectabat
1222 3307 1324 3388 Atqui
1346 3306 1505 3389 propheta
1527 3315 1713 3372 nostrorum
1733 3307 1890 3373 scelerum
1907 3327 2043 3389 poenam
2061 3307 2096 3370 in
2115 3325 2189 3369 eum

198 3396 256 3458 illa
277 3395 411 3473 sanatio,
434 3413 534 3475 quam
553 3391 594 3456 ad
609 3411 759 3474 corpora:
783 3394 858 3473 quia
876 3391 1021 3455 medicus
1044 3392 1168 3454 anima·
1221 3392 1413 3457 translatam
1445 3413 1515 3457 ease
1548 3404 1657 3474 aperte
1691 3393 1793 3456 docet.
1846 3391 1935 3472 Quid
1967 3412 2043 3475 ergo
2078 3391 2191 3455 volunt

199 3501 272 3545 rum
295 3482 494 3544 constitutus
523 3483 581 3542 est.
626 3478 769 3560 Ideoque
792 3476 980 3542 Matthaeus
1010 3475 1051 3540 ad
1079 3497 1168 3558 sym·
1221 3479 1382 3560 papistae,
1411 3498 1509 3558 quam
1532 3481 1619 3558 quod
1643 3479 1721 3543 socii
1743 3487 1776 3541 et
1796 3477 1937 3559 collegae
1960 3476 2083 3543 Christi
2111 3495 2190 3555 esse,

199 3566 309 3631 bolum
341 3565 497 3630 transfert
526 3563 611 3646 quod
634 3565 697 3646 ipsi
720 3564 769 3629 rei
791 3576 824 3627 et
847 3563 978 3627 veritati
1000 3562 1169 3626 convenia·
1220 3578 1250 3628 et
1274 3583 1478 3628 communem
1509 3563 1571 3628 sibi
1601 3585 1675 3628 oum
1704 3565 1773 3644 ipso
1803 3564 2008 3627 autoritatem
2038 3582 2191 3645 arrogare

199 3651 263 3716 bat.
308 3650 461 3716 Ostendit
491 3649 632 3714 secundo
655 3650 800 3713 membro
831 3656 956 3730 quauta
984 3645 1083 3710 fuerit
1111 3666 1167 3727 po·
1220 3647 1358 3714 volunt?

199 3737 269 3818 puli
297 3735 498 3819 ingratitudo
521 3747 553 3800 et
575 3736 734 3816 pravitas,
764 3734 916 3815 quinon
945 3732 1082 3816 agnovit
1111 3752 1170 3796 cur
1306 3731 1363 3818 (Iu
1384 3733 1478 3797 licere
1500 3732 1591 3817 eiua.)
1635 3733 1760 3797 Iterum
1792 3755 1851 3800 nos
1880 3732 1920 3797 ad
1943 3733 2113 3798 Christum
2142 3753 2191 3797 re-

200 3829 267 3886 tam
290 3823 416 3886 duriter
445 3822 646 3904 affligeretur
669 3821 836 3885 Christus:
871 3817 928 3882 sed
951 3819 991 3882 ob
1014 3836 1074 3882 sua
1097 3837 1169 3897 pro·
1222 3829 1331 3895 vocat,
1366 3828 1403 3882 ut
1432 3820 1655 3902 confugiamus
1685 3818 1725 3883 ad
1754 3820 1822 3886 eius
1852 3819 2005 3893 vulnera,
2039 3819 2066 3883 si
2096 3818 2191 3884 modo

199 3909 271 3990 pria
303 3908 405 3989 ipsius
434 3906 556 3971 scelera
584 3926 715 3971 caesum
745 3926 765 3969 a
793 3905 865 3968 Deo
897 3925 967 3969 esse
1002 3904 1169 3967 existima·
1222 3908 1322 3968 vitam
1345 3924 1536 3985 recuperare
1560 3904 1707 3969 velimus.
1752 3905 1817 3972 Hic
1843 3904 1931 3970 enim
1961 3904 2067 3986 ipsum
2098 3905 2191 3969 nobis

200 4002 293 4072 runt,
324 4013 419 4074 quem
444 4002 553 4055 tamen
576 3993 720 4056 sciebant
748 3989 1049 4055 innocentissimum
1082 4007 1169 4052 esse:
1221 3991 1372 4072 opponit:
1405 3990 1482 4070 quia
1515 3990 1548 4053 in
1582 3990 1675 4055 nobis
1708 3991 1792 4054 nihil
1826 4002 1953 4073 praeter
1987 3990 2125 4054 exitium
2159 3998 2192 4055 et

200 4100 237 4143 ac
260 4077 361 4143 iudex
387 4079 456 4160 ipse
485 4077 689 4143 innocentiae
718 4077 789 4141 eius
819 4076 1041 4141 testimonium
1071 4073 1168 4137 dedit.
1221 4086 1359 4140 mortem
1383 4075 1520 4156 reperiri
1543 4086 1666 4158 potest:
1695 4077 1729 4140 in
1753 4097 1818 4141 uno
1841 4076 1972 4141 Christo
1995 4075 2063 4141 vita
2085 4085 2118 4140 et
2140 4097 2191 4141 aa·

201 4163 312 4244 Quum
335 4184 413 4247 ergo
436 4164 606 4227 innoxium
630 4161 795 4226 hominem
816 4182 936 4244 poenas
958 4161 1034 4224 dare
1052 4159 1169 4223 intelli·
1220 4163 1281 4226 lus.
1325 4160 1360 4225 la
1382 4161 1469 4226 solus
1491 4161 1685 4226 medicinam
1708 4164 1802 4227 nobis
1824 4161 1948 4226 attulit:
1981 4161 2046 4225 imo
2068 4161 2191 4226 sanita·

201 4258 284 4333 gunt
313 4270 425 4315 eorum
455 4270 538 4333 quae
568 4267 633 4312 non
663 4246 810 4329 admisit,
844 4262 902 4312 our
930 4268 996 4310 non
1026 4246 1170 4328 cogitant
1222 4260 1289 4311 tem
1319 4247 1441 4328 peperit
1476 4267 1535 4311 sua
1568 4248 1773 4325 infirmitate,
1807 4247 1902 4313 sicuti
1934 4257 2038 4312 morte
2071 4249 2190 4310 vitam:

202 4333 324 4416 aliquid
354 4356 418 4399 non
445 4335 581 4418 vulgare
610 4335 645 4396 in
675 4352 713 4395 eo
743 4333 948 4414 designatum
978 4331 1071 4397 esse?
1104 4329 1171 4396 Sed
1222 4333 1299 4415 quia
1321 4331 1407 4397 solus
1431 4331 1572 4413 placavit
1596 4343 1730 4413 patrem,
1760 4334 1847 4399 solus
1869 4333 1897 4397 ei
1921 4354 1981 4397 nos
2003 4332 2192 4397 reconcilia·

202 4421 277 4501 quia
298 4420 506 4486 vulneratum
528 4429 562 4483 et
583 4417 743 4483 abiectum
765 4418 894 4494 vident,
926 4418 964 4481 de
987 4437 1084 4482 causa
1106 4439 1170 4481 non
1223 4421 1279 4484 vit.
1315 4418 1488 4499 Possemus
1511 4419 1564 4484 hic
1585 4419 1701 4482 afferre
1724 4420 1827 4484 multa
1850 4420 1890 4484 de
1907 4420 2013 4484 fructu
2032 4419 2192 4501 passionis

201 4506 386 4586 inquirunt:
422 4516 519 4588 atque
548 4506 588 4570 ab
610 4514 731 4568 eventu
761 4502 963 4568 solummodo
992 4501 1043 4588 (ut
1065 4503 1170 4568 solent
1223 4505 1362 4579 Christi,
1396 4502 1458 4568 nisi
1492 4505 1701 4586 interpretari
1735 4506 1842 4586 potius
1876 4526 1973 4587 quam
2007 4504 2192 4571 concionari

202 4590 309 4675 stulti)
337 4590 491 4655 iudicium
516 4593 634 4656 lerunt.
679 4589 803 4670 Itaque,
828 4588 867 4652 de
889 4610 1044 4672 perverso
1067 4589 1171 4653 homi·
1223 4590 1316 4655 nobis
1344 4590 1556 4655 constitutum
1586 4599 1680 4654 esset.
1724 4590 1840 4672 Itaque
1869 4590 2006 4672 simplici
2034 4592 2192 4671 interpre-

203 4698 282 4742 num
306 4676 424 4740 iudicio
446 4676 718 4759 queriturIsaias,
741 4675 825 4757 quod
844 4685 1009 4739 tantarum
1027 4675 1171 4739 afflietio·
1224 4677 1346 4740 tatione
1387 4676 1530 4740 contenti
1570 4677 1681 4740 simus.
1736 4675 1968 4759 Unusquisque
2003 4696 2079 4740 vero
2115 4677 2192 4740 hinc

202 4784 282 4828 num
311 4782 441 4828 causam
465 4765 498 4826 in
522 4763 655 4828 Christo
685 4781 751 4825 non
777 4770 946 4842 reputent:
981 4763 1170 4842 praesertim
1223 4760 1477 4827 consolationem
1496 4761 1663 4844 pereipiat,
1686 4772 1784 4843 atque
1803 4764 1942 4826 fructum
1961 4761 2058 4826 huius
2076 4761 2192 4825 doctri-

202 4870 281 4914 vero
306 4846 534 4912 hebetudinem
560 4846 666 4931 gentis
688 4868 764 4911 suae
787 4846 950 4927 deplorat:
982 4848 1056 4928 quia
1078 4855 1172 4929 puta·
1224 4867 1285 4911 nae
1323 4847 1358 4909 in
1399 4867 1494 4909 usum
1534 4867 1629 4911 suum
1670 4849 1897 4913 accommodet.
1962 4846 2047 4911 Nam
2091 4868 2190 4928 quum

204 4934 288 5000 verit
317 4933 425 4998 Deum
450 4932 583 4998 Christo
615 4933 779 4997 insensum
810 4952 881 4997 esse
910 4931 1050 5010 hostem,
1085 4943 1171 5013 post·
1224 4932 1351 5016 publice
1374 4932 1534 5008 omuibus,
1565 4941 1635 4996 tum
1665 4934 1803 5017 singulis
1833 4935 2006 5016 separatim
2035 4931 2113 4997 haec
2143 4933 2191 4996 di·

204 5021 314 5084 habito
344 5020 504 5085 scelerum
533 5039 665 5083 suorum
695 5028 856 5100 respectu,
890 5039 973 5100 quae
996 5018 1056 5083 hoc
1078 5017 1173 5081 modo
1224 5031 1352 5082 cuntur.
2010 5025 2015 5039 ⁸

204 5107 365 5188 expianda
387 5113 489 5170 erant.
1311 5104 1339 5167 6.
1365 5101 1494 5184 (Omnes
1515 5122 1571 5167 rios
1588 5107 1736 5186 unquam
1753 5104 1845 5186 oves.)
1879 5105 1924 5169 Ut
1943 5103 2059 5167 melius
2077 5106 2192 5186 infigat

289 5192 319 5256 5.
343 5190 457 5274 (Atque
478 5192 545 5272 ipse
566 5189 748 5253 vulneratas
770 5195 813 5253 est
823 5193 951 5271 propter
968 5186 1173 5272 iniquitates.)
1226 5189 1344 5253 animis
1367 5189 1537 5253 hominum
1561 5189 1752 5254 beneficium
1776 5191 1890 5255 mortis
1913 5189 2056 5274 Christi,
2084 5201 2191 5254 osten·

205 5276 332 5341 Iterum
346 5297 477 5342 causam
494 5277 612 5358 repetit
630 5286 793 5339 tantarum
809 5275 934 5341 Christi
949 5272 1173 5357 afflictionum,
1226 5273 1273 5338 dit
1307 5294 1406 5356 quam
1439 5278 1621 5342 necessaria
1653 5276 1696 5341 sit
1728 5276 1784 5340 illa
1817 5277 1943 5341 sanatio
1975 5277 2066 5341 cuius
2101 5277 2191 5359 prius

302 5378 413 5434 Calcias'
428 5393 522 5446 opera
554 5376 614 5432 Vol.
629 5376 794 5432 XXXVII.
1956 5376 1989 5430 17
