4784 5970
197 375 259 440 667
992 373 1376 443 ΡΒΔΕΒΕΟΤΙΟΝΕΒ
2127 367 2190 433 668

196 586 230 629 ιι
253 585 317 628 non
339 562 450 645 magni
473 582 542 626 esse
564 562 721 628 momenti
743 582 851 628 coram
872 560 953 641 Deo,
980 561 1038 628 sed
1059 563 1158 629 fuisse
1210 562 1310 645 pheta
1328 563 1382 629 hic
1399 563 1461 629 sibi
1480 561 1577 629 fidem
1595 560 1757 643 vendicat,
1779 567 1899 623 utnon
1919 563 2054 624 tantum
2073 553 2187 631 libere,

195 650 271 714 olim
295 647 479 711 testimonia
501 647 719 729 poenitentiae
741 668 841 729 quum
863 647 1024 732 supplices
1046 647 1157 731 depre·
1199 647 1266 733 ‚sed
1288 650 1387 714 etiam
1409 669 1467 732 pro
1488 648 1625 732 imperio
1646 645 1802 731 populum
1824 651 1997 728 coarguat:
2020 641 2107 725 quia
2125 643 2188 707 sci·

195 745 345 800 curentur
366 734 449 797 irem
472 732 548 808 Dei,
578 741 611 798 et
632 732 703 797 ideo
726 732 904 816 prophetae
931 755 999 799 rem
1021 754 1159 817 saepea
1209 755 1283 800 mus
1304 733 1405 799 fuisse
1426 754 1555 818 semper
1579 733 1645 798 illis
1666 734 1700 797 in
1730 751 1786 797 ore
1813 729 1931 794 multas
1958 728 2186 811 exceptiones,

194 821 289 901 signo
311 820 381 899 ipso
404 819 584 899 designant.
629 816 820 884 Tenendum
849 829 898 884 est
920 820 1046 885 interea
1072 819 1157 902 quod
1208 820 1256 884 ita
1277 829 1314 884 ut
1335 818 1558 902 propheticam
1580 818 1760 885 doctrinam
1785 822 1995 882 contemnere
2026 811 2091 878 sibi
2114 832 2187 894 per·

195 905 271 970 dicit
292 903 361 967 Ioel
383 902 426 987 (2,
450 904 514 988 13),
543 903 720 970 scindenda
742 925 813 969 esse
834 903 939 981 corda,
970 926 1036 969 non
1059 905 1157 970 vesti·
1210 904 1387 982 mitterent,
1417 923 1453 969 ac
1475 905 1504 971 si
1533 925 1598 970 non
1629 911 1713 970 esset
1740 923 1760 968 a
1788 899 1860 965 Deo
1887 899 2047 982 presente.
2092 897 2187 963 Haec

194 998 313 1055 menta.
344 987 407 1054 Sed
427 991 601 1071 prophetae
624 1001 758 1054 sumunt
779 989 841 1054 hoc
862 990 1068 1072 principium,
1091 1012 1158 1056 non
1209 991 1310 1073 igitur
1336 990 1489 1056 ratio-est
1514 1011 1572 1057 cur
1600 990 1653 1056 hic
1682 986 1870 1071 pronuntiet
1891 985 1982 1050 Deus
2003 983 2187 1048 Ieremiam

193 1075 352 1141 fallaciter
384 1073 545 1156 agendum
580 1095 651 1139 esse
678 1096 753 1140 enm
775 1074 856 1152 Deo,
889 1075 946 1140 sed
968 1097 1011 1140 ex
1032 1077 1157 1141 sincero
1209 1076 1311 1141 tester
1332 1076 1416 1141 ercis
1437 1095 1512 1154 esse,
1540 1081 1570 1140 ct
1589 1075 1714 1158 quidem
1739 1072 1886 1153 menduc,
1917 1089 2047 1153 nempe,
2075 1073 2113 1133 ιιι
2133 1067 2186 1134 ob

194 1159 320 1226 affectu.
355 1160 443 1242 Ergo
466 1181 522 1240 per
544 1180 666 1225 ιαιιιιι
683 1166 711 1225 ct
728 1161 859 1226 ιιιιιιιι
881 1181 946 1226 non
968 1161 1158 1244 intelligunt
1209 1165 1305 1227 servet
1326 1182 1362 1227 ac
1383 1162 1539 1246 σιριοιιιι
1559 1162 1644 1226 dam
1664 1158 1789 1241 populi:
1816 1157 1892 1240 quia
1921 1154 1999 1220 hino
2022 1154 2187 1238 seqnitur,

192 1247 291 1311 falsas
311 1247 570 1328 protestationes,
589 1256 625 1309 ut
644 1246 835 1329 loquuntur:
858 1245 915 1311 sed
932 1267 1011 1312 vcra
1028 1247 1157 1325 indicia,
1210 1246 1421 1327 quantumvis
1453 1268 1523 1313 sese
1554 1245 1788 1312 contumaciter
1828 1241 2059 1317 defenderent,
2100 1239 2188 1304 nihil

86 1408 90 1415 .
193 1332 226 1395 in
257 1332 373 1413 quibus
402 1353 437 1395 se
466 1344 620 1395 exercent
652 1331 706 1412 qui
734 1330 775 1396 ad
805 1329 868 1396 Dei
903 1331 1157 1398 misericordiam
1209 1331 1275 1396 illis
1297 1332 1435 1415 profore,
1458 1331 1609 1416 quoniam
1632 1329 1797 1414 praeditus
1814 1327 1857 1393 sit
1874 1326 2032 1393 Ieremias
2055 1344 2189 1391 summa

192 1438 270 1481 vere
293 1433 324 1479 et
342 1438 383 1480 ex
402 1417 511 1481 animo
533 1416 732 1499 confugiunt.
765 1413 831 1481 Sed
853 1417 1008 1498 quoniam
1030 1417 1158 1484 videtur
1209 1427 1376 1501 potestate,
1398 1427 1431 1481 et
1453 1418 1572 1492 divina,
1594 1421 1632 1479 ut
1652 1415 1768 1480 iudicis
1784 1433 1905 1478 munus
1921 1410 1962 1476 ad
1980 1412 2073 1494 ipsos
2095 1408 2189 1476 dam·

191 1501 245 1565 hic
263 1502 421 1584 propheta
441 1501 604 1584 suscipere
624 1522 794 1583 personam
812 1501 944 1582 fecialis,
966 1504 1020 1585 qui
1039 1504 1156 1569 bellum
1210 1502 1336 1568 nendos
1358 1513 1516 1570 exerceat.
1561 1503 1645 1567 Nam
1668 1501 1778 1567 statim
1800 1500 1956 1582 sequitur,

192 1587 371 1663 denuntiet,
401 1589 508 1652 nescio
530 1606 573 1650 an
595 1587 648 1652 hic
669 1587 758 1652 locus
784 1589 949 1653 contineat
978 1587 1156 1653 doctrinam
1373 1591 1375 1594 ’

191 1673 417 1755 poenitentiae.
471 1672 527 1738 Sic
560 1673 659 1754 igitur
691 1673 800 1755 potius
830 1672 1041 1757 interpretor,
1074 1668 1156 1739 dihil

191 1768 315 1822 restare
337 1757 467 1823 Iudaeis
491 1768 619 1840 praeter
641 1767 823 1822 extremum
846 1758 981 1825 luctum.
1026 1760 1072 1825 ut
1092 1761 1156 1826 hue

191 1843 289 1907 stiam
312 1856 437 1927 spectat
459 1843 543 1925 quod
566 1843 652 1918 dicit,
682 1849 804 1924 saperda
830 1849 974 1910 ιιιιινιι
998 1865 1063 1911 esec
1085 1866 1158 1928 per-

191 1929 320 1993 ditores:
353 1949 427 1992 nam
457 1931 503 1994 sic
531 1929 702 1993 tolerantia
722 1927 788 1993 Dei
814 1950 873 2012 per
902 1928 1024 1996 multos
1053 1951 1157 1996 annos

191 2013 284 2078 abusi
305 2015 445 2097 ιιιιιιιιι,
469 2025 504 2078 ut
522 2024 676 2096 putarent
693 2035 728 2079 se
745 2014 877 2096 impune
895 2035 1036 2098 peccare.
1071 2016 1157 2098 Quo·

191 2098 280 2162 niam
310 2120 386 2182 ergo
417 2100 464 2164 ita
498 2098 621 2181 pridem
655 2110 867 2165 assueverant
899 2098 941 2165 ad
968 2122 1156 2184 perversam

190 2185 437 2267 indulgentiam,
466 2185 537 2249 ideo
559 2185 718 2267 propheta
739 2186 844 2251 utitur
865 2207 944 2252 voce
967 2185 1029 2253 hac
1051 2199 1155 2258 nans.
1294 2185 1364 2250 Iam
1402 2183 1545 2249 ostendit
1584 2184 1744 2270 propheta
1776 2181 1888 2265 quales
1925 2179 2192 2264 deprehenderit

190 2281 333 2352 repente.
377 2271 545 2354 Adiungit,
1208 2270 1357 2348 Iudaeos,
1378 2288 1518 2353 quorum
1540 2289 1647 2334 mores
1667 2279 1700 2334 et
1720 2267 1828 2334 studia
1855 2267 1963 2332 iussus
1992 2265 2109 2330 fuerat
2133 2265 2192 2328 ob·

1209 2375 1349 2422 servare.
1394 2354 1430 2421 Si
1452 2355 1544 2419 initio
1565 2354 1627 2420 hoc
1646 2354 1791 2431 dixisset,
1814 2352 1866 2418 vel
1888 2370 2047 2417 accensus
2071 2350 2193 2415 fuisset

582 2492 588 2503 ·
665 2492 671 2504 .
1039 2492 1071 2505 ..
1208 2442 1300 2508 furor
1320 2440 1439 2524 populi,
1460 2440 1513 2506 vel
1536 2438 1674 2505 ludibrio
1697 2440 1844 2504 habitum
1869 2437 1981 2503 fuisset
2001 2435 2069 2502 hoc
2098 2436 2190 2500 iudi·

275 2490 326 2556 27·
357 2492 471 2555 “mem
492 2512 588 2571 Imm
609 2496 636 2554 te
658 2513 693 2556 m
708 2491 824 2573 P⁰P¹d⁰
851 2511 926 2574 ”⁸⁰⁰²
955 2497 1158 2591 mumdmi’m
1209 2528 1305 2592 cium.
1349 2524 1416 2592 Sed
1438 2525 1496 2591 ubi
1517 2524 1609 2590 Deus
1637 2522 1780 2590 ostendit
1802 2522 1878 2607 quid
1901 2523 2098 2606 cognoverit
2129 2542 2190 2604 per

188 2578 252 2664 (Vel
269 2575 571 2677 pmpdgnadulumd'
594 2581 628 2640 “t
649 2596 818 2661 θυμῶσαι
840 2579 998 2658 “P'‘’bae
1018 2598 1089 2643 '³¹⁶⁸
1109 2599 1157 2660 'P'
1208 2634 1340 2679 servum
1374 2632 1480 2687 suum,
1513 2610 1575 2676 hoc
1606 2610 1680 2693 plus
1711 2609 1812 2675 habet
1843 2607 2031 2692 gravitatis:
2066 2605 2190 2672 deinde

187 2686 294 2731 smum
315 2663 415 2748 (mm
437 2661 603 2746 ¹9⁸⁰¹⁹⁰md
1210 2719 1357 2781 repressa
1378 2698 1477 2763 etiam
1495 2697 1557 2760 luit
1572 2695 1736 2762 dementia
1750 2695 1861 2778 populi
1876 2694 1938 2759 hoc
1953 2692 2060 2772 modo,
2083 2713 2189 2775 quum

1209 2783 1429 2868 intelligerent
1455 2803 1490 2848 se
1519 2781 1602 2846 nihil
1628 2783 1784 2864 proficere
1811 2777 1988 2863 pugnando
2019 2777 2189 2844 adversus

275 2869 363 2933 Dicit
384 2867 542 2949 propheta
563 2888 595 2931 aa
611 2867 751 2946 positam
766 2867 866 2948 feisse
882 2888 903 2931 a
920 2866 989 2931 Deo
1007 2872 1157 2950 tunquam
1209 2869 1327 2934 Deum.
1371 2867 1462 2934 Dicit
1489 2887 1592 2932 omnes
1618 2886 1683 2933 csse
1710 2867 1873 2948 Medores
1901 2863 2101 2946 defedmm,
2134 2863 2187 2927 vel

188 2975 290 3020 arcem
312 2954 556 3034 speculatoriam,
579 2963 612 3016 ιι
635 2954 759 3018 interea
783 2952 947 3031 munitam,
969 2957 1004 3017 ut
1024 2953 1158 3018 obsonet
1209 2967 1465 3039 transgressores
1487 2961 1775 3035 transgressorum.
1809 2950 1877 3016 Alii
1897 2961 1959 3016 ἰιι
1982 2949 2102 3033 legunt
2118 2968 2186 3099 ger

188 3040 310 3104 scelera
333 3039 452 3119 populi.
497 3038 694 3119 Quanquam
717 3044 755 3103 ut
783 3038 857 3119 plus
885 3039 1070 3103 autoritatis
1101 3039 1156 3104 ob·
1208 3053 1252 3118 ll),
1275 3047 1307 3105 et
1329 3041 1374 3104 ita
1395 3047 1546 3103 vertunt:
1578 3038 1750 3120 Principes
1778 3045 2067 3120 transgressorum.
2145 3031 2185 3098 sd

190 3127 292 3187 tinent
313 3123 511 3203 vaticinium,
541 3122 666 3186 inducit
687 3123 794 3187 Deum
825 3124 929 3205 ipsum
959 3124 1155 3205 loquentem.
1208 3126 1359 3208 primum,
1377 3124 1453 3205 quia
1468 3125 1572 3207 magis
1587 3132 1718 3206 recepta
1732 3130 1782 3188 est
1797 3121 1899 3186 altera
1913 3120 2018 3200 lectio,
2038 3120 2185 3185 libenter

189 3209 358 3273 Hactenus
376 3207 647 3270 concionatusest
669 3207 703 3267 in
719 3227 778 3269 sua
799 3227 947 3288 persona,
971 3229 1057 3274 nuuc
1079 3230 1156 3273 vero
1209 3231 1282 3274 sam
1313 3209 1506 3290 amplector:
1537 3208 1654 3273 deinde
1683 3209 1737 3291 qni
1766 3215 1900 3273 vertunt
1927 3205 2096 3289 principes
2127 3226 2183 3269 ex·

190 3296 282 3360 Deus
304 3296 373 3374 ipse
396 3290 503 3373 prodit
525 3292 559 3353 in
583 3290 734 3366 medium,
757 3299 790 3353 et
812 3290 897 3366 dicit,
925 3290 996 3371 Ego
1017 3294 1157 3371 tepesci
1209 3302 1361 3376 torquent
1382 3293 1489 3357 nescio
1512 3294 1587 3375 quid
1611 3315 1653 3358 ex
1675 3293 1791 3371 verbis,
1820 3304 1853 3358 ιι
1874 3311 1940 3357 non
1962 3291 2100 3356 eliciunt
2126 3310 2183 3374 ge-

189 3400 299 3446 ercem.
343 3377 569 3459 Hieronymus
597 3377 695 3439 vertit
721 3374 957 3457 probationem:
980 3387 1035 3461 qm
1058 3377 1157 3461 signi·
1210 3381 1348 3442 nuinum
1371 3398 1512 3443 sensum.
1556 3379 1640 3443 Nam
1664 3379 1778 3443 dicunt
1795 3399 1865 3444 esse
1884 3376 2049 3460 principes
2071 3387 2182 3440 trans·

188 3468 264 3531 licat
286 3464 435 3546 probare:
464 3472 497 3525 et
516 3461 611 3544 paulo
635 3471 706 3543 post
734 3461 838 3524 utitur
867 3459 928 3526 hoc
949 3464 1049 3526 verbo
1070 3462 1157 3527 Iere-
1208 3484 1410 3546 grossorum,
1443 3464 1519 3546 quia
1555 3463 1656 3529 nihilo
1693 3465 1808 3529 melior
1844 3463 1887 3528 sit
1921 3461 2062 3545 populus
2100 3461 2184 3544 ipsis

189 3552 280 3628 mias,
306 3549 344 3614 Ut
360 3549 479 3629 probes,
503 3547 615 3628 inquit,
637 3548 722 3610 viem
739 3546 890 3626 pisorum.
920 3544 987 3611 Sed
1002 3547 1155 3630 quoniam
1209 3547 1487 3633 gubernatoribus,
1515 3559 1546 3614 ιι
1570 3550 1655 3614 servi
1679 3549 1825 3614 dominos
1848 3569 1923 3615 suos
1949 3547 2125 3612 imitentur
2147 3548 2183 3610 in

187 3636 334 3717 sequitur
354 3647 458 3708 salt),
488 3652 553 3696 non
584 3651 755 3713 possumus
777 3629 871 3696 aliter
893 3633 1036 3714 accipere
1058 3654 1156 3716 quam
1209 3636 1298 3699 omni
1319 3655 1439 3718 genere
1460 3635 1628 3701 scelerum.
1668 3635 1742 3701 Hoc
1764 3647 1872 3700 autem
1895 3640 2043 3699 coactum
2059 3642 2123 3710 est,
2147 3644 2184 3696 ut

187 3743 246 3804 pro
268 3740 351 3799 arce,
381 3719 433 3781 ιιι
463 3717 714 3798 propugnaculo.
758 3716 831 3863 Ego
861 3725 970 3780 tamen
999 3739 1066 3782 non
1096 3718 1154 3783 du·
1207 3742 1318 3785 omnes
1342 3721 1461 3784 vident.
1507 3719 1594 3801 Quid
1618 3741 1695 3804 ergo
1717 3742 1799 3804 opus
1822 3728 1871 3785 est
1899 3718 2078 3802 quidquam
2111 3739 2183 3783 mu·

188 3807 255 3870 bito
278 3805 405 3886 proprie
428 3802 534 3866 notari
557 3823 662 3865 aream
691 3801 954 3883 speouatoriam:
985 3804 1076 3884 quasi
1107 3804 1154 3868 di·
1207 3817 1286 3884 tare,
1309 3826 1409 3888 quum
1432 3806 1552 3888 optime
1577 3814 1704 3871 constet
1726 3806 1905 3887 sententia,
1936 3803 1990 3868 ubi
2014 3814 2183 3870 vocantur

187 3900 284 3963 caret,
314 3887 502 3970 prophetam
525 3907 595 3950 esse
617 3886 722 3950 instar
752 3885 909 3969 speculae,
940 3885 1026 3951 unde
1048 3895 1155 3970 potest
1207 3903 1309 3958 nvllo
1335 3903 1407 3966 ιιῦ,
1450 3900 1616 3972 apostatae
1652 3902 1886 3973 apostatarum,
1919 3902 2183 3973 transgressores

189 3996 253 4038 uno
276 3975 398 4037 intuitu
422 3970 561 4053 conspici
584 3970 740 4052 quidquid
769 3971 866 4053 longe
895 3980 928 4036 et
950 3971 1014 4036 late
1036 3974 1153 4056 agitur.
1207 3973 1504 4059 transgressorum?
1527 3975 1657 4042 Scimus
1676 3976 1764 4040 enim
1781 3976 2016 4059 superlativum
2041 3976 2183 4058 gradum

189 4059 273 4122 Nam
312 4079 329 4119 e
367 4057 501 4139 planitie
538 4078 603 4119 non
645 4076 816 4137 possumus
852 4055 965 4137 procul
1007 4079 1152 4125 cernere:
1206 4061 1291 4143 apud
1314 4060 1482 4125 Hebraeos
1503 4062 1609 4125 notari
1632 4062 1694 4126 hac
1719 4062 1944 4145 duplicatione,
1966 4059 2049 4125 coeli
2072 4059 2181 4125 coelo·

189 4143 246 4209 sed
279 4143 334 4223 qui
368 4146 401 4205 in
434 4142 564 4207 sublimi
593 4141 688 4206 locati
716 4150 793 4205 sunt
821 4141 947 4224 longius
975 4144 1154 4208 extendunt
1206 4166 1289 4224 rum,
1312 4153 1639 4225 sanctasanctorum,
1663 4148 1916 4213 Deusdecrum.
1948 4144 2057 4210 Vocat
2075 4147 2183 4229 igitur

189 4250 283 4295 suum
306 4226 502 4307 adspectum.
550 4225 615 4292 Sed
638 4224 766 4289 additur
783 4225 881 4290 etiam
903 4248 1023 4292 nomen
1047 4227 1154 4293 ths'·
1207 4252 1270 4293 non
1294 4239 1422 4294 tantum
1439 4231 1620 4315 sceleratos,
1643 4232 1699 4296 sed
1719 4232 1860 4298 maxime
1878 4230 2099 4314 detestabiles,
2123 4233 2181 4314 qui

188 4316 291 4393 liceis,
322 4315 398 4395 quia
427 4313 570 4393 oportuit
597 4311 771 4375 Ieremiam
799 4310 959 4392 intrepide
986 4314 1153 4393 speculari,
1206 4314 1327 4379 scilicet
1350 4314 1390 4379 ad
1408 4325 1590 4380 extremum
1608 4317 1779 4399 pravitatis
1797 4325 1968 4383 venerunt.
1999 4315 2070 4382 Ubi
2088 4319 2181 4381 enim

189 4415 221 4466 ιι
242 4422 306 4465 non
329 4420 399 4463 esse
420 4398 596 4461 obnoxium
619 4397 672 4461 vel
695 4395 793 4460 minis
818 4395 937 4478 populi,
960 4397 1010 4460 vel
1033 4397 1154 4462 calum·
1206 4399 1355 4482 impietas
1372 4402 1443 4482 ipsa
1457 4401 1497 4465 ed
1512 4402 1682 4467 cumulum
1705 4403 1931 4486 transscendit,
1956 4410 2098 4485 possunt
2123 4422 2179 4467 vo·

189 4487 263 4568 niis,
286 4487 338 4551 vel
368 4484 562 4563 obstreperis
592 4482 725 4547 vocibus
753 4501 834 4562 quas
863 4479 1034 4545 iactabant.
1079 4482 1154 4547 Duo
1206 4485 1272 4548 cari
1299 4485 1445 4549 homines
1473 4498 1576 4553 nr'l'ln
1603 4500 1669 4555 ἰιι
1713 4489 1781 4554 Νιι
1803 4489 1914 4553 dubito
1936 4487 2018 4571 quin
2042 4487 2107 4551 hoc
2128 4487 2180 4551 in·

190 4573 278 4637 enim
294 4570 455 4654 significat
471 4568 593 4648 requiri
608 4566 763 4631 Ieremias
778 4567 812 4629 in
827 4565 930 4629 servis
946 4564 1019 4642 Dei,
1038 4588 1154 4649 nempe
1206 4568 1369 4634 tellexerit
1396 4571 1561 4653 propheta.
1605 4572 1721 4637 Postea
1751 4573 1849 4638 adiun
1875 4575 1910 4655 ἰ,
1939 4571 2118 4638 Αιιιιιιιι
2146 4574 2181 4638 ia

190 4657 395 4741 prudentiam
418 4664 452 4717 et
472 4655 642 4716 infractam
665 4648 923 4735 magnitudinem
946 4651 1054 4715 animi.
1088 4651 1155 4715 Ne·
1205 4652 1420 4720 obtrectatione.
1475 4655 1599 4720 Eadem
1634 4659 1732 4722 etiam
1765 4672 1814 4724 est
1852 4595 1998 4741 dloquutio
2032 4658 2179 4723 Levitiei

191 4765 252 4827 que
286 4744 371 4805 euim
405 4740 484 4803 eatis
517 4747 615 4811 esset,
649 4737 824 4819 prophetas
853 4742 946 4799 acute
975 4736 1155 4817 perspicere
1208 4738 1257 4802 19.
1279 4759 1347 4822 cap.
1370 4739 1412 4824 (v.
1438 4740 1490 4824 16)
1520 4742 1583 4804 nisi
1605 4743 1717 4806 fallor:
1748 4745 1820 4808 Non
1844 4765 1907 4824 eas,
1931 4743 1984 4808 vel
2015 4765 2083 4808 non
2108 4764 2179 4808 am·

191 4827 275 4910 quod
298 4848 378 4909 opus
400 4840 458 4904 est,
488 4824 549 4889 nisi
575 4824 673 4885 etiam
696 4831 883 4886 constanter
913 4822 1017 4901 parati
1048 4833 1155 4884 essent
1206 4824 1331 4888 bulabis
1353 4825 1388 4888 in
1410 4826 1596 4908 populetuo
1612 4848 1686 4892 cum
1702 4829 1941 4894 obtrectatione.
1976 4829 2179 4910 Quanquam

191 4914 231 4977 ad
261 4911 502 4994 exsequendum
532 4929 659 4972 munus.
704 4907 888 4986 Utrumque
910 4904 1041 4968 videtur
1069 4925 1154 4968 com·
1207 4920 1310 4990 potest
1332 4911 1427 4973 etiam
1450 4912 1543 4975 aliter
1564 4913 1624 4975 hoc
1648 4933 1766 4977 nomen
1788 4917 1915 4997 exponi,
1941 4914 2028 4995 quod
2053 4917 2179 4979 scilicet

191 5001 297 5082 plecti,
321 5018 420 5079 quum
445 4997 521 5060 dicit
543 5015 576 5059 se
599 4993 739 5075 positum
758 4992 857 5071 feisse
879 4991 913 5054 ia
935 4990 1029 5053 tricem
1051 5011 1154 5070 specu-
1207 4995 1372 5059 ambulent
1393 4995 1428 5058 in
1451 4996 1631 5076 calumniis,
1659 4998 1708 5061 vel
1733 5001 1817 5080 quod
1842 5004 2032 5082 pervertant
2056 5004 2178 5065 omnia.

190 5086 256 5150 lue:
284 5083 409 5161 deinde,
436 5084 470 5145 ie
491 5082 585 5145 orben
606 5077 858 5142 manducastis
904 5073 1094 5154 Quomodo?
1122 5082 1156 5139 ιι
1206 5077 1345 5142 Videtur
1367 5080 1453 5143 enim
1476 5080 1535 5145 hoc
1558 5082 1628 5146 loco
1651 5083 1747 5148 nimis
1771 5085 1923 5167 frigidum
1952 5106 2024 5148 esse
2049 5086 2179 5151 obtrec-

191 5189 360 5252 coqecsccS,
382 5169 500 5248 inquit,
525 5171 553 5229 et
580 5164 686 5246 prebes
714 5163 799 5225 eiam
826 5162 974 5240 ιριινιιιι.
1018 5159 1088 5221 Ιιιιι
1111 5163 1155 5225 vi·
1207 5165 1336 5227 tationis
1359 5185 1485 5244 nomen,
1515 5168 1589 5247 quia
1611 5170 1714 5250 magis
1737 5169 1886 5253 designat
1909 5171 2081 5253 propheta,
2105 5194 2180 5236 meo

192 5254 333 5319 dendum
355 5265 405 5318 est
427 5273 578 5336 quorsum
601 5250 661 5314 hoc
678 5257 809 5330 spectet.
844 5245 941 5309 Haud
965 5244 1059 5308 dubie
1082 5267 1154 5327 pro·
1207 5249 1335 5329 quidem
1354 5249 1481 5329 iudicio,
1504 5252 1670 5315 audaciam
1688 5255 1806 5336 populi,
1830 5256 1914 5337 quod
1931 5256 1993 5320 sibi
2010 5257 2179 5322 licentiam

1295 1724 1346 1789 28.
1383 1723 1495 1789 Omnes
1518 1724 1661 1804 perversi
1683 1741 1903 1806 pcwcrsorem
1927 1718 2135 1785 caecum
2155 1719 2190 1783 ia

1209 1809 1419 1875 obfredaft‘oee
1440 1808 1597 1893 (dicemus
1616 1821 1729 1890 postea
1750 1806 1790 1872 de
1817 1806 1879 1872 hac
1900 1803 2003 1890 voce),
2035 1824 2094 1869 aec
2118 1804 2192 1889 (aut

1209 1894 1353 1978 chalybs,
1385 1902 1421 1959 ut
1442 1894 1497 1958 alii
1520 1904 1663 1969 vertunt,
1692 1893 1744 1958 vel
1775 1890 1923 1976 ferrum),
1948 1911 2059 1957 omnes
2082 1891 2191 1973 perdi·

1208 1985 1288 2046 tores
1309 1979 1375 2065 (vel
1396 1979 1616 2065 corruptores)
1637 1983 1718 2045 suist
