4784 5970
195 368 235 434 97
1041 363 1191 432 CAPUT
1210 363 1342 432 XLIII.
2145 369 2188 436 98

196 555 236 622 de
258 556 422 623 communi
444 554 614 620 hominum
637 561 763 631 natura,
793 553 850 619 sed
874 553 914 619 de
935 552 1165 619 reformatione
1217 560 1314 635 atque
1342 554 1390 618 ita
1418 560 1563 620 vertere:
1594 554 1644 618 'Pu
1674 575 1726 619 me
1754 576 1820 619 nou
1846 556 2014 636 invocasti,
2042 557 2190 640 quando·

196 642 367 725 spirituali,
399 639 450 706 vel
479 641 518 705 de
543 639 715 723 adoptione
736 661 802 722 qua
823 639 991 707 ecclesiam
1015 647 1166 722 segregat
1215 638 1347 720 quidem
1366 639 1492 705 nullum
1511 640 1593 704 mihi
1610 638 1733 706 cultum
1750 640 1929 715 exhibuisti
1944 641 2016 706 sine
2031 642 2189 725 molestis,

196 728 360 810 areliquo
381 726 513 803 munde,
538 737 572 791 et
592 726 722 808 quidem
745 747 820 792 cum
838 727 905 790 suis
923 722 1164 806 appendicibus.
1217 733 1250 788 et
1282 726 1376 806 quasi
1407 727 1441 791 vi
1474 735 1656 791 extortum:
1697 725 1773 808 quia
1808 725 1913 808 quoad
1945 728 1993 791 rei
2027 747 2189 795 summam

196 812 247 878 Ne
276 814 348 895 quis
378 833 455 896 ergo
484 812 546 876 sibi
573 813 854 895 regenerationem
876 831 979 886 suam,
1010 820 1066 873 aut
1088 809 1166 874 ullis
1215 830 1334 893 parum
1352 811 1497 891 interest,
1516 832 1580 876 non
1600 810 1774 876 admodum
1791 830 1953 894 repugno:
1972 813 2060 894 qued
2077 822 2189 880 tamen

196 899 365 963 homiuum
396 899 521 962 meritis
549 908 695 981 arroget:
728 897 785 962 sed
815 905 945 962 tantum
975 897 1165 961 beneficium
1217 895 1353 972 reddidi,
1383 897 1620 980 significantius
1649 898 1833 979 exprimere
1854 897 1987 963 videtur
2009 900 2188 982 prophetae

195 983 434 1049 misericordiae
456 982 520 1046 Dei
541 985 674 1047 omnino
696 992 862 1064 acceptum
887 983 970 1046 ferre
993 980 1164 1046 diseamus.
1217 991 1369 1046 mentem.
1413 983 1587 1048 Caeterum
1618 983 1790 1048 antithesis
1820 1002 1938 1049 causae
1967 1004 2093 1067 quoque
2114 984 2188 1049 red·

280 1069 435 1217 SLaadem
466 1089 567 1133 meam
598 1067 764 1153 narrabit.)
814 1068 960 1132 'Pametsi
989 1066 1166 1149 prophetae
1218 1066 1374 1130 ditionem
1405 1068 1440 1131 in
1474 1088 1509 1133 se
1541 1068 1696 1134 continet.
1747 1067 1785 1133 ei
1813 1069 1915 1153 igitur
1941 1070 2049 1135 officia
2077 1079 2190 1136 uestra

196 1156 287 1221 censi
301 1155 369 1219 ium
399 1156 443 1220 sit
470 1153 692 1218 demonstrare
722 1154 806 1236 quod
835 1152 913 1228 dixi,
944 1152 1072 1217 salvum
1094 1152 1165 1216 ideo
1217 1150 1288 1216 Deo
1317 1164 1448 1235 accepta
1475 1153 1728 1232 essevolumus,
1758 1165 1908 1237 prompto
1930 1153 1978 1219 illi
2001 1155 2109 1221 anime
2131 1156 2189 1221 ob·

196 1240 265 1305 fore
293 1239 451 1324 populum
482 1239 559 1321 quia
586 1239 618 1303 id
645 1238 769 1321 gloriae
791 1238 855 1303 Dei
877 1240 1023 1303 intersit:
1055 1247 1165 1302 tamen
1217 1258 1402 1320 sequamur.

196 1325 272 1393 hinc
303 1346 430 1409 quoque
453 1326 605 1390 discimus
627 1324 795 1390 electionis
817 1334 946 1390 nostras
968 1325 1066 1388 finem
1087 1343 1167 1402 esse,
1303 1323 1354 1388 23.
1385 1322 1473 1408 (Non
1494 1324 1658 1390 mactus·
1679 1325 1781 1410 mibi.)
1828 1324 2007 1405 Quaeritur
2028 1347 2089 1392 eur
2118 1345 2191 1408 pro·

196 1423 233 1476 ut
255 1412 320 1476 Dei
349 1411 486 1494 gloriam
519 1409 622 1475 medis
651 1411 801 1476 omnibus
823 1410 1034 1475 illustremus.
1078 1409 1168 1473 Sunt
1218 1409 1319 1492 pheta
1352 1408 1413 1475 hee
1442 1412 1616 1491 exprobret
1643 1410 1782 1485 Iudaeis,
1813 1431 1894 1493 quos
1924 1419 2050 1476 constat
2076 1410 2188 1478 sedule

197 1496 325 1580 quidem
355 1510 388 1560 et
408 1496 535 1579 reprobi
557 1497 775 1561 instrumenta
797 1496 918 1579 gloriae
941 1494 1022 1558 Dei:
1051 1493 1108 1559 sed
1129 1514 1167 1560 ea
1218 1505 1316 1577 atque
1327 1516 1367 1559 ex
1380 1498 1580 1577 praescripto
1595 1496 1676 1578 legis
1688 1496 1846 1562 sacrificia
1857 1496 2022 1562 obtulisse.
2046 1495 2191 1577 Quidam

197 1584 293 1665 leuge
322 1582 418 1646 aliter
446 1581 566 1646 dicitur
593 1583 628 1646 in
659 1580 751 1646 nobis
780 1582 933 1647 relucere.
982 1581 1049 1645 Nos
1078 1580 1164 1644 enim
1218 1581 1279 1645 hoc
1312 1582 1459 1645 referunt
1491 1583 1532 1644 ad
1567 1593 1696 1664 tempus
1725 1582 1938 1663 captivitatis,
1968 1602 2031 1664 quo
2058 1582 2190 1648 tametsi

197 1669 304 1753 elegit,
327 1668 433 1749 inquit
455 1667 580 1734 Paulus
603 1666 701 1752 (liph.
723 1668 751 1743 1,
775 1667 819 1753 4),
842 1677 879 1732 ut
899 1687 1046 1732 essemus
1064 1667 1166 1731 saneti
1219 1666 1398 1731 voluissent
1416 1666 1576 1732 sacrificia
1591 1668 1708 1732 efferre
1724 1668 1805 1746 Deo,
1823 1676 1934 1732 tamen
1951 1667 2191 1750 nequivissent:

196 1764 230 1818 et
250 1753 552 1836 irreprehensibiles
582 1774 690 1818 eoram
720 1755 791 1836 ipso
813 1774 872 1837 per
893 1754 1076 1819 caritatem:
1111 1751 1166 1834 qui
1218 1753 1369 1833 quoniam
1384 1752 1419 1816 id
1435 1773 1594 1834 nusquam
1610 1753 1716 1819 facere
1732 1763 1958 1835 praeterquam
1970 1752 2190 1837 lerosolymae

196 1839 453 1921 praedestinavit
476 1859 543 1913 nos,
567 1846 605 1903 ut
628 1839 796 1921 adoptaret
818 1840 853 1902 in
876 1839 959 1903 filios
981 1858 1039 1920 per
1056 1836 1166 1900 Iesum
1218 1837 1344 1901 licebat.
1388 1837 1463 1902 Non
1493 1846 1643 1920 poterant
1671 1839 1773 1922 igitur
1794 1838 1903 1903 Deum
1927 1839 2094 1905 sacrifieiis
2116 1859 2190 1920 pre·

197 1926 381 2002 Christum,
410 1926 446 1987 in
476 1944 559 2000 sese,
593 1926 686 1988 iuxta
716 1924 956 2007 beneplacitum
985 1923 1166 1987 voluntatis
1218 1923 1346 1987 mereri.
1390 1923 1461 2006 Ego
1486 1944 1563 1988 vcro
1585 1924 1692 2005 potius
1719 1924 1938 1989 universalem
1969 1923 2191 2007 exprobratio·

196 2031 302 2087 suae‚.
319 2018 357 2075 ut
390 2009 541 2074 laudetur
569 2011 672 2092 gloria
702 2010 827 2095 gratiae
857 2030 949 2086 suae,
984 2030 1047 2091 qua
1076 2027 1166 2073 caros
1218 2028 1293 2072 nem
1316 2028 1388 2073 esse
1410 2019 1497 2090 pute.
1541 2009 1627 2074 Nam
1649 2031 1687 2074 eo
1710 2010 1779 2091 ipso
1801 2015 1947 2090 tempere
1966 2030 2029 2091 que
2052 2010 2190 2092 populus

196 2095 338 2160 reddidit
366 2116 426 2158 nes
454 2117 511 2178 por
540 2095 631 2159 illum
662 2095 824 2161 dilectum.
869 2095 945 2160 Huc
972 2094 1071 2158 etiam
1094 2113 1166 2175 per·
1218 2092 1428 2172 sacrificabat,
1455 2095 1572 2158 merita
1594 2115 1656 2160 sua
1679 2107 1737 2159 aut
1759 2095 1951 2177 dignitatem
1973 2096 2094 2160 iactare
2124 2116 2192 2159 non

197 2182 303 2245 tinent
322 2181 412 2245 Petri
432 2182 540 2256 verba,
563 2202 662 2263 quum
681 2181 737 2262 ait,
761 2201 820 2246 nos
838 2202 856 2244 e
874 2180 1016 2245 tenebris
1034 2179 1167 2243 eductos
1219 2189 1355 2261 poterat,
1382 2181 1474 2262 quasi
1503 2179 1611 2243 Deum
1644 2179 1705 2246 sibi
1737 2179 1799 2244 hoc
1829 2179 1923 2244 modo
1956 2180 2189 2263 obstringeret:

197 2287 267 2332 essa
300 2267 334 2330 in
365 2266 554 2330 admirabile
587 2287 723 2349 regnum
753 2265 833 2345 Dei,
868 2275 905 2329 ut
932 2266 1001 2330 eius
1030 2266 1167 2330 virtutes
1219 2265 1480 2347 quandoquidem
1505 2265 1641 2330 deerant
1669 2266 1835 2331 sacrificiis
1864 2285 1946 2347 quae
1975 2267 2192 2348 praecipuas

197 2373 386 2417 enarremus
408 2351 452 2437 (l.
475 2352 564 2416 Patr.
587 2351 617 2431 2,
639 2352 682 2431 9).
719 2351 804 2416 Item
827 2352 1015 2432 Zachariae,
1037 2358 1075 2414 ut
1097 2351 1168 2414 sine
1221 2349 1291 2414 Deo
1312 2349 1600 2416 commendantur:
1623 2371 1741 2433 nempe
1758 2350 1838 2416 fides
1856 2363 1889 2414 et
1907 2350 2098 2431 obedientia,
2121 2352 2191 2417 sine

197 2439 326 2517 timore,
365 2438 404 2501 de
437 2458 536 2502 manu
569 2439 774 2502 inimicorum
810 2447 995 2502 nostrorum
1028 2435 1167 2512 liberati,
1220 2437 1336 2519 quibus
1364 2436 1445 2500 nihil
1470 2436 1540 2500 Deo
1571 2447 1701 2520 gratum
1733 2458 1804 2502 esse
1834 2446 1948 2521 potest.
1993 2436 2093 2502 Nulla
2121 2446 2192 2501 erat

197 2525 380 2588 serviamus
409 2523 471 2605 ipsi
501 2545 575 2588 cum
603 2523 776 2588 sanctitate
798 2530 831 2586 et
853 2522 987 2605 iustitia,
1016 2522 1167 2587 omnibus
1221 2523 1322 2586 animi
1345 2522 1533 2605 integritas:
1566 2543 1682 2586 manus
1712 2543 1825 2587 eorum
1848 2522 2008 2604 sanguine
2029 2522 2190 2587 redunda-

197 2608 310 2674 diebus
339 2609 427 2672 vitae
456 2618 588 2673 nostrae
614 2607 709 2693 (Luc.
733 2611 761 2685 1,
786 2607 849 2693 74).
894 2608 959 2673 Hic
989 2608 1090 2688 igitur
1119 2619 1167 2670 est
1221 2609 1315 2673 bant:
1338 2608 1463 2689 rapinis
1484 2615 1517 2670 et
1538 2607 1707 2672 fraudibus
1729 2610 1839 2672 omnia
1857 2608 1978 2672 referta
2000 2620 2109 2671 eraut:
2130 2627 2191 2673 neo

197 2693 273 2758 finis
295 2703 426 2758 nestrae
449 2695 637 2772 vocationis,
660 2702 696 2757 ut
716 2695 896 2759 consecrati
912 2692 984 2757 Deo
1006 2714 1080 2757 oum
1099 2702 1169 2755 tota
1221 2693 1308 2756 ullus
1341 2699 1412 2757 erat
1445 2692 1586 2756 iustitiae
1614 2698 1672 2756 aut
1702 2694 1858 2774 aequitati
1887 2694 1987 2756 loeus.
2032 2692 2191 2772 Quamvis

196 2781 266 2844 vita
288 2788 401 2844 nestra
422 2779 591 2843 laudemus
614 2799 651 2843 ac
673 2778 883 2844 celebremus.
1221 2778 1322 2858 igitur
1343 2776 1488 2858 quetidie
1509 2779 1546 2841 in
1569 2779 1726 2859 templum
1747 2777 1885 2860 pecudes
1905 2777 2102 2842 adducerent
2123 2797 2191 2843 eas·

283 2865 335 2928 22.
358 2862 414 2948 (Et
435 2884 496 2928 aon
518 2864 669 2928 invocasti
690 2862 761 2949 me.)
805 2864 987 2929 Confirmat
1010 2883 1076 2926 non
1099 2863 1168 2927 sine
1221 2885 1282 2946 que
1304 2863 1521 2942 immolarent,
1545 2876 1654 2928 tamen
1677 2866 1795 2928 merito
1814 2876 1910 2946 negat
1932 2864 1992 2928 sibi
2013 2861 2192 2944 quidquam

197 2950 328 3032 obliqua
350 2948 598 3031 exprobratione
620 2950 704 3032 quod
729 2949 875 3031 proxime
898 2949 989 3030 dixit,
1013 2969 1047 3012 ss
1070 2948 1168 3012 nullis
1219 2949 1339 3013 efferri.
1384 2948 1453 3014 Nec
1475 2952 1563 3012 enim
1586 2959 1717 3031 accepta
1737 2947 1899 3013 Decesse
1920 2959 2072 3030 poterant
2092 2950 2192 3014 sacri-

196 3036 309 3118 populi
333 3036 457 3100 meritis
478 3045 689 3117 provocatum
708 3033 816 3115 fuisse,
839 3046 876 3099 ut
894 3043 959 3098 tam
979 3033 1169 3098 humaniter
1220 3035 1303 3110 ficia,
1326 3054 1427 3116 quum
1450 3055 1469 3098 a
1492 3035 1628 3099 veritate
1650 3034 1796 3099 seiuncta
1818 3045 1927 3099 erant:
1956 3047 1989 3098 et
2010 3033 2115 3100 cuivis
2135 3053 2192 3117 po·

197 3141 271 3184 eum
300 3140 338 3184 eo
373 3129 492 3204 ageret.
536 3120 626 3184 Nulli
648 3120 750 3203 igitur
772 3120 827 3184 alii
850 3140 965 3184 causae
988 3119 1067 3183 haee
1089 3118 1167 3183 libe·
1221 3121 1286 3184 tius
1308 3140 1406 3202 quam
1427 3119 1499 3184 Deo
1526 3120 1754 3184 efferebantur.
1798 3119 1884 3185 Nam
1913 3140 1952 3185 ea
1978 3140 2036 3201 per
2064 3140 2098 3184 se
2126 3140 2192 3184 neu

197 3208 281 3270 ratio
314 3226 412 3289 quam
445 3206 582 3270 bonitati
609 3203 673 3270 Dei
705 3205 902 3290 assignanda
931 3219 988 3270 est.
1032 3203 1079 3270 Ut
1108 3204 1168 3268 hoe
1220 3205 1415 3288 requirebat,
1444 3206 1501 3270 sed
1530 3212 1693 3288 quatenus
1722 3206 1861 3288 populns
1889 3206 1925 3269 in
1958 3206 2022 3270 fide
2054 3216 2089 3269 et
2120 3205 2194 3270 obe-

197 3291 311 3375 probet
349 3292 412 3357 ait:
455 3291 506 3355 'liu
539 3312 591 3356 mo
624 3311 689 3354 non
724 3291 893 3356 invocasti.
947 3291 1168 3355 Invocatienis
1221 3292 1345 3373 dientia
1378 3290 1599 3356 exercebatur.
1653 3290 1749 3357 Unde
1784 3291 1966 3374 colligimus
1999 3291 2080 3354 nihil
2114 3289 2193 3355 nevi

198 3379 330 3441 nomine
371 3389 475 3440 totum
508 3375 572 3440 Dei
604 3377 731 3441 cultum
772 3377 1033 3459 comprehendit,
1074 3377 1169 3441 cuius
1221 3378 1414 3460 prophetam
1435 3376 1552 3458 dicere,
1582 3377 1639 3443 sed
1662 3379 1812 3443 insistere
1834 3379 1869 3440 in
1892 3376 2005 3441 eadem
2036 3377 2191 3452 doctrina,

198 3463 372 3546 praecipua
388 3483 465 3546 pars
483 3467 533 3526 cst
549 3462 725 3527 invocatio.
755 3462 848 3528 More
866 3464 968 3545 igitur
987 3462 1169 3544 scripturae
1221 3462 1385 3545 repudiari
1414 3464 1538 3527 scilieet
1566 3484 1585 3526 a
1614 3462 1686 3528 Dee
1717 3474 1782 3526 tam
1804 3462 1949 3544 serviles,
1979 3482 2077 3544 quam
2111 3461 2192 3526 alios

199 3550 317 3613 usitate
348 3571 405 3630 per
434 3548 659 3628 synecdochen
687 3547 845 3630 loquutus
874 3560 933 3612 est.
977 3547 1066 3612 Satis
1089 3566 1168 3611 vero
1221 3569 1334 3612 omnes
1357 3548 1491 3612 vitiosos
1514 3548 1631 3613 cultus.
2268 3623 2270 3628 .

198 3635 340 3700 ostendit
374 3635 535 3700 Dominus
568 3633 660 3707 alibi,
701 3654 736 3698 se
777 3633 983 3714 potissimum
1024 3632 1083 3697 coli
1117 3633 1168 3695 in·
1307 3633 1358 3697 24
1386 3632 1474 3717 (Noa
1498 3632 1622 3718 emisti.)
1673 3631 1844 3698 Calamum
1873 3631 2028 3715 iutelligit
2056 3649 2191 3714 exque

197 3721 378 3785 vocatione.
412 3719 496 3784 Nam
516 3718 602 3785 Psal.
620 3719 663 3784 50
680 3718 724 3804 (v.
738 3717 800 3803 15),
821 3731 992 3801 postquam
1011 3718 1169 3783 sacrificia
1216 3719 1320 3785 ,fiebat
1352 3721 1512 3802 unguenti
1546 3719 1677 3801 pretiosi
1710 3717 1875 3796 conlectio,
1906 3720 1998 3783 cuius
2026 3739 2092 3781 nou
2121 3725 2193 3783 erat

199 3816 232 3869 et
249 3816 401 3870 externas
419 3806 637 3869 caeremonias
655 3825 690 3869 se
705 3824 859 3887 respuere
875 3804 967 3879 dixit,
986 3804 1168 3886 subiungit:
1223 3805 1367 3887 vulgaris
1399 3823 1494 3868 usus:
1528 3803 1798 3885 quemadmodum
1834 3804 1977 3869 refertur
2012 3802 2118 3869 leedi
2149 3802 2193 3869 30

199 3891 322 3955 Invoea
350 3911 412 3968 me,
440 3899 501 3955 etc.
545 3889 641 3956 Unde
671 3891 769 3955 etiam
800 3890 971 3972 scriptura,
1002 3909 1104 3971 quum
1130 3888 1170 3952 de
1223 3889 1266 3978 (v.
1289 3889 1354 3976 25).
1398 3889 1483 3954 Nam
1505 3910 1543 3953 eo
1568 3891 1687 3953 summi
1717 3889 1909 3966 sacerdotes,
1939 3887 2056 3954 deiude
2085 3889 2192 3955 taber·

200 3976 289 4041 cultu
300 3974 364 4039 Dei
382 3974 534 4056 loquitur,
552 3975 768 4043 invocationis
785 3977 958 4058 praecipue
971 3975 1169 4039 mentionem
1223 3977 1376 4041 naculum
1398 3975 1636 4055 conventionis,
1665 3984 1699 4039 et
1721 3995 1797 4041 arca
1818 3975 1994 4040 testimonii
2022 3995 2097 4040 eum
2127 3977 2196 4041 suis

199 4061 284 4126 facit.
337 4061 447 4125 Moses
482 4062 569 4124 enim
599 4082 698 4142 quum
730 4061 918 4125 restitutum
953 4058 1016 4123 Dei
1049 4060 1170 4124 cultum
1224 4062 1452 4127 instrumentis
1474 4061 1691 4144 ungebantur.
1723 4063 1782 4125 Ait
1802 4061 1919 4143 igitur:
1942 4060 2087 4125 'Pametsi
2109 4061 2195 4126 eala·

200 4148 377 4230 signifieat:
401 4146 502 4226 Tunc,
525 4148 630 4229 inquit
647 4145 744 4231 (Gen.
763 4146 793 4224 4,
811 4146 876 4232 26),
899 4147 1006 4229 coepit
1027 4145 1172 4210 invocari
1224 4169 1314 4212 mum
1333 4146 1413 4209 mihi
1432 4167 1522 4210 emas
1540 4148 1686 4228 pecunia,
1705 4157 1814 4210 tamen
1834 4146 1896 4211 boc
1914 4146 1995 4210 mibi
2013 4166 2196 4228 expensum

200 4254 320 4296 nemen
341 4232 485 4297 Domini.
530 4231 730 4297 Particulam
754 4245 784 4298 ’3
808 4233 841 4296 in
866 4231 1005 4298 seeundo
1028 4232 1172 4296 membro
1224 4235 1309 4298 ferre
1338 4232 1539 4308 uendebas,
1568 4234 1660 4314 quasi
1690 4242 1797 4295 ratum
1826 4229 1972 4295 habeam.
2017 4230 2195 4296 Ludebaut

200 4339 325 4392 versus,
348 4338 406 4399 pro
429 4317 636 4383 adversativa
657 4318 795 4397 accipio:
820 4317 911 4398 Quin
934 4319 1041 4398 potius
1064 4317 1170 4382 taedio
1224 4321 1312 4383 enim
1339 4337 1469 4398 operam
1500 4338 1593 4382 suam
1621 4317 1655 4381 in
1687 4318 1837 4381 omnibus
1870 4318 1942 4381 istis
1972 4317 2194 4394 eaeremoniis,

201 4405 266 4467 mei
294 4403 428 4469 affectus
456 4425 500 4468 es.
545 4403 612 4468 Alii
641 4412 789 4466 vertunt:
820 4403 908 4484 Quia
934 4403 1106 4467 laborasti:
1135 4424 1171 4467 ae
1224 4406 1301 4487 quia
1322 4404 1355 4467 in
1379 4411 1504 4468 rectum
1524 4404 1624 4467 finem
1647 4422 1711 4466 nen
1734 4402 1955 4478 intendebant,
1983 4402 2113 4484 quando
2134 4403 2196 4466 mi·

202 4488 230 4552 si
260 4487 392 4564 diceret,
424 4510 498 4553 cum
528 4486 658 4553 fastidio
685 4489 857 4569 suscepisti
886 4488 1042 4571 quidquid
1071 4509 1090 4552 a
1119 4509 1172 4553 me
1224 4491 1313 4555 nime
1335 4489 1530 4554 exercebant
1551 4508 1621 4552 sese
1653 4489 1687 4551 in
1716 4487 1790 4566 fide,
1820 4509 1881 4553 nec
1909 4489 2018 4553 Deum
2047 4488 2197 4554 celebant

202 4573 468 4656 praecipiebatur,
497 4573 583 4656 qued
611 4573 722 4638 eodem
749 4574 816 4637 iere
838 4575 961 4639 recidit.
1006 4574 1171 4653 Quemad·
1224 4597 1307 4658 pura
1338 4574 1545 4640 conscientia.
1600 4571 1696 4653 Quod
1728 4573 1891 4656 adiungit,
1931 4595 1967 4638 se
1999 4595 2065 4638 nou
2096 4574 2196 4637 fuisse

202 4658 335 4723 modum
370 4679 446 4722 vere
479 4659 643 4723 Dominus
681 4658 898 4723 obedientiam
931 4660 1085 4741 requirit,
1126 4659 1172 4723 ita
1224 4662 1432 4739 inebriatum,
1466 4659 1564 4742 legali
1594 4657 1745 4740 loquendi
1772 4660 1894 4723 formae
1924 4658 2106 4742 respondet,
2140 4656 2197 4722 ubi

203 4744 325 4809 alacres
358 4752 392 4808 et
425 4754 590 4826 promptos
621 4765 692 4810 esse
721 4746 792 4809 vult
822 4745 876 4827 qui
905 4745 1012 4827 ipsum
1042 4745 1171 4809 colunt:
1225 4755 1364 4812 testatur
1393 4746 1555 4810 Dominus
1587 4743 1744 4809 sacrificia
1776 4742 1889 4827 epulas
1922 4745 1982 4809 sibi
2015 4753 2125 4827 gratas
2158 4761 2197 4808 ac

204 4830 299 4894 sicuti
328 4828 453 4894 Paulus
482 4841 621 4895 testatur
648 4830 692 4915 (2.
716 4830 789 4895 Cer.
812 4831 842 4906 9,
872 4827 914 4913 l),
948 4830 1084 4895 hilarem
1115 4829 1172 4894 da·
1224 4852 1343 4898 suaves
1366 4852 1452 4897 csse:
1476 4852 1541 4895 uon
1560 4829 1644 4912 quod
1663 4850 1702 4894 ex
1723 4829 1912 4894 animalium
1931 4830 2028 4894 caede
2045 4829 2196 4911 velupta-

204 4923 307 4979 terem
331 4917 436 4997 ipsum
460 4915 610 4997 diligere:
634 4916 689 4999 qui
713 4928 819 4980 autem
842 4916 937 4980 inviti
956 4927 1080 4996 parent,
1102 4917 1172 4980 veri
1225 4926 1290 4982 tem
1313 4927 1451 5000 caperet,
1482 4916 1538 4981 sed
1566 4915 1649 4998 qued
1679 4915 1798 4981 talibus
1828 4914 1991 4980 exercitiis
2019 4914 2059 4979 ad
2082 4935 2196 4979 veram

204 5011 237 5067 et
266 5003 356 5083 probi
385 5001 526 5067 cultores
553 5001 617 5067 dici
645 5023 710 5066 non
739 5010 883 5084 possunt,
912 5021 1017 5082 noque
1040 5000 1081 5066 ab
1103 5002 1172 5084 ipso
1226 5003 1442 5069 obedientiam
1466 5001 1620 5085 populum
1644 5022 1739 5065 suum
1763 5001 1881 5067 ducere
1900 5000 2007 5064 vellet.
2048 4999 2113 5064 Hic
2135 5001 2196 5084 igi-
2247 5004 2250 5008 ’

204 5096 389 5152 censentur.
422 5086 470 5153 Ut
488 5107 566 5169 crgo
589 5084 791 5152 demonstret
808 5109 844 5152 sc
863 5086 987 5151 cultum
1007 5108 1027 5151 a
1044 5088 1174 5152 Iudaeis
1226 5098 1281 5154 tur
1303 5112 1321 5154 e
1343 5108 1500 5153 converso
1523 5088 1688 5170 signifieat
1710 5087 1864 5170 populum
1887 5084 1973 5150 haud
2004 5085 2067 5150 rite
2096 5086 2196 5152 sacri-

205 5195 271 5238 nen
310 5173 410 5238 fuisse
449 5181 486 5237 ut
525 5172 673 5252 decebat,
713 5174 833 5238 invitos
872 5172 906 5237 id
939 5172 1052 5238 fecisse
1086 5172 1173 5238 dicit.
1226 5176 1300 5240 licia
1329 5173 1493 5252 obtulisse,
1527 5173 1678 5255 quoniam
1707 5174 1874 5255 impietate
1906 5172 2016 5235 omnia
2044 5191 2197 5254 conspur-

205 5257 300 5339 Quod
329 5260 356 5323 si
384 5260 434 5325 cui
464 5259 569 5341 magis
602 5257 700 5323 libeat
722 5278 837 5324 musae
859 5279 928 5324 esso
950 5258 1174 5341 redditionem,
1226 5261 1329 5327 sabat.
1374 5260 1489 5342 Itaque
1511 5259 1672 5342 signifieat
1697 5278 1732 5322 se
1754 5255 1989 5341 quodammodo
2012 5258 2197 5322 famelicum

311 5360 420 5415 Caluini
437 5377 528 5428 opera.
560 5360 617 5415 Vel.
636 5358 728 5414 XXX
732 5361 798 5418 v11.
1976 5358 1992 5411 'l
