4784 5970
188 339 251 403 627
999 334 1387 403 PRAELEO'PIONES
2132 327 2203 393 628

189 528 296 595 subito
326 528 475 593 conversi
508 532 662 609 torquent
695 548 755 591 sna
785 526 909 601 iacula,
943 525 994 591 vel
1026 525 1162 610 sagittas
1303 523 1377 590 Non
1410 524 1622 590 consentiunt
1657 523 1853 606 interpretes
1888 520 1922 586 in
1953 539 2056 586 sensu
2095 516 2202 582 huius

190 613 348 679 adversus
369 613 490 678 hostes.
521 612 688 695 Propheta
710 612 813 696 igitur
831 613 964 695 respicit
982 611 1023 676 ad
1041 632 1163 677 morem
1216 631 1341 688 versus,
1365 611 1442 692 quia
1461 612 1564 675 maior
1581 630 1656 694 pars
1673 609 1840 674 existimat
1861 606 1914 673 hic
1931 626 2023 690 spem
2048 603 2202 685 relinqui

189 700 282 764 illum
306 720 405 781 quum
429 697 507 763 dioit
531 698 703 780 pharetras
729 698 796 779 fore
816 703 966 780 tunquam
987 702 1097 780 operte
1118 718 1164 763 se-
1218 695 1383 762 fidelibus:
1417 697 1484 761 imo
1515 699 1582 762 tere
1603 695 1669 762 huo
1690 715 1803 760 omnes
1826 692 2048 759 descendunt:
2084 690 2202 755 nescio

1217 803 1259 847 au
1277 785 1448 865 quisquam
1471 782 1567 847 aliter
1589 789 1741 864 exponet.
1771 780 1896 844 Putant
1914 799 1992 862 ergo
2010 776 2069 842 hic
2085 776 2200 841 Deum

1217 877 1400 951 temperare
1421 868 1506 950 qnod
1530 869 1620 950 prins
1642 864 1736 945 dixit,
1758 884 1795 931 ao
1812 866 1962 931 fiduciam
1986 862 2069 928 dare
2086 861 2201 927 servis

183 786 307 868 putore.
336 784 451 848 Videri
469 793 581 867 posset
599 784 682 848 dura
700 782 879 849 similitudo
897 785 1004 865 primo
1022 783 1162 848 intuitu:

189 871 246 937 sed
270 871 405 953 perinde
427 876 479 936 est
500 891 538 936 ao
560 871 587 934 si
609 870 740 945 diceret,
762 871 810 934 ita
832 871 953 952 peritos
976 871 1045 935 lore
1067 871 1165 952 sagit·

190 958 292 1035 tandi,
316 965 352 1021 ut
375 956 570 1021 absorbeant
592 955 747 1038 quidquid
770 956 833 1020 erit
854 956 996 1021 obvium.
1039 956 1084 1019 Et
1106 953 1162 1019 ad·

188 1043 299 1125 iungit
320 1061 423 1106 omues
442 1042 510 1122 fore
531 1042 680 1124 robustos,
702 1049 740 1105 ιιι
757 1040 921 1124 intelligat
943 1042 1084 1125 populus
1102 1041 1163 1106 eibi

189 1129 258 1193 fore
280 1138 447 1194 certamen
470 1149 536 1191 non
560 1128 648 1192 leve:
677 1126 816 1209 deniquo
846 1125 982 1209 perinde
1004 1137 1054 1192 est
1076 1148 1113 1192 ao
1135 1126 1164 1190 si

191 1213 323 1294 diceret,
346 1213 464 1277 ballum
484 1213 546 1277 hoo
564 1214 734 1278 illaturum
749 1211 880 1278 Iudaeis
898 1223 1021 1278 certam
1039 1212 1163 1279 oladem

190 1320 255 1382 qua
277 1321 389 1365 omnes
412 1301 585 1364 intereant.
631 1299 750 1364 Postea
772 1296 912 1382 subiicit,

278 1506 328 1570 17.
363 1504 407 1569 Et
434 1506 554 1569 vorabit
583 1524 713 1569 messem
739 1509 836 1587 tuom,
864 1508 893 1569 et
916 1525 1032 1586 pamm
1060 1509 1165 1569 tuum:

190 1591 342 1658 vorabunt
362 1590 448 1671 filios
466 1597 536 1654 tuos
554 1590 683 1670 etlilium
699 1595 786 1654 tuos:
806 1590 956 1655 vorabunt
967 1611 1073 1674 greges
1086 1596 1164 1672 tuos,

190 1685 219 1744 et
239 1683 381 1743 armento
402 1681 473 1740 tua:
500 1676 651 1741 oerubuut
671 1675 762 1739 aiem
783 1679 879 1755 tuom,
901 1679 928 1740 et
947 1676 1041 1757 mum
1062 1681 1166 1742 tuom:

191 1765 234 1830 od
263 1764 405 1845 mopiam
433 1763 570 1843 redigent
598 1761 690 1826 urbes
719 1762 927 1827 munitionum
955 1766 1096 1846 tuarum,
1132 1764 1165 1827 iu

191 1849 306 1932 quibus
327 1855 361 1913 tu
383 1847 520 1931 confidis,
538 1868 598 1930 per
616 1847 769 1930 gladium.

277 2036 403 2101 Eodem
434 2057 532 2101 sensu
563 2037 661 2101 etiam
692 2036 838 2118 loquitur
860 2035 900 2101 de
922 2036 1066 2101 hostium
1097 2057 1164 2100 sae·

190 2124 287 2190 vitia:
311 2123 404 2204 quasi
423 2123 545 2186 diceret
563 2123 626 2186 iam
645 2122 711 2186 illis
728 2123 763 2186 in
781 2143 881 2187 manu
899 2143 970 2188 esee
988 2123 1165 2199 vintoniam,

190 2210 266 2292 qnia
288 2209 355 2272 sint
383 2208 513 2291 flagella
535 2207 609 2272 Dei.
655 2208 728 2271 Non
752 2209 905 2290 proponit
934 2229 1012 2292 ergo
1033 2206 1166 2272 Iudaeis

190 2294 333 2360 bellandi
367 2294 541 2367 molestias,
575 2294 632 2358 sed
657 2293 868 2359 concionatur
895 2303 1050 2375 tanquam
1080 2292 1165 2375 apud

192 2382 311 2447 viotos:
339 2388 467 2442 tantum
491 2379 643 2456 ostendit,
665 2377 812 2444 crudeles
834 2379 903 2443 fore
925 2378 1110 2443 Chaldaeos
1132 2379 1165 2443 in

193 2464 375 2532 exercenda
398 2466 540 2529 victoria.
586 2464 699 2529 Sumit
727 2464 808 2528 illud
837 2485 896 2547 pro
922 2465 1076 2543 confesso,
1112 2487 1165 2529 su·

191 2553 338 2638 perioree
359 2550 429 2615 fore
453 2549 646 2626 Chaldaeos,
676 2550 829 2632 quoniam
857 2551 974 2615 armati
998 2560 1096 2615 erunt
1118 2549 1165 2615 di·

191 2639 326 2704 vinitus.
368 2634 433 2702 Sed
456 2635 604 2720 adiungit
626 2636 777 2716 alterum,
799 2635 885 2718 quod
908 2636 1030 2702 seilicet
1052 2638 1165 2702 arude-

192 2725 268 2789 liter
289 2725 445 2801 saevient,
474 2731 508 2785 et
533 2721 675 2787 insolitis
696 2722 812 2800 modis,
842 2721 897 2786 ubi
920 2722 1058 2788 ludaeos
1079 2723 1165 2788 vice·

193 2812 269 2875 rint.
302 2808 374 2873 Hae
398 2809 525 2872 ratione
548 2808 634 2883 dicit,
659 2805 821 2873 Comedeui
842 2808 888 2893 (et
905 2807 1067 2874 comedet:
1092 2828 1166 2872 nam

192 2899 300 2961 mutat
323 2915 496 2959 numerum
520 2893 622 2970 verbi,
653 2891 740 2957 idem
765 2903 875 2958 tamen
904 2915 1018 2959 sensns
1044 2894 1167 2979 manet)

193 2981 284 3056 dicit,
319 2978 459 3046 Comedet
487 2999 614 3044 messem
643 2983 741 3061 tuom,
773 2985 800 3044 et
825 2999 943 3063 punem
971 2984 1074 3045 tuum:
1107 2979 1167 3044 hoo

193 3074 254 3141 est,
278 3064 438 3145 quidquid
461 3064 603 3146 colliges,
631 3063 693 3129 hoo
714 3073 821 3129 totum
843 3066 876 3129 in
900 3064 1053 3147 praedam
1076 3064 1168 3130 cedet

194 3150 353 3214 hostibus.
392 3148 455 3211 Per
477 3169 604 3213 messem
627 3154 655 3213 et
672 3170 788 3230 ponem
809 3150 966 3233 intelligit
988 3163 1168 3233 proventus

196 3233 366 3318 quoslibet.
411 3234 531 3297 Postea
561 3233 660 3312 addit,
692 3233 795 3298 Filios
824 3240 891 3298 tuos
920 3240 948 3298 et
973 3236 1061 3315 filies
1088 3241 1167 3318 tuos,

196 3319 282 3403 qnod
302 3325 352 3384 est
370 3320 521 3384 atrocius.
552 3319 614 3383 Est
634 3318 765 3400 quidem
786 3318 868 3383 illud
891 3318 1020 3398 durum,
1044 3321 1168 3402 privari

196 3407 300 3472 victu:
323 3405 379 3470 sed
399 3404 455 3468 ubi
478 3404 670 3487 iugulantur
692 3403 785 3468 liberi
806 3406 840 3469 in
859 3417 1032 3487 conspectu
1055 3427 1169 3489 paren-

197 3502 277 3569 tum,
300 3491 361 3556 hoo
383 3503 433 3555 est
454 3490 620 3555 horribile.
657 3490 749 3555 Dioit
771 3501 880 3555 tamen
903 3491 1074 3576 propheta,
1097 3501 1168 3556 tan-

197 3589 263 3641 tam
294 3578 361 3640 fore
394 3575 576 3641 barbariem
606 3580 641 3640 in
671 3575 835 3654 hostibus,
869 3584 905 3642 ut
934 3597 999 3643 non
1032 3585 1168 3661 pareant

196 3662 306 3744 pueris
330 3661 381 3724 val
401 3662 526 3743 puellis.
560 3661 652 3726 Idem
674 3663 772 3727 etiam
795 3662 944 3746 adiungit
965 3662 1003 3729 de
1019 3665 1169 3729 amentis

197 3751 224 3812 et
245 3746 399 3828 gregibus.
443 3747 561 3811 Postea
590 3748 738 3831 adiungit
766 3749 860 3813 vitem
884 3754 912 3813 et
936 3747 1046 3829 ficum:
1075 3751 1167 3832 qnasi

1217 954 1295 1033 suis,
1328 976 1369 1019 ne
1392 955 1581 1019 existiment
1614 953 1713 1018 talem
1735 953 1803 1017 lore
1824 952 1992 1016 interitum
2024 947 2200 1023 ecclesiae,

1217 1052 1254 1104 nt
1282 1040 1409 1105 nullum
1443 1061 1553 1105 semen
1587 1047 1719 1103 maneat
1747 1037 1887 1103 salvum.
1930 1037 1975 1101 Et
2002 1018 2071 1102 ab)
2096 1053 2201 1114 saepe

1218 1125 1280 1191 hoc
1302 1146 1397 1191 sensu
1421 1127 1558 1208 eapitur,
1588 1136 1625 1190 ut
1647 1125 1719 1190 heri
1748 1121 1871 1188 dictum
1900 1122 1973 1187 luit.
2019 1119 2089 1186 Sed
2116 1117 2201 1182 dnm

1216 1213 1348 1294 propius
1370 1213 1520 1294 expendo
1538 1219 1643 1276 totum
1662 1218 1862 1287 contextum,
1883 1229 1980 1292 cogor
1998 1209 2034 1271 in
2053 1206 2201 1270 alteram

1218 1308 1344 1381 partem
1375 1298 1483 1381 potius
1515 1296 1720 1374 deseendere,
1753 1294 1838 1379 quod
1872 1294 1996 1360 seilicet
2016 1292 2116 1357 Deus
2142 1311 2202 1354 ex·

1218 1392 1353 1468 aggerat
1375 1383 1539 1449 vindictae
1560 1403 1636 1448 suae
1659 1383 1863 1466 gravitatem.
1897 1381 1941 1444 Et
1960 1379 2025 1443 huo
2048 1376 2203 1460 pertinet

1218 1468 1377 1552 particula
1399 1481 1437 1536 οι
1459 1474 1550 1551 atque
1571 1470 1680 1533 etiam:
1711 1467 1802 1549 quasi
1825 1465 1961 1530 diceret:
1992 1463 2046 1528 Ne
2068 1462 2203 1545 putetis

1219 1566 1328 1621 aetum
1351 1557 1428 1633 fore,
1452 1555 1507 1620 ubi
1529 1556 1575 1619 ita
1597 1554 1706 1619 hostes
1727 1551 1936 1634 spoliaverint
1960 1571 2017 1615 voe
2040 1549 2204 1614 omnibus

1218 1641 1369 1716 fortunis,
1397 1651 1429 1705 et
1452 1641 1641 1706 orbarerint
1670 1639 1769 1703 etiam
1798 1637 1918 1714 liberie,
1947 1646 1981 1701 et
2001 1633 2205 1718 redegerint

1219 1727 1259 1791 ad
1278 1737 1459 1792 extremam
1482 1727 1640 1809 inopiam:
1664 1747 1706 1790 ne
1720 1725 1766 1789 sio
1784 1722 1912 1806 quidem
1935 1722 2028 1787 eritis
2047 1720 2204 1786 defuncti

1218 1811 1368 1878 omnibus
1397 1812 1501 1877 malis.
1547 1812 1633 1877 Nam
1663 1830 1724 1894 ego
1750 1829 1926 1892 persequar
1955 1807 2102 1873 ulterius
2130 1805 2204 1871 vin·

1218 1898 1338 1963 dietam
1357 1919 1473 1963 meam.
1506 1899 1626 1963 Postea
1643 1906 1821 1978 sequentur
1842 1894 2090 1977 promissiones,
2116 1912 2206 1974 quae

1219 1990 1402 2067 temperent
1423 1987 1538 2066 minae,
1568 2004 1610 2047 no
1632 1983 1783 2048 deficiant
1810 1982 1936 2062 piorum
1964 1978 2082 2044 animi.
2133 1975 2203 2042 Sed

1219 2069 1371 2135 hocloco
1394 2090 1458 2134 non
1487 2069 1599 2133 dubito
1630 2069 1709 2151 quin
1737 2066 1896 2150 propheta
1925 2065 2062 2131 induent
2088 2064 2202 2128 Deum

1218 2155 1357 2222 indicem
1380 2163 1413 2218 et
1433 2154 1583 2232 ultorem,
1607 2175 1644 2219 ao
1666 2155 1693 2218 si
1715 2152 1824 2218 nullus
1844 2162 1928 2217 esset
1950 2148 2204 2215 misericordiae

1219 2242 1323 2306 locus:
1360 2241 1447 2306 Tune
1475 2261 1603 2323 quoque,
1636 2239 1759 2322 inquit:
1794 2258 1869 2302 nom
1892 2236 2054 2320 particula
2075 2247 2121 2302 m
2145 2255 2203 2299 au·

1219 2326 1317 2409 gendi
1340 2328 1409 2390 vim
1441 2327 1537 2390 habet
1560 2347 1597 2391 ao
1619 2325 1756 2407 pondus,
1777 2324 1879 2389 'Tune
1904 2324 1997 2389 etiam
2026 2323 2062 2386 iu
2086 2319 2204 2386 diebus

1219 2412 1302 2477 iliis:
1335 2412 1395 2477 hoo
1417 2421 1481 2488 eet,
1510 2411 1565 2476 ubi
1589 2412 1698 2475 hostes
1721 2412 1767 2473 ita
1790 2410 1988 2474 nudaverint
2011 2419 2146 2472 terram
2170 2424 2204 2470 ea

1220 2497 1377 2580 frugibus,
1404 2509 1437 2562 et
1459 2499 1548 2561 omni
1570 2518 1690 2581 genere
1712 2496 1913 2572 animalium,
1942 2502 1977 2558 et
1997 2491 2133 2570 incolis,
2161 2512 2203 2555 ne

1219 2592 1297 2649 tune
1326 2603 1453 2665 quoque
1483 2583 1639 2661 desinam,
1673 2582 1777 2664 inquit
1803 2580 1904 2658 Deus,
1939 2599 1996 2644 ros
2033 2577 2203 2661 persequi.

1221 2668 1294 2734 Nou
1313 2670 1433 2750 faeiom
1453 2670 1551 2752 ipitm
1567 2668 1722 2733 vobiscum
1740 2666 1846 2747 tinem,
1868 2666 1945 2748 quia
1964 2664 2077 2729 adhuc
2099 2673 2205 2728 resta·

1220 2755 1303 2820 bunt
1332 2755 1463 2840 flagella
1493 2754 1546 2820 ubi
1577 2753 1734 2836 putabitis
1762 2754 1903 2834 quietem
1928 2750 2020 2816 vobis
2043 2770 2123 2814 esse
2148 2748 2204 2812 de-

1220 2849 1301 2918 tam,
1336 2850 1369 2904 et
1397 2842 1499 2906 finem
1533 2841 1663 2904 vonisse
1694 2839 1869 2914 malorum,
1903 2847 1935 2900 et
1965 2835 2204 2902 calamitatum

1220 2928 1375 2992 omniurn.
1420 2924 1477 2993 sio
1504 2924 1666 2991 Dominus
1696 2945 1793 3008 agore
1821 2922 1902 2988 solet
1930 2942 2005 2987 eum
2036 2919 2205 3004 reprobis,

1220 3012 1393 3094 quietalis
1416 3022 1465 3077 est
1491 3032 1602 3077 eorum
1634 3009 1823 3094 pervicacia,
1854 3016 1892 3073 ut
1913 3008 2061 3091 percussi
2095 3006 2206 3089 magis

1220 3117 1257 3163 eo
1276 3099 1380 3180 magis
1402 3097 1627 3172 obduresoant‚
1651 3117 1689 3160 ao
1709 3096 1858 3160 fraenum
1881 3091 2066 3176 mordeant,
2092 3113 2207 3174 quem·

1221 3182 1395 3248 admodum
1425 3184 1596 3264 proverbio
1627 3181 1754 3247 dieitur.
1799 3179 1887 3244 Hinc
1916 3188 2027 3243 antem
2058 3176 2208 3242 durities

1159 3322 1166 3335 .
1220 3267 1286 3344 illa,
1310 3266 1395 3350 quod
1418 3280 1537 3351 putant
1559 3269 1668 3332 Deum
1691 3287 1761 3332 esse
1784 3267 1876 3348 quasi
1898 3273 2126 3345 exarmatum,
2149 3263 2208 3329 uhi

1220 3373 1342 3435 poenas
1375 3353 1516 3435 sumpsit
1549 3351 1589 3417 de
1622 3374 1733 3417 eorum
1767 3350 1952 3417 sceleribus.
2008 3348 2209 3413 Denuntiat

1220 3440 1321 3523 igitur
1343 3439 1403 3503 sibi
1424 3459 1496 3505 esse
1512 3440 1545 3503 in
1566 3460 1666 3504 manu
1690 3438 1837 3502 diversas
1859 3437 1982 3520 speeies
2006 3455 2209 3517 poenarum,

1219 3531 1253 3590 et
1282 3525 1430 3590 diversos
1463 3525 1622 3607 puniendi
1655 3523 1776 3588 modos.
1829 3522 1874 3586 Et
1908 3523 2006 3586 etiem
2040 3521 2081 3584 in
2115 3520 2210 3586 huno

1219 3612 1316 3676 finem
1340 3619 1450 3694 postea
1472 3610 1631 3694 adiungit,

1307 3783 1357 3847 19.
1380 3778 1425 3845 Et
1443 3782 1510 3859 erit,
1533 3781 1659 3866 (quum)
1676 3780 1831 3859 dixeritis,
1852 3779 1955 3859 Quare
1969 3777 2044 3858 feeit
2062 3775 2211 3844 Ietooot

197 3832 319 3897 diceret
352 3830 434 3893 nihil
465 3832 532 3895 lore
562 3833 689 3896 salvum
723 3832 811 3915 apud
833 3833 982 3911 Iudaeos,
1016 3855 1166 3915 quoniam
1220 3867 1310 3932 Deus
1331 3872 1434 3930 „oster
1455 3867 1543 3930 ,30ng
1564 3868 1669 3931 omnia
1690 3866 1788 3931 pm?
1822 3864 1910 3929 Tunc
1930 3864 2014 3928 diaes
2036 3863 2122 3946 illis,
2155 3863 2210 3929 Si·

198 3918 307 3983 omnia
330 3915 390 3980 sibi
414 3917 543 3997 rapient
567 3920 684 3991 hostes,
715 3940 775 3984 nee
798 3921 940 3984 contenti
971 3929 1068 3983 eruut
1097 3919 1169 3984 eibo
1221 3954 1284 4016 mi

198 4013 232 4068 et
253 4011 339 4082 potu,
363 4001 537 4083 etreliqua
559 4001 695 4083 praeda:
719 4002 776 4067 sed
798 4004 886 4085 ipsos
907 4005 1005 4068 etiam
1026 4005 1169 4069 infantes

198 4086 355 4153 occident.
380 4085 468 4164 Quia
483 4097 591 4150 autem
602 4085 727 4160 Iudaei,
747 4107 847 4167 quum
863 4092 974 4153 essent
991 4088 1057 4153 illis
1073 4086 1169 4153 urbes

198 4171 361 4251 munitae,
390 4171 638 4236 -insolesoebant
670 4180 785 4236 contra
820 4173 1013 4254 prophetas,
1049 4173 1169 4237 iterum

198 4258 337 4326 insultat
361 4276 464 4318 vanae
487 4277 600 4320 eorum
623 4256 812 4338 superbiae:
846 4276 883 4321 ac
905 4258 984 4322 dicit
1011 4259 1170 4324 redactum

198 4346 292 4411 etium
309 4341 354 4405 iri
372 4338 462 4403 urbes
484 4344 623 4405 muuitos
645 4343 688 4405 ud
703 4342 900 4421 pauperiem.
929 4342 1049 4407 Postea
1071 4341 1169 4415 addit,

200 4431 243 4497 Iu
264 4429 376 4511 quibus
398 4431 433 4489 tu
455 4426 603 4504 confidis:
636 4427 709 4491 lroee
730 4426 845 4508 ommia,
874 4426 993 4506 inquit,
1020 4446 1082 4507 per
1102 4427 1171 4508 pla·

199 4518 288 4584 dium
319 4513 434 4579 eadent.
480 4510 564 4573 Nem
596 4511 657 4575 hoo
687 4522 886 4593 postremum
913 4522 1002 4577 ΠΙ)
1031 4511 1172 4574 refertur

200 4604 241 4668 ad
261 4612 366 4665 totum
389 4615 532 4668 versum,
556 4605 587 4657 et
606 4597 751 4678 singulas
773 4605 898 4679 partes:
923 4597 1013 4674 qnasi
1037 4595 1172 4659 dicaret:

200 4690 272 4754 iure
293 4685 393 4770 gladii
414 4684 551 4746 victores
572 4684 745 4745 vastabunt
768 4690 868 4744 totam
888 4680 1053 4761 regionem
1072 4692 1173 4755 tuam,

202 4773 319 4839 deinde
343 4789 420 4838 vero
444 4786 558 4831 omnes
581 4765 742 4829 fortunas:
774 4768 840 4829 imo
867 4764 950 4828 filios
973 4764 1070 4827 etiam
1101 4774 1173 4827 tuos

201 4882 239 4926 ac
262 4858 347 4923 filias
371 4854 573 4939 iugulabunt.
619 4848 784 4930 Sequitur,

1299 3951 1510 4031 dereliquistis
1523 3972 1580 4032 ute,
1596 3958 1624 4017 et
1638 3951 1793 4016 serviistis
1806 3950 1871 4014 diis
1885 3949 2062 4014 alienorum
2080 3948 2212 4032 (alieni,

1222 4035 1263 4101 ad
1282 4035 1428 4109 verbum,
1452 4034 1507 4098 sed
1527 4048 1576 4100 est
1593 4037 1740 4120 enallage
1760 4034 1901 4116 numeri)
1925 4037 1959 4100 iu
1976 4040 2064 4100 terra
2084 4042 2212 4102 vestre:

1222 4122 1267 4185 sic
1284 4120 1425 4186 servietis
1446 4120 1560 4185 olienis
1582 4122 1794 4206 (subaudiunt
1812 4120 1867 4185 alii
1885 4126 2088 4202 interpretes
2113 4122 2210 4186 deos:

1223 4204 1279 4269 sed
1302 4214 1496 4284 pervertunt
1518 4227 1648 4271 sensum
1673 4206 1872 4291 prophetae),
1899 4208 1934 4271 iu
1956 4213 2041 4270 terra
2065 4227 2135 4272 moa
2157 4229 2212 4273 oo-

1223 4289 1272 4355 bis
1293 4287 1368 4373 (hoc
1391 4297 1450 4371 est,
1473 4289 1507 4352 in
1531 4305 1618 4357 terra
1641 4315 1723 4375 quae
1745 4313 1810 4357 non
1833 4292 1895 4357 erit
1918 4291 2052 4377 vestra).
2132 4338 2136 4346 -

1281 4542 1287 4556 .
1309 4457 1397 4521 Hine
1419 4471 1553 4542 apparet
1571 4463 1654 4545 quod
1674 4465 1752 4543 dixi,
1775 4485 1890 4546 nempe
1911 4462 2114 4546 prophetam
2138 4483 2209 4527 non

1224 4540 1326 4641 lenire
1349 4544 1435 4624 quod
1458 4566 1606 4628 asperum
1629 4560 1698 4613 erat
1721 4552 1754 4613 in
1775 4547 2099 4628 comminationibus,
2124 4570 2211 4631 quas

1225 4625 1383 4725 vidimus:
1417 4631 1471 4692 sed
1503 4652 1598 4713 agere
1628 4655 1701 4700 oum
1724 4636 1855 4702 Iudaeis
1886 4655 1945 4717 pro
1973 4655 2094 4698 eorum
2129 4654 2209 4716 per-

1227 4732 1357 4809 vicacia,
1385 4717 1539 4794 quoniam
1563 4719 1693 4783 videbat
1721 4721 1809 4802 ipsos
1838 4742 1908 4785 esse
1938 4718 2137 4784 indomitos:
2176 4734 2211 4784 et

1225 4808 1359 4894 spiritus
1381 4799 1480 4863 etiam
1503 4800 1643 4867 dictabat
1664 4814 1788 4869 tautam
1809 4809 1875 4871 iore
1894 4806 2157 4871 obstinationem
2175 4807 2208 4869 in

1227 4882 1312 4978 dhe,
1332 4892 1366 4945 ιιι
1388 4882 1489 4950 donee
1519 4900 1627 4952 essent
1658 4909 1790 4970 prorsus
1821 4892 1914 4957 fracti
1937 4913 2003 4955 non
2026 4892 2209 4957 flecterent

1226 4987 1369 5031 eervraes
1391 4968 1431 5030 ad
1454 4974 1672 5053 recipiendum
1697 4977 1818 5057 iugum.
1855 4978 1919 5040 Hio
1942 4979 2041 5040 etiam
2068 4999 2209 5044 causam

290 5067 339 5130 18.
371 5063 474 5144 Atque
503 5059 597 5123 etiem
623 5055 658 5118 iu
683 5054 902 5151 diebusliiiis,
933 5053 1006 5117 dieit
1029 5049 1173 5131 Iemoat,
1199 5064 1202 5149 ι
1227 5053 1384 5150 assignat,
1415 5075 1456 5117 ne
1479 5078 1552 5120 eum
1577 5058 1646 5121 Deo
1671 5060 1814 5142 litigent:
1846 5064 1939 5126 siouti
1962 5064 2074 5126 solent
2099 5065 2210 5149 hypo·

202 5175 262 5218 moa
290 5151 408 5233 sociem
437 5143 590 5211 uobiscum
619 5141 713 5222 fimum
746 5138 814 5221 (alii
842 5148 974 5202 vertunt
1002 5155 1172 5216 consump-
1227 5149 1334 5213 oritas,
1359 5142 1483 5217 quoties
1497 5141 1587 5206 Deus
1610 5144 1681 5208 illos
1703 5147 1816 5211 durius
1838 5150 1984 5231 castigat,
2009 5149 2211 5233 obstrepere

203 5238 348 5322 tionem).

1227 5223 1382 5287 adversus
1405 5245 1477 5288 eum
1497 5236 1530 5288 et
1548 5231 1707 5309 conqueri,
1730 5243 1761 5295 et
1779 5253 1891 5298 causas
1914 5236 2012 5297 etiam
2037 5236 2211 5320 flagitare,
