4784 5970
200 354 261 418 141
691 418 697 437 ,
1051 354 1200 421 orror
1222 353 1334 420 ω’.
1769 410 1773 417 ,
2127 358 2188 424 142

199 562 298 608 sensu
322 553 355 606 et
376 541 522 625 regimen
545 540 699 606 tribuitur
713 541 876 622 ecclesias,
898 563 965 608 non
981 551 1016 606 nt
1031 541 1171 625 superba
1221 540 1308 624 quod
1330 538 1495 606 Dominus
1517 540 1691 607 abscondet
1713 562 1748 607 se
1770 542 1939 625 gentibus:
1969 546 2088 629 populo
2111 568 2188 613 vero

200 626 422 693 dominatione
443 628 559 710 eapitis
581 627 719 711 gloriam
741 628 899 704 obscuret,
923 627 977 693 vel
999 629 1097 692 etiam
1118 648 1169 691 ar·
1221 648 1279 692 suo
1302 648 1338 691 se
1359 627 1539 710 patefaciet.
1573 625 1753 692 Christiani
1776 649 1852 693 vero
1874 629 2070 712 interpretes
2087 633 2187 698 elium

199 725 294 797 roget
315 712 375 778 sibi
399 713 564 796 proprium
588 714 778 796 imperium:
816 713 954 796 denique
983 724 1169 797 separatum
1220 733 1361 791 murum,
1383 712 1440 777 sed
1463 711 1559 796 longe
1581 713 1718 794 petitum
1741 713 1890 780 afferunt.
1930 715 2096 802 Argutnm
2118 720 2188 802 qui·

201 799 376 882 quidquam
400 797 518 865 habeat
539 820 558 865 a
580 821 638 864 suo
660 800 781 882 capite:
815 799 870 864 sed
902 800 977 882 quia
1006 798 1170 881 evangelii
1220 796 1293 863 dem
1325 809 1374 863 est
1406 798 1490 880 quod
1520 797 1628 876 aiunt,
1666 796 1837 864 Christum
1865 800 2088 868 absconditum
2118 826 2189 869 esse

199 884 448 967 praedicatione,
470 906 554 967 quae
568 882 654 968 apud
669 904 740 950 eam
757 884 902 966 deposita
920 897 980 964 est,
1003 884 1169 968 spirituale
1221 885 1344 962 Deum,
1377 883 1462 966 quod
1492 883 1561 948 eius
1593 882 1748 948 diviuitas
1780 884 1880 949 lateat
1912 885 1972 951 sub
2004 887 2188 955 humilitate

200 980 249 1035 est
271 969 398 1035 Christi
418 982 598 1052 sceptrum,
628 990 691 1052 quo
710 972 892 1053 potentiam
915 991 1007 1035 suam
1031 970 1167 1034 exserit:
1220 971 1342 1034 carnis:
1376 989 1493 1034 verum
1516 968 1658 1033 alienum
1681 980 1730 1034 est
1760 991 1780 1034 a
1808 972 1987 1054 prophetae
2016 977 2186 1040 sententia.

200 1054 260 1121 hoc
282 1055 379 1120 modo
401 1056 541 1138 supplex
559 1076 666 1122 coram
683 1055 815 1122 Ohristo
831 1076 927 1120 nemo
942 1077 976 1121 se
994 1054 1169 1120 humiliare
1220 1054 1304 1120 Nam
1327 1055 1549 1120 absconditum
1573 1065 1666 1120 vocat
1690 1056 1815 1132 Deum,
1846 1057 1929 1139 quod
1952 1079 1987 1123 se
2010 1059 2188 1126 subducere

199 1150 321 1223 potest,
351 1142 429 1224 quin
452 1141 606 1208 ecclesiae
628 1160 757 1223 quoque
779 1161 814 1206 se
836 1141 980 1217 addicat,
1010 1150 1168 1223 quatenus
1219 1151 1253 1205 et
1286 1140 1521 1223 quodammodo
1554 1139 1715 1206 occultare
1748 1141 1913 1219 videatur,
1954 1165 2053 1226 quum
2087 1148 2188 1230 affligi

198 1225 274 1291 fidei
296 1226 480 1291 obedientia
502 1248 575 1292 cum
598 1225 765 1293 doctrinae
788 1227 970 1291 ministerio
992 1227 1168 1292 coniuncta
1220 1247 1306 1306 suos,
1328 1237 1361 1290 et
1383 1227 1482 1290 variis
1510 1226 1676 1290 aerumnis
1703 1228 1807 1309 premi
1834 1228 1921 1293 sinit.
1967 1229 2187 1310 Quamobrem

198 1322 257 1389 est,
280 1313 327 1377 sio
348 1325 458 1377 umen
482 1322 517 1376 ut
538 1313 641 1395 ipsius
661 1324 760 1396 caput
778 1311 932 1379 Christus
954 1312 1095 1377 emineat
1115 1334 1167 1378 so·
1219 1333 1276 1396 spe
1298 1311 1444 1396 erigendi
1466 1324 1544 1375 sunt
1566 1312 1667 1375 animi
1689 1313 1802 1376 nostri.
1845 1310 1928 1396 Spes
1946 1328 2065 1400 antem,
2087 1329 2124 1381 ut
2142 1321 2188 1382 ait

198 1397 259 1476 lus,
283 1407 542 1482 potestatemque
564 1418 657 1463 suam
680 1409 839 1465 exerceat.
1219 1397 1341 1463 Paulus
1363 1395 1471 1482 (Rom.
1490 1395 1520 1472 8,
1539 1395 1604 1545 2¹3,
1626 1417 1694 1462 non
1717 1408 1767 1461 est
1788 1419 1900 1464 eorum
1922 1421 2003 1483 quae
2027 1401 2186 1469 videntur.

285 1481 384 1568 (certe
412 1485 448 1548 ia
478 1489 507 1549 te
538 1483 637 1568 deae.)
690 1485 808 1550 Refert
840 1484 917 1567 quid
952 1484 1069 1548 dicturi
1102 1484 1168 1548 sint
1218 1487 1328 1566 Atque
1350 1482 1413 1548 hoc
1440 1502 1538 1548 sensu
1594 1503 1668 1546 eum
1697 1482 1922 1549 absconditum
1952 1495 2044 1551 vocat
2065 1485 2186 1554 Isaiae:

198 1569 222 1632 ii
245 1572 299 1652 qui
324 1569 492 1634 ecclesiam
515 1568 729 1634 obsecrabunt
751 1569 883 1635 honoris
906 1589 1012 1634 causa.
1057 1567 1167 1634 Deum
1218 1571 1384 1651 quianon
1406 1568 1515 1632 statim
1539 1578 1653 1650 patent
1672 1569 1773 1634 oculis
1790 1571 1911 1634 nostris
1928 1591 2013 1652 quae
2030 1575 2186 1654 promisit.

199 1655 286 1720 enim
308 1655 393 1738 apud
415 1657 520 1737 ipsam
542 1674 614 1720 esse
636 1655 831 1721 fatebuntur.
865 1666 909 1804 T
927 1653 1075 1719 nonnulli
1094 1676 1167 1720 ver·
1218 1654 1271 1719 Ita
1300 1676 1320 1719 a
1347 1653 1604 1719 consideratione
1634 1674 1742 1719 rerum
1773 1657 1993 1737 praesentium
2028 1657 2187 1725 abducere

199 1748 273 1804 tunt
295 1741 454 1805 Tantum:
487 1741 571 1822 quod
603 1743 663 1807 etsi
692 1760 758 1807 non
787 1762 865 1824 rspu
892 1742 938 1820 io,
971 1742 1036 1806 imo
1065 1741 1168 1805 fateor
1218 1741 1343 1805 animos
1365 1748 1491 1805 nostros
1514 1738 1633 1816 voluit,
1662 1747 1696 1804 et
1725 1759 1826 1822 supra
1853 1741 1958 1806 coelos
1987 1743 2129 1828 erigere,
2160 1748 2187 1809 si

197 1827 403 1909 aptissimum
419 1848 489 1892 esse
504 1826 545 1890 ad
560 1826 807 1909 exprimendam
824 1825 998 1909 prophetae
1013 1836 1166 1904 mentem,
1218 1847 1312 1908 opem
1355 1825 1459 1907 ipsius
1497 1824 1740 1907 apprehendere
1778 1836 1811 1890 et
1849 1827 2000 1909 amplecti
2040 1830 2186 1897 velimus.

123 1920 127 1926 '
197 1933 262 1977 non
284 1921 394 1977 mmen
415 1933 547 1995 prorsus
569 1912 654 1978 male
676 1915 845 1979 conveniet
867 1912 1062 1976 affirmative
1085 1912 1167 1977 acci·
1218 1909 1312 1994 Opus
1333 1911 1435 1993 igitur
1457 1922 1506 1974 est
1528 1912 1700 1994 patientia:
1722 1920 1758 1975 ut
1781 1933 1882 1993 quum
1901 1912 2010 1977 differt
2027 1917 2187 1996 promissa

195 2018 288 2080 pere:
312 1997 434 2080 Utique
456 1999 490 2061 in
514 2008 546 2063 te
569 1996 661 2063 Deus
683 2006 741 2063 est.
787 1998 933 2080 Exponit
954 2006 1063 2061 autem
1087 2017 1166 2080 quo·
1219 1998 1378 2063 desideria
1399 1995 1463 2079 ipsi
1485 2004 1597 2062 nostra
1624 1995 1870 2079 suspendamus.
1913 1997 2054 2063 Dixerat
2083 2023 2188 2087 nuper

196 2082 290 2148 modo
318 2084 422 2148 exteri
452 2083 562 2167 populi
593 2082 783 2149 subiiciendi
813 2085 880 2148 sint
907 2082 1057 2147 Iudaeis:
1091 2083 1167 2165 quia
1217 2082 1418 2157 incredulos,
1459 2083 1610 2164 quamvis
1637 2092 1716 2148 tunc
1747 2083 1833 2148 caeci
1860 2096 1892 2147 et
1917 2084 2037 2166 stupidi
2068 2099 2187 2164 essent,

196 2178 373 2251 agnoscent
395 2169 528 2235 unicum
549 2191 619 2234 esse
642 2168 768 2246 Deum,
799 2189 896 2252 quem
919 2168 1031 2233 Iudaei
1059 2170 1166 2235 colue-
1217 2189 1371 2234 sensuros
1392 2167 1456 2232 Dei
1478 2168 1713 2249 praesentiam:
1742 2169 1798 2233 sed
1821 2169 1896 2250 quia
1917 2168 2062 2234 nondum
2085 2175 2189 2236 mani·

196 2264 284 2319 runt.
329 2253 368 2320 Si
390 2255 464 2336 quis
486 2254 626 2335 obiiciat,
657 2253 718 2322 hoc
739 2253 823 2319 nihil
846 2255 885 2320 ad
906 2254 1044 2319 Iudaeos
1067 2255 1167 2336 perti·
1217 2253 1397 2320 testationis
1427 2259 1555 2336 tempus
1585 2249 1715 2330 aderat,
1753 2274 1816 2317 non
1844 2253 1902 2318 abs
1931 2275 1965 2318 re
1994 2256 2188 2323 interiicitur

197 2343 292 2421 nere',
320 2341 376 2423 qui
398 2360 486 2405 nunc
508 2340 548 2404 ab
570 2341 704 2406 ecclesia
727 2340 825 2405 alieni
855 2353 946 2404 sunt:
981 2341 1166 2422 respondeo,
1218 2341 1299 2405 haec
1317 2339 1519 2421 exclamatio,
1536 2338 1726 2422 quodDeus
1744 2351 1919 2420 antequam
1936 2339 2076 2489 gloriam
2092 2364 2187 2408 suam

197 2424 238 2491 ab
260 2426 301 2490 iis
324 2425 536 2490 nihilominus
558 2426 763 2510 evangelium
787 2446 946 2501 manasse,
975 2435 1070 2507 atque
1093 2447 1166 2509 pro·
1218 2425 1376 2501 illustret,
1416 2425 1572 2490 virtutem
1613 2445 1706 2490 suam
1746 2425 1884 2491 occultet
1916 2448 1934 2489 a
1987 2428 2187 2508 probandam

196 2521 351 2594 pagatum
386 2533 455 2576 esse
488 2533 546 2594 per
586 2513 775 2576 universum
815 2513 942 2576 orbem:
983 2516 1081 2593 atque
1120 2513 1167 2575 ita
1218 2531 1352 2576 suorum
1374 2508 1481 2574 fidem.
1526 2510 1628 2575 Porro
1651 2530 1716 2574 non
1740 2509 1779 2573 de
1802 2511 1943 2576 essentia
1966 2513 2038 2590 Dei,
2068 2515 2125 2578 sed
2147 2515 2187 2578 de

196 2596 431 2681 Ierosolymam
455 2609 492 2660 ut
514 2599 645 2674 fontem,
668 2597 755 2661 unde
777 2618 859 2679 pura
875 2596 1020 2661 doctrina
1035 2597 1166 2680 prodiit,
1219 2597 1341 2661 auxilio
1365 2596 1556 2679 prophetam
1580 2595 1667 2677 loqui
1690 2595 1906 2680 exepitheto,
1929 2597 2014 2679 quod
2037 2599 2186 2680 proxime

197 2683 413 2765 agnoscimus.
466 2680 536 2748 Soli
564 2696 651 2747 certe
674 2681 787 2746 Iudaei
821 2681 1057 2746 intellexerunt
1088 2683 1163 2747 olim
1218 2682 1355 2759 additur,
1377 2680 1528 2763 colligere
1546 2690 1730 2763 promptum
1751 2694 1808 2758 est,
1831 2702 1930 2763 quum
1949 2683 2187 2750 vocaturDeus

198 2768 269 2849 quis
300 2780 386 2830 esset
414 2767 521 2842 Deus,
558 2779 592 2831 et
620 2767 762 2848 qualiter
792 2767 854 2831 rite
883 2766 1037 2831 colendus
1066 2778 1164 2832 esset:
1218 2781 1372 2833 servator.
1418 2765 1572 2848 Explicat
1593 2767 1679 2829 enim
1703 2767 1811 2830 Deum
1831 2768 1865 2829 in
1889 2766 1983 2832 modo
2004 2770 2186 2834 servandae

197 2853 315 2918 caeteri
339 2851 507 2917 fallacibus
530 2854 624 2936 nugis
654 2852 756 2917 dediti
785 2855 942 2936 figmenta
970 2874 1029 2917 sua
1054 2853 1164 2917 adora·
1219 2853 1372 2919 ecclesiae
1403 2873 1474 2917 sese
1508 2850 1721 2916 abscondere:
1755 2852 1830 2934 quia
1859 2872 1995 2917 manum
2024 2876 2117 2919 suam
2144 2857 2185 2921 ad
2220 2850 2225 2859 '

198 2938 285 3003 bant.
328 2937 425 3004 Unde
458 2939 555 3003 etiam
591 2938 756 3017 Christus,
790 2959 889 3021 quum
924 2936 1165 3004 Samaritannm
1218 2948 1348 3021 tempus
1370 2936 1503 3021 perinde
1525 2935 1673 3016 occultat,
1696 2959 1733 3002 ac
1751 2939 1778 3001 si
1797 2959 1868 3001 eam
1888 2938 2036 3004 deserere
2054 2961 2187 3024 prorsus

198 3023 431 3106 alloqueretur,
460 3024 543 3100 Nos,
574 3025 697 3106 inquit,
726 3025 846 3090 scimus
876 3024 951 3106 quid
982 3023 1165 3089 adoramus.
1218 3035 1377 3090 statutum
1410 3037 1505 3088 esset.
1550 3021 1699 3087 Salutem
1731 3024 1817 3087 enim
1851 3034 1996 3089 nostram
2029 3026 2120 3092 velut
2152 3028 2187 3091 in

197 3109 318 3174 Merito
340 3130 418 3193 ergo
441 3109 492 3175 hic
514 3109 650 3189 dicitnr,
681 3109 773 3174 Dens
794 3112 827 3173 in
852 3120 882 3173 te
911 3119 977 3174 est:
1013 3110 1165 3191 quoniam
1219 3111 1361 3175 tenebris
1384 3109 1484 3174 latere
1507 3109 1588 3189 vult,
1612 3120 1647 3172 ut
1669 3108 1698 3173 si
1719 3130 1758 3174 ea
1780 3108 1844 3173 frui
1867 3110 2023 3192 cupimus,
2046 3115 2186 3178 sciamus

198 3195 280 3259 aliae
300 3196 450 3260 nationes
464 3196 660 3278 ignorabant
676 3197 793 3260 Deum.
827 3194 915 3274 Quia
929 3207 1036 3259 autem
1055 3194 1167 3260 subest
1219 3194 1450 3280 egrediendum
1474 3195 1565 3259 nobis
1587 3214 1605 3257 e
1628 3194 1750 3259 mundo
1771 3213 1857 3258 esse:
1892 3197 1968 3278 quia
1996 3217 2057 3263 neo
2079 3200 2187 3263 subito

199 3282 296 3344 tacita
318 3280 499 3360 antithesis,
521 3280 662 3346 libenter
683 3281 881 3346 exclusivum
903 3281 1094 3363 particulam
1113 3282 1167 3346 ad·
1219 3303 1255 3347 se
1277 3282 1371 3345 nobis
1393 3282 1534 3361 ingeret,
1563 3301 1665 3363 neque
1688 3279 1790 3345 oculis
1811 3281 1932 3345 nostris
1954 3283 2087 3364 patebit.
2131 3284 2185 3347 ln·

198 3367 302 3442 mitto,
324 3377 361 3429 ut
379 3368 597 3432 testimonium
616 3367 659 3431 sit
676 3367 893 3450 poenitentiae
908 3368 1065 3448 gent-ium,
1088 3366 1167 3432 dum
1218 3369 1307 3433 victa
1324 3387 1401 3450 ergo
1419 3366 1605 3430 constantia
1622 3385 1641 3428 a
1660 3365 1753 3429 nobis
1771 3368 1990 3447 exspectanda
2007 3381 2066 3432 est.
2100 3367 2185 3432 Nam

199 3472 263 3516 nno
287 3451 358 3516 Deo
379 3457 551 3518 contentae
572 3451 669 3517 idolis
698 3454 766 3518 suis
792 3451 984 3516 valedicent.
1029 3451 1167 3516 Summa
1218 3465 1251 3518 et
1273 3452 1335 3516 hoo
1356 3451 1451 3515 modo
1473 3451 1570 3515 iidem
1600 3459 1745 3516 nostram
1774 3452 1920 3516 exerceri
1948 3470 1986 3515 ac
2014 3454 2186 3534 probaris

199 3547 256 3615 est,
280 3536 345 3617 Qui
368 3546 466 3602 antea
487 3537 731 3621 superbiebant,
761 3547 860 3618 atque
882 3538 966 3601 elato
988 3538 1095 3602 animo
1118 3558 1166 3603 ee·
1218 3538 1289 3602 Deo
1319 3537 1527 3602 utilissimum
1557 3546 1621 3618 est,
1656 3548 1692 3598 ut
1719 3555 1820 3616 quum
1849 3536 1950 3600 variis
1980 3536 2186 3621 undiquaque

199 3622 330 3689 clesiam
349 3624 609 3699 contemnebant,
633 3644 703 3688 sese
725 3624 844 3687 siesse
862 3622 1087 3700 submissuros,
1111 3623 1167 3687 ubi
1218 3623 1383 3689 aerumnis
1405 3640 1600 3703 prememur,
1623 3620 1837 3686 nihilominus
1858 3621 1894 3685 in
1913 3622 1984 3685 Deo
2001 3632 2099 3706 atque
2116 3624 2186 3690 eius

198 3709 378 3773 innotuerit
399 3711 623 3773 sanctuarium
651 3711 721 3774 veri
749 3709 828 3773 Dei:
861 3727 968 3789 neque
996 3710 1099 3787 enim,
1132 3719 1168 3772 ut
1217 3709 1386 3791 promissis
1408 3706 1680 3788 conquiescamus.

199 3793 404 3871 dictumest,
435 3792 602 3860 ecclesiam
626 3815 719 3859 snam
742 3794 901 3859 extollens
923 3793 1015 3858 Deus
1037 3794 1167 3876 proprio
1304 3793 1344 3857 16
1366 3800 1399 3855 et
1422 3792 1472 3856 lt.
1509 3789 1647 3874 (Pudore
1674 3789 1875 3878 afficiemur.)
1930 3792 1995 3859 Hic
2029 3791 2187 3874 propheta

198 3880 334 3962 imperio
356 3900 391 3943 se
420 3879 556 3944 abdicat.
599 3880 709 3962 Atque
739 3879 800 3945 hoe
828 3880 959 3963 signum
990 3885 1041 3944 est
1069 3899 1167 3943 verae
1217 3877 1356 3943 Iudaeos
1377 3885 1546 3959 comparat
1567 3896 1643 3940 oum
1661 3877 1824 3960 gentibus,
1847 3887 1885 3943 ut
1924 3879 2041 3943 ravist
2063 3875 2187 3944 difficili

199 3963 435 4040 conversionis,
466 3964 552 4045 quod
574 3986 640 4029 non
662 3965 800 4031 colimus
823 3966 930 4029 Deum
953 3984 1049 4046 quem
1071 3965 1167 4029 finxi·
1218 3964 1391 4029 tentationi
1413 3972 1578 4041 occurrat,
1608 3982 1674 4044 qua
1695 3972 1846 4045 poterant
1872 3898 2056 4043 sollicitari,
2085 3983 2187 4046 quum

198 4049 359 4126 mns,setl
382 4050 496 4133 quiin
519 4050 654 4115 ecclesia
677 4052 874 4133 agnoscitur.
911 4048 1097 4114 Notandum
1117 4058 1167 4115 est
1217 4062 1333 4134 gentes
1373 4049 1535 4131 prosperis
1575 4051 1672 4114 rebus
1703 4048 1769 4112 frui
1805 4049 1962 4114 viderent.
2019 4047 2188 4133 Suspioari

199 4138 295 4200 etiam
320 4138 382 4200 hoo
404 4134 557 4201 ecclesiae
574 4139 755 4216 encomion,
776 4135 867 4202 Deus
887 4137 921 4200 in
940 4147 972 4199 te
990 4143 1049 4200 est.
1081 4134 1166 4199 Nam
1218 4137 1303 4201 enim
1326 4135 1360 4199 in
1384 4143 1476 4198 tanta
1497 4134 1740 4216 perturbatione
1761 4143 1919 4216 poterant,
1955 4135 2060 4200 Deum
2083 4137 2188 4219 genti·

199 4223 291 4287 Deus
312 4224 347 4286 in
377 4220 484 4286 medio
512 4222 599 4298 eius,
629 4223 703 4302 quia
730 4222 796 4287 illic
824 4222 1022 4286 domicilium
1053 4219 1166 4304 elegit:
1219 4221 1280 4286 bus
1302 4219 1479 4303 propitium
1502 4241 1581 4298 esse,
1604 4231 1660 4285 ant
1682 4218 1837 4285 abiecisse
1858 4240 1969 4286 curam
1992 4221 2102 4304 populi
2125 4222 2187 4300 sui,

200 4308 474 4389 quemadmodum
496 4308 587 4389 prius
613 4308 787 4371 citavimus
816 4329 857 4372 ex
880 4306 1011 4372 Psalmo
1032 4307 1083 4371 46.
1129 4304 1167 4372 Si
1219 4317 1276 4372 aut
1298 4326 1392 4372 caeco
1414 4304 1564 4370 fortunae
1585 4306 1710 4388 impetn
1728 4308 1835 4371 omnia
1853 4306 2039 4390 gubernari.
2072 4307 2188 4371 Monet

200 4393 287 4456 enim
310 4394 449 4476 populus
469 4392 531 4457 Dei
549 4413 673 4470 snmus,
695 4401 791 4474 atque
809 4394 944 4457 salutari
963 4393 1033 4458 eins
1051 4392 1168 4456 doctri·
1218 4393 1320 4477 igitur
1342 4392 1509 4475 propheta,
1536 4391 1667 4457 temetsi
1690 4394 1731 4455 ad
1754 4402 1881 4475 tempus
1903 4392 2042 4456 floreant
2063 4403 2186 4475 gentes,

201 4498 262 4542 nae
284 4477 511 4559 subiiciamur,
541 4480 686 4560 sequitur
714 4479 820 4560 ipsum
852 4480 944 4543 nobis
972 4478 1167 4541 affuturum:
1219 4492 1316 4561 atque
1337 4478 1371 4542 in
1395 4476 1483 4542 coelo
1503 4498 1573 4543 esse
1591 4477 1782 4542 videantur:
1805 4489 1916 4542 tamen
1931 4477 2038 4559 perire
2057 4478 2187 4543 tandem

200 4563 277 4645 quia
298 4583 373 4628 suos
395 4563 543 4628 deserere
565 4584 631 4628 non
654 4564 735 4628 vult.
780 4563 865 4628 Nam
888 4564 968 4628 haec
996 4564 1167 4646 promissio
1218 4564 1321 4647 ipses,
1357 4562 1513 4628 Israelem
1546 4584 1625 4627 vero
1657 4562 1785 4628 salvum
1819 4584 1890 4628 esse
1921 4563 2091 4645 oportebit.
2147 4564 2187 4626 In

200 4659 359 4731 perpetua
379 4660 443 4726 est,
473 4668 533 4714 nec
562 4649 603 4713 ad
630 4661 760 4732 tempus
780 4648 861 4712 illud
884 4647 1087 4713 solummodo
1117 4668 1168 4713 re·
1220 4670 1365 4732 summa,
1399 4647 1550 4713 hortatur
1582 4670 1624 4713 ne
1652 4647 1716 4712 Dei
1750 4650 1926 4730 potentiam
1957 4670 1997 4712 ex
2024 4649 2187 4729 praesenti

200 4736 278 4799 terri
301 4733 406 4799 debet.
1220 4756 1330 4800 rerum
1352 4742 1442 4800 statu
1463 4734 1650 4799 aestiment:
1683 4754 1726 4798 ne
1747 4736 1781 4798 in
1804 4743 2063 4800 momentaneam
2086 4733 2186 4798 felici·

287 4819 338 4885 15.
359 4819 455 4905 (Vere
476 4826 510 4884 ta
532 4819 621 4887 Deus
641 4819 829 4886 abscondens
849 4819 901 4904 te.)
944 4819 1039 4883 Nunc
1060 4819 1168 4885 excla·
1220 4831 1320 4886 tatem
1344 4820 1468 4885 defixas
1490 4819 1631 4885 habeant
1654 4828 1795 4885 mentes:
1818 4819 1875 4885 sed
1897 4840 1952 4886 eae
1969 4820 2003 4882 in
2022 4830 2186 4883 aeternam

200 4915 270 4971 mat
290 4906 403 4981 Isaiae,
426 4904 525 4988 longa
546 4907 702 4987 patientia
723 4927 803 4989 opus
825 4926 912 4982 esse,
943 4916 980 4969 ut
1000 4907 1168 4988 promissis
1219 4907 1359 4972 salntem
1375 4905 1538 4982 attollant,
1560 4915 1657 4987 atque
1672 4924 1772 4969 mann
1787 4905 1851 4971 Dei
1866 4907 2008 4988 percussi
2024 4905 2188 4986 patienter

200 4991 264 5057 Dei
287 4991 450 5057 fruemur:
479 4991 554 5073 quia
575 4991 714 5076 populus
737 4992 778 5056 ad
801 4991 1058 5073 desperationem
1081 4991 1169 5056 solli·
1219 4992 1328 5058 ferant
1360 4991 1576 5057 conditionem
1606 5009 1715 5055 suam:
1749 5010 1810 5057 nec
1837 4991 2010 5073 impiorum
2040 4989 2187 5055 felicitati

200 5079 294 5143 citari
317 5088 454 5161 poterat,
477 5097 577 5159 quum
600 5077 708 5161 impiis
729 5079 839 5142 omnia
861 5078 1000 5141 fluerent
1017 5097 1059 5139 ex
1078 5085 1169 5142 voto:
1220 5079 1404 5154 inrideant,
1444 5096 1541 5159 quarn
1581 5075 1697 5140 infelix
1729 5078 1868 5142 mutatio
1907 5090 2084 5158 sequutura
2123 5086 2187 5142 est:

200 5164 279 5247 ipsis
301 5185 379 5229 vero
402 5163 539 5230 adversa
560 5165 670 5227 omnia
699 5164 890 5229 acciderent.
935 5160 1012 5226 Scio
1034 5161 1170 5226 alitera
1220 5159 1491 5246 quemadmodum
1513 5162 1611 5226 etiam
1629 5161 1717 5227 Psal.
1733 5162 1774 5226 37
1797 5160 1960 5243 praeclare
1983 5158 2185 5229 describitur.

201 5251 363 5333 plerisque
385 5250 513 5333 exponi.
545 5248 688 5315 Hebraei
709 5251 796 5314 enim
820 5248 916 5333 vulgo
938 5246 1003 5311 huc
1024 5246 1169 5327 trahunt,
1221 5252 1331 5330 Atque
1355 5250 1433 5312 haec
1454 5246 1618 5310 sententie
1637 5268 1712 5313 oum
1737 5248 1903 5329 superiore
1932 5247 2104 5313 coniuncta
2127 5256 2186 5312 est.
