4784 5970
139 326 211 401 ,593
884 326 931 392 IN
952 325 1202 392 IEREMIAM.
1248 326 1348 391 OAP.
1372 323 1432 390 IV.
1967 352 1973 366 ·
2095 331 2161 398 594

148 513 293 580 alterins.
337 513 423 577 Nam
446 513 508 576 hoc
537 515 636 576 ctiam
666 512 843 596 plurimum
874 523 970 580 nocet
998 513 1127 577 miseris
1179 534 1276 596 qnam
1310 513 1430 597 exigno
1463 521 1609 595 tempore
1642 514 1782 597 grassati
1822 514 1947 580 fuerint
1986 517 2022 582 in
2062 526 2158 596 terra,

149 597 343 676 hominibus,
366 599 442 681 qnia
463 606 581 680 putant
602 617 667 662 non
684 598 745 663 sibi
764 600 831 664 fore
849 597 1021 665 continnae
1040 598 1125 664 oela-
1178 599 1342 665 redituros
1375 598 1518 663 domum.
1543 669 1546 676 ,
1574 598 1660 663 Nam
1693 599 1797 665 moles
1836 601 1912 669 belli
1945 602 1981 666 in
2021 602 2159 686 longum

148 685 281 749 miratos
317 682 462 749 infestas.
518 684 748 767 Imaginantur
786 686 874 750 enim
907 683 1016 748 Deum
1057 684 1125 749 fore
1174 695 1308 765 ⁴tempus
1330 682 1421 749 vobis
1447 683 1625 767 incumbet,
1654 693 1688 748 et
1710 683 1802 753 Deus
1830 688 2001 768 protrahet
2028 688 2159 756 calami·

147 781 338 834 oontentnm
371 769 482 852 aliqua
511 768 618 833 subita
647 767 756 844 clade,
791 768 1066 851 quemadmodum
1097 770 1124 833 ιι
1177 777 1276 846 tates,
1315 769 1363 834 ita
1396 779 1434 834 ut
1471 770 1645 835 continuus
1680 770 1725 834 sit
1757 769 1894 854 clangor
1926 773 2093 853 tubarum,
2126 781 2160 839 et

148 865 323 936 tempestas
356 854 474 937 aliqua,
508 854 561 919 vel
596 854 737 935 procella
767 860 930 919 transeat:
959 860 993 920 ιι
1022 875 1123 936 quum
1176 854 1337 919 vexillum
1370 853 1519 939 subinde,
1552 853 1604 918 vel
1638 854 1778 938 singulis
1812 855 1927 923 diebus
1962 854 2155 939 proferatur.

148 941 257 1022 aliqua
287 939 406 1004 levatio
435 951 581 1023 apparet,
616 948 735 1022 putant
767 961 801 1005 se
835 939 1004 1006 defunctos
1036 959 1123 1005 esse:
1177 939 1274 1005 Nunc
1302 959 1380 1024 ergo
1414 948 1563 1005 tenemus
1595 939 1674 1021 qnid
1708 939 1790 1017 velit
1823 943 2009 1025 propheta..
2045 943 2159 1010 Primo

146 1035 244 1106 atque
266 1025 312 1089 ita
329 1024 469 1090 redeunt
487 1025 527 1089 ad
546 1025 719 1106 pristinam
738 1024 900 1104 ferociam,
924 1033 956 1089 et
974 1024 1125 1091 derident
1176 1023 1328 1103 ostendit,
1351 1024 1452 1089 etiam
1474 1025 1502 1089 si
1524 1025 1636 1106 procul
1660 1026 1767 1090 dissiti
1791 1033 1870 1091 sunt
1893 1027 2016 1110 hostes,
2047 1037 2159 1095 tamen

146 1111 254 1174 Deum
278 1110 370 1192 quasi
392 1110 458 1174 iam
481 1111 584 1193 elapsi
607 1120 718 1175 essent
738 1132 779 1174 ex
802 1111 872 1176 eius
894 1131 1005 1175 mann.
1050 1110 1123 1177 Han
1144 1126 1153 1188 t
1177 1115 1311 1192 repente
1344 1108 1569 1188 advolaturos,
1609 1110 1885 1193 quemadmodum
1922 1113 1995 1178 heri
2031 1111 2159 1179 dicebat

146 1197 272 1260 ratione
295 1195 373 1260 dicit
395 1195 554 1278 propheta
575 1194 779 1261 calamitates
800 1196 899 1279 longo
926 1197 1127 1262 tractatore
1177 1195 1375 1277 perniciores
1409 1195 1479 1260 fore
1512 1216 1612 1278 equos
1646 1196 1709 1261 Dei
1742 1198 1894 1263 omnibus
1926 1198 2055 1281 aquilis.
2112 1200 2160 1264 ut

144 1281 326 1357 continuas,
353 1281 400 1345 ita
422 1289 461 1344 nt
484 1280 594 1346 nullus
623 1281 698 1346 linis
727 1280 909 1362 sperandus
939 1281 992 1359 sit,
1023 1281 1124 1349 donec
1176 1288 1290 1363 postea
1320 1279 1359 1346 de
1388 1282 1543 1347 continno
1572 1301 1754 1365 progressu>
1777 1281 1855 1347 belli
1885 1282 2026 1350 disserit.
2071 1285 2159 1351 Nam

146 1367 181 1429 in
205 1374 307 1430 totum
331 1366 448 1431 Iudaei
478 1365 644 1447 perierint.
688 1365 756 1432 Sed
784 1387 883 1448 quum
914 1365 993 1432 dicit
1015 1368 1123 1433 vocari
1175 1365 1237 1432 hoo
1266 1367 1366 1431 etiam
1396 1387 1513 1449 operae
1546 1366 1691 1450 pretium
1721 1373 1795 1432 erat
1824 1368 1956 1434 Iudaeis
1984 1369 2159 1435 ostendere

144 1450 363 1528 calamitates,
406 1452 547 1517 breviter
588 1450 744 1517 admonet
776 1452 884 1516 Deum
917 1450 1031 1517 sedere
1064 1473 1123 1535 pro
1175 1452 1273 1517 sicuti
1305 1453 1518 1535 pervicaciter
1549 1451 1658 1518 Deum
1696 1456 1976 1538 contempserant,
2007 1456 2054 1521 ita
2083 1456 2158 1520 vin·

146 1535 313 1613 tribunali,
342 1545 376 1599 ιι
403 1546 574 1620 postquam
606 1537 713 1601 leuem
743 1557 883 1620 poenam
912 1539 1054 1618 sumpsit
1082 1538 1123 1603 de
1176 1535 1297 1603 dictam
1320 1538 1391 1602 eius
1414 1559 1480 1602 non
1509 1538 1578 1603 fore
1607 1544 1873 1604 momentaneam
1896 1539 2069 1618 duntaxat,
2100 1541 2157 1607 sed

146 1621 287 1704 peccatis
302 1621 480 1698 hominnm,
493 1622 661 1706 graviores
673 1622 788 1705 plagas
800 1621 931 1687 addere:
948 1634 1123 1707 postremo,
1175 1623 1223 1688 ita
1251 1623 1473 1689 incubituram
1503 1627 1541 1687 nt
1577 1622 1689 1688 nullus
1718 1630 1806 1688 esset
1834 1626 1920 1691 finis.
1973 1624 2156 1691 Sciendum

146 1706 202 1771 nbi
225 1706 313 1771 videt
336 1727 406 1772 esse
425 1707 629 1789 desperatam
653 1706 821 1785 malitiam,
844 1728 980 1791 pergere
1002 1707 1043 1773 sd
1065 1729 1122 1773 ex·
1175 1713 1285 1772 autem
1318 1716 1386 1785 est,
1426 1730 1493 1777 nou
1527 1710 1637 1774 minus
1673 1707 1770 1774 hodie
1806 1731 1878 1776 esse
1915 1710 2085 1787 tarditatis
2121 1713 2157 1777 in

144 1800 298 1869 tremum,
322 1805 358 1856 ut
380 1792 504 1859 scilicet
526 1792 632 1858 deleat
655 1813 789 1874 prorsus
812 1794 868 1874 qui
889 1805 969 1857 sunt
989 1793 1122 1859 insana·
1175 1793 1307 1873 mundo,
1340 1815 1438 1875 qnam
1461 1800 1542 1858 tune
1571 1795 1635 1859 fuit
1663 1792 1751 1877 apud
1773 1793 1922 1862 Iudaeos.
1969 1796 2059 1861 Ero
2090 1817 2158 1862 non

144 1876 232 1943 biles.
285 1876 401 1944 Vocula
422 1883 468 1944 cst
496 1878 600 1961 igitur
622 1878 755 1944 afflictio
784 1899 881 1960 asper
908 1879 1123 1961 afflictionem
1174 1879 1298 1945 suffieit
1320 1878 1417 1945 hodie
1438 1879 1556 1961 impios
1578 1885 1612 1945 et
1634 1878 1811 1945 sceleratos
1838 1880 1932 1945 citari
1955 1880 1997 1946 ad
2054 1882 2083 1946 ei
2106 1883 2157 1946 in·

143 1961 323 2045 quomodo?
349 1964 469 2046 Neinpe
484 1965 584 2046 periit
604 1968 669 2028 tota
689 1968 791 2030 arra.-
812 1964 939 2047 deinde,
963 1964 1123 2031 Tubercu-
1175 1962 1305 2041 dicium,
1334 1965 1397 2030 nisi
1419 1965 1520 2030 etiam
1544 1963 1765 2030 adhibeantur
1794 1965 1878 2034 tales
1904 1968 2041 2050 figurae,
2071 1987 2158 2050 qnae

143 2048 214 2113 ndo
235 2067 304 2114 mea
325 2054 449 2130 repente
466 2049 621 2115 ἅιιινιιιι
637 2055 720 2132 suut,
741 2048 841 2115 abiu
858 2050 1029 2117 ᾶιιιιιιιι
1049 2056 1124 2116 suat
1175 2053 1334 2115 terrorem
1356 2050 1521 2117 incutiant
1542 2055 1576 2115 et
1597 2058 1720 2134 cogant
1740 2053 1828 2133 ipsos
1851 2055 2008 2128 metuere,
2039 2072 2156 2134 qnam·

142 2134 280 2198 conisae
300 2153 396 2198 meac.
440 2134 644 2199 Existimant
670 2135 864 2216 prophetam
894 2135 948 2201 hio
975 2138 1122 2202 conferre
1175 2136 1227 2200 ιιι
1261 2136 1367 2201 modis
1399 2135 1552 2201 omnibus
1584 2142 1744 2201 conentur
1777 2137 1917 2202 obruere
1949 2157 2043 2202 suam
2078 2159 2156 2204 con-

143 2219 295 2283 tentoriis
317 2229 350 2282 et
370 2221 505 2285 cortinis
527 2220 626 2285 urbes
649 2219 744 2285 valde
766 2221 920 2302 munitas,
944 2235 981 2285 ut
1002 2222 1122 2287 refutet
1175 2220 1345 2286 scientiam
1374 2226 1409 2287 et
1441 2241 1477 2286 se
1510 2221 1765 2304 obstupefacere,
1798 2228 1836 2287 nt
1864 2221 1975 2288 Deum
2009 2224 2156 2288 suaviter
2289 2286 2293 2292 ,

142 2303 294 2368 stolidam
317 2304 562 2386 confidentiam,
583 2326 647 2388 qua
669 2306 844 2389 turgebant
866 2305 990 2387 ludaei,
1020 2327 1121 2389 quum
1173 2306 1395 2372 contemnant.
1439 2306 1580 2372 Necesse
1603 2307 1777 2390 igiturest
1799 2307 1902 2372 etiam
1933 2307 2031 2373 hodie
2053 2309 2155 2373 vehe-

143 2398 296 2471 pntarsnt
330 2392 427 2456 urbes
460 2391 533 2455 illas
567 2410 638 2456 esse
675 2390 774 2455 firma
806 2391 975 2458 obstacula
1007 2401 1122 2459 contra
1175 2392 1319 2458 mentius
1341 2393 1465 2459 instare
1488 2412 1600 2458 servos
1623 2391 1697 2472 Dei,
1726 2401 1764 2457 ut
1787 2392 1976 2475 hypocritas
1998 2397 2032 2457 et
2053 2392 2155 2459 obsti·

142 2475 263 2540 hostes.
301 2475 392 2558 Ergo
415 2476 605 2541 existimant
626 2476 680 2541 hic
701 2478 895 2560 prophetam
912 2477 979 2543 illis
996 2479 1122 2562 eripere
1174 2483 1270 2542 natos
1306 2477 1574 2562 expergefaciant
1604 2496 1625 2542 a
1656 2497 1715 2542 sno
1748 2484 1890 2562 torpore.
1946 2478 2070 2545 Postea
2103 2500 2155 2545 se·

143 2579 260 2624 ranam
280 2561 443 2637 fiduciam,
463 2582 562 2644 quum
578 2568 676 2627 vocat
693 2562 791 2628 nrbes
809 2561 883 2627 illas
901 2563 1120 2630 tabernacula.
1174 2564 1297 2646 quitur,

142 2643 229 2712 Sunt
259 2647 357 2710 etiam
388 2649 442 2728 qui
471 2656 588 2729 putent
620 2648 729 2729 ipsum
759 2645 905 2711 alludere
935 2648 975 2711 ad
1007 2647 1121 2714 urbem

142 2750 238 2794 snam
268 2730 451 2808 Anathoth,
483 2731 536 2795 vel
565 2730 606 2798 ad
636 2752 741 2816 genus
768 2731 913 2798 vivendi.
958 2733 1005 2798 Et
1032 2741 1121 2801 certe
1260 2731 1312 2796 22.
1346 2734 1504 2815 Quaricm
1523 2733 1637 2799 dadae
1659 2734 1801 2815 populus
1828 2752 1918 2799 meuc
1946 2753 1994 2798 ιιι
2019 2753 2082 2800 ιιι
2108 2754 2154 2801 co·

140 2815 300 2881 Ieremias
322 2816 532 2900 pastoraliter
549 2837 646 2899 saepe
663 2817 824 2899 loquitur:
849 2816 913 2883 hoo
934 2827 993 2895 est,
1015 2819 1121 2885 utitur
1169 2818 1293 2901 ριιιιιε
1312 2818 1376 2899 filii
1397 2821 1581 2901 incipiemus
1601 2819 1675 2900 ipsi,
1697 2824 1726 2883 et
1746 2838 1807 2884 uon
1836 2819 2046 2902 antiquas
2077 2819 2156 2906 ipse)

142 2902 216 2966 rndi
248 2900 335 2984 stylo
368 2912 401 2967 ιι
434 2904 659 2985 incomposito
710 2903 783 2967 Hoc
811 2903 914 2986 igitur
941 2924 1006 2969 non
1036 2914 1121 2971 esset
1171 2901 1272 2987 (sunt,
1295 2919 1366 2972 nnn
1388 2905 1686 2971 demonstrativum
1715 2925 1894 2987 pronomen
1917 2906 2054 2989 ponitur
2085 2906 2156 2971 vioe

141 2986 331 3065 absurdum,
361 2989 389 3053 ιι
413 2988 559 3066 dicamus
590 2989 697 3070 ipsum
726 2988 862 3053 induere
884 2991 1024 3072 pastoris
1046 3010 1120 3073 per·
1172 2987 1289 3074 verbi),
1309 2991 1409 3056 astuti
1430 2992 1496 3072 ipsi
1516 2989 1582 3074 (vel
1605 2988 1783 3075 sapientes)
1805 2990 1849 3056 ad
1870 2991 2008 3057 ιιαιιιι
2035 2991 2090 3057 ιώ
2111 2991 2156 3059 ud

141 3092 265 3149 sonam,
288 3093 390 3154 quum
410 3072 554 3156 loquitur
576 3074 617 3138 de
647 3072 875 3139 tabernaculis.
921 3073 1120 3158 Quanquam
1171 3074 1426 3156 benefaciendum
1444 3076 1712 3160 maiesataam.

142 3167 320 3240 utrumque
342 3167 452 3240 potest
473 3157 572 3223 simul
600 3158 764 3243 coniungi,
793 3180 910 3241 nempe
932 3161 1018 3242 qnod
1042 3180 1121 3227 usus

140 3244 238 3308 tuerit
270 3263 421 3309 sermone
453 3244 639 3326 pastoribus
672 3244 809 3310 usitato:
848 3244 976 3310 interea
1010 3254 1120 3311 tamen
1259 3247 1387 3312 Iterum
1403 3247 1546 3312 inculcat
1561 3246 1733 3330 propheta,
1748 3266 1881 3325 cansam
1898 3247 2061 3312 malorum
2076 3246 2155 3313 oriri

142 3328 315 3393 ostendere
337 3349 464 3394 merum
487 3349 559 3395 esse
581 3328 767 3404 ludibrium,
790 3330 876 3412 qnod
893 3329 1007 3396 Iudaei
1029 3341 1122 3414 puta·
1173 3331 1214 3396 ab
1237 3333 1307 3416 ipso
1327 3331 1459 3414 populo,
1481 3338 1516 3396 et
1537 3332 1573 3395 in
1596 3332 1666 3415 ipso
1690 3331 1843 3408 residere,
1868 3340 1906 3397 nt
1935 3333 2059 3398 scilicet
2087 3355 2154 3398 non

139 3413 222 3478 bant
254 3434 290 3478 ss
321 3414 424 3496 probe
458 3413 585 3497 elapsos
617 3436 702 3493 esse,
735 3436 835 3496 quum
870 3416 991 3481 multae
1025 3419 1121 3484 nrbes
1172 3418 1351 3482 transferat
1373 3417 1437 3482 alio
1459 3417 1601 3499 culpam.
1645 3416 1738 3481 Dicit
1760 3418 1872 3500 igitur,
1903 3417 2045 3498 Populus
2066 3438 2155 3483 ιιιιι

141 3498 288 3564 munitas
311 3509 421 3565 essent
450 3501 483 3564 in
513 3500 644 3578 finibus,
674 3521 758 3583 quae
785 3499 930 3565 hostium
959 3502 1120 3583 impetum
1171 3503 1294 3568 stultas.
1346 3502 1511 3585 Loquitur
1544 3501 1597 3567 hio
1628 3503 1665 3564 in
1692 3501 1755 3567 Dei
1785 3521 1936 3584 persona,
1970 3503 2047 3584 quia
2076 3524 2154 3567 oon·

141 3593 299 3649 arcerent.
353 3583 419 3651 Sed
449 3606 515 3650 non
544 3587 658 3651 minus
688 3585 858 3650 commode
887 3587 934 3651 ita
966 3608 1121 3669 expones,
1173 3589 1269 3653 tinuo
1302 3595 1376 3670 post
1407 3588 1565 3669 sequitur,
1602 3585 1660 3652 Me
1692 3606 1755 3652 ιιι
1787 3589 1953 3669 ιοιιιιιιι
1988 3588 2048 3652 hoc
2084 3609 2153 3652 non

142 3667 270 3733 nullum
292 3670 452 3754 angulum
469 3670 539 3735 fore
555 3670 695 3746 salvum,
718 3672 794 3753 quia
812 3670 852 3734 ad
872 3670 1001 3738 deserta
1018 3693 1120 3756 usquc
1173 3678 1283 3755 posset
1312 3681 1495 3754 competere
1524 3673 1559 3735 in
1586 3672 1695 3754 ipsum
1724 3671 1907 3737 Ieremiam.
1952 3671 2044 3736 Deus
2073 3691 2153 3756 ergo

142 3755 500 3922 ttltttlltlttt
516 3757 1120 3923 lpilissliirilffiriiiillnt’llil
1171 3754 2153 3926 littttftflzdxttlt',Ettlttlttttdt

141 3923 243 4002 cubito
265 3930 444 4008 strepente,
475 3946 518 3990 ne
545 3925 630 3991 ullas
657 3924 806 4001 inducias
834 3925 895 3991 sibi
926 3927 1119 4010 promittant
1171 3927 1372 4011 duplicetur:
1417 3927 1500 3991 nihil
1544 3926 1632 3992 enim
1673 3929 1816 4009 turpius,
1856 3948 1955 4009 quam
1996 3928 2151 4011 populum

141 4009 273 4088 Indaei,
314 4021 411 4092 atque
448 4012 496 4075 ita
531 4012 790 4093 procrastinant,
832 4023 865 4076 et
903 4021 1021 4094 putent
1056 4012 1118 4078 sibi
1170 4013 1310 4080 electum
1334 4034 1353 4078 a
1374 4010 1448 4078 Dec
1470 4022 1508 4076 nt
1529 4013 1704 4096 peculiaris
1733 4021 1820 4078 esset
1850 4013 1923 4077 eins
1953 4012 2152 4093 haereditas,

143 4096 210 4159 fore
250 4096 329 4160 satis
370 4097 526 4178 temporis
567 4096 608 4161 ad
649 4095 876 4178 paciscendum
921 4119 996 4163 cum
1035 4097 1117 4164 Dso.
1169 4102 1217 4162 ita
1246 4119 1318 4165 esse
1341 4098 1539 4165 dementem.
1584 4098 1749 4180 Quorsum
1780 4099 1867 4164 enim
1896 4099 1990 4164 Deus
2018 4099 2153 4182 adopta·

141 4179 309 4264 Sequitur,
1169 4190 1264 4248 verat
1296 4184 1357 4250 sibi
1395 4183 1480 4249 filios
1511 4183 1682 4261 Abrahae,
1723 4184 1787 4248 nisi
1822 4190 1860 4248 ut
1897 4185 2004 4250 lucem
2035 4184 2152 4250 salutis

1169 4273 1339 4352 gestarent
1356 4269 1390 4334 in
1409 4268 1543 4348 mundo,
1565 4270 1660 4351 qnasi
1680 4268 1857 4335 lucernae?
1894 4268 1978 4350 Quis
2001 4270 2152 4352 populus,

226 4350 279 4415 21.
320 4350 482 4434 anaequo
510 4350 616 4417 videbo
646 4352 824 4419 amilium?
857 4354 995 4420 audiam
1017 4374 1119 4421 ιιιιιι
1170 4355 1277 4437 inquit
1300 4355 1409 4420 Moses
1430 4354 1544 4440 (Dent.
1562 4355 1592 4426 4.
1612 4355 1643 4418 6.
1663 4353 1705 4440 l),
1726 4357 1795 4435 tam
1817 4354 1937 4420 nobilis
1959 4355 1995 4418 in
2018 4353 2152 4436 mundo,

141 4431 208 4517 (vel
231 4435 433 4521 clangorem)
454 4437 570 4502 tubae?
1169 4442 1224 4522 qui
1247 4441 1325 4506 deos
1348 4441 1469 4504 habeat
1490 4439 1552 4503 sibi
1574 4439 1778 4503 familiariter
1807 4438 2036 4523 propinquos?
2070 4440 2152 4506 haec

1168 4537 1219 4590 ιιι
1241 4532 1301 4591 tna
1321 4525 1542 4608 intelligentia
1564 4537 1598 4588 ιι
1613 4525 1785 4609 sapientia,
1808 4536 1842 4590 et
1857 4545 1942 4608 qnae
1959 4530 2152 4608 sequuntur.

136 4681 138 4687 Ι
227 4603 360 4669 ΟΙιιιιιιι
381 4627 565 4672 sermonem
588 4606 691 4683 illum,
719 4627 817 4689 quem
847 4608 991 4674 diximus
1020 4629 1115 4674 orna·
1170 4612 1259 4694 Ergo
1289 4609 1380 4675 Deus
1410 4611 1464 4676 hic
1493 4610 1586 4691 qnasi
1617 4615 1806 4691 portentum
1836 4610 1968 4694 aliquod
1999 4609 2151 4688 ostendit,

141 4699 210 4752 tum
233 4689 333 4754 fnisse
362 4691 479 4775 figuris
508 4698 547 4756 nt
577 4693 805 4757 vehementius
834 4694 979 4760 afficeret
1007 4695 1118 4760 tardos
1169 4695 1254 4777 qnod
1277 4716 1391 4761 omnes
1417 4695 1659 4775 abominentur,
1692 4694 1745 4760 nbi
1776 4703 1872 4762 vocat
1898 4698 2068 4762 dementem
2093 4715 2152 4780 po·

140 4784 239 4856 atque
269 4774 349 4840 adeo
377 4777 522 4857 torpidos
552 4778 688 4842 animos.
735 4776 802 4843 Sed
830 4782 1002 4844 confirmat
1031 4779 1118 4861 qnod
1163 4780 1280 4860 pulum
1310 4801 1420 4847 ιιιιιε
1452 4779 1546 4863 quasi
1577 4780 1709 4860 diceret,
1739 4780 1875 4846 Fierine
1904 4786 2072 4863 potestat
2095 4802 2152 4864 po·

140 4858 224 4923 dixit
250 4858 345 4925 initio
372 4863 516 4943 proximi
545 4884 670 4938 versus,
699 4862 753 4928 vcl
782 4863 943 4947 vigesimi,
975 4866 1119 4930 Afflictio
1169 4864 1281 4947 pulus,
1315 4887 1412 4948 quem
1444 4865 1527 4930 mihi
1560 4865 1664 4950 elegi,
1695 4876 1739 4941 ιι1
1761 4865 1849 4949 apud
1884 4887 1982 4949 quem
2013 4865 2152 4948 deposui

138 4965 239 5027 super
271 4945 480 5011 afflictionem
514 4959 630 5013 vocata
662 4959 722 5013 est.
773 4949 907 5031 Repetit
936 4972 1015 5034 ergo
1045 4950 1118 5016 aliis
1169 4951 1282 5016 foedus
1305 4964 1456 5017 aeternae
1478 4950 1603 5029 salutis,
1626 4973 1721 5035 quem
1745 4951 1900 5036 dignatus
1923 4971 1996 5016 sum
2019 4950 2151 5016 erudire

138 5029 247 5095 verbis
269 5031 406 5097 eandem
429 5033 638 5109 sententiam,
673 5032 837 5115 ᾳιοιιιιι
859 5036 991 5101 audiam
1018 5055 1119 5100 ιιιιιι
1164 5035 1268 5115 ⁴verbo
1290 5056 1379 5102 meo:
1413 5049 1449 5101 ut
1483 5037 1621 5120 populus
1653 5038 1710 5102 ille
1739 5038 1785 5101 ita
1814 5037 1963 5102 furenter
1992 5057 2026 5102 se
2058 5056 2151 5118 prae·

138 5115 253 5180 tuboe?
283 5122 311 5183 et
335 5116 441 5183 uidebo
470 5118 645 5184 occidam?
678 5121 802 5201 inquit:
836 5119 898 5186 hoo
924 5130 983 5199 est,
1011 5119 1119 5185 Valde
1169 5120 1301 5202 cipitetl
1332 5120 1474 5204 Populus
1496 5122 1721 5207 argentoilus,
1750 5123 1900 5203 quiante
1921 5141 1983 5186 ιιι
2003 5123 2150 5205 ooqoovit.

138 5200 248 5283 opinio
277 5208 388 5268 vestra
417 5223 476 5269 vos
505 5203 635 5285 decipit,
669 5206 697 5268 si
725 5205 850 5287 putatis
880 5205 1000 5289 hostes,
1029 5216 1117 5289 post·
1170 5205 1235 5272 Hic
1257 5209 1454 5289 exprimitur
1475 5209 1581 5291 qualis
1602 5209 1703 5273 fuerit
1730 5208 1788 5271 illa
1816 5207 1969 5286 stultitia,
1999 5210 2051 5273 uel
2079 5227 2152 5274 oas-

250 5302 361 5360 Ouleini
377 5319 473 5373 opera.
502 5304 561 5360 Vol.
575 5304 741 5361 XXXVII.
1914 5308 1951 5363 38
