4784 5970
188 389 251 453 271

189 586 327 660 caperet,
350 593 445 655 quem
466 567 605 651 undique
624 567 714 633 Deus
737 569 770 632 iu
790 587 895 632 unum
913 566 1052 650 colliget.
1089 565 1161 631 Iam

188 664 265 746 qnia
287 660 390 723 ruinis
417 664 451 721 et
473 655 624 720 vastitate
654 653 808 718 deformis
839 661 909 718 erat
930 650 1062 730 Iudaea,
1085 651 1162 718 dicit

189 746 286 813 urbes
308 744 452 809 desertas
474 741 657 806 habitatum
679 740 729 804 iri.

274 832 305 894 4.
335 828 399 914 (Ne
420 828 539 906 timos,
560 826 639 907 quio
659 845 720 889 acm
735 822 901 907 pudefiat.)
945 824 1019 900 Hic,
1049 844 1160 906 quem-

188 915 364 982 admodum
389 915 488 996 prius,
519 912 643 975 animos
665 910 813 975 fidelium
835 911 1025 987 confirmat,
1055 921 1089 973 et
1111 918 1160 974 to·

110 1070 117 1085 ,
188 1009 257 1067 tam
279 1001 448 1066 ecclesiam
476 997 669 1079 alloquitur:
701 997 778 1077 quia
799 996 994 1060 universalis
1016 1000 1088 1060 erat
1109 1014 1160 1059 ca·

188 1088 327 1163 Iambus,
355 1095 388 1148 et
410 1083 541 1165 penitus
564 1093 672 1146 actum
695 1081 735 1146 de
755 1082 828 1163 ipsa
850 1081 1030 1146 videbatur.
1076 1081 1159 1144 Eam

190 1184 299 1239 autem
322 1173 404 1236 bono
428 1169 538 1234 animo
560 1188 630 1232 esse
651 1165 751 1243 iubet,
779 1176 877 1249 atque
904 1166 1062 1231 rationem
1085 1167 1160 1230 sub·

189 1259 312 1340 iungit,
340 1253 424 1338 quod
448 1252 546 1317 talem
567 1253 691 1317 exitum
714 1253 868 1318 habitura
889 1253 932 1317 eit
954 1260 992 1316 ιι
1014 1273 1078 1316 ιιι
1101 1273 1160 1335 pu·

189 1345 303 1409 defiat:
326 1363 363 1407 ac
382 1342 411 1406 si
429 1340 559 1415 diceret,
582 1339 727 1404 Tametsi
750 1338 791 1403 ad
814 1346 942 1420 tempus
963 1337 1084 1402 misera
1107 1339 1161 1420 sis,

189 1440 299 1496 tamen
322 1449 374 1493 res
396 1435 472 1490 tues
495 1426 577 1491 bene
599 1424 778 1489 habebunt.
822 1425 867 1487 Ιιι
889 1420 1160 1505 quemadmodum

189 1516 266 1581 alibi
289 1514 500 1580 dictumest:
536 1509 604 1590 Qui
626 1522 761 1590 sperant
784 1511 815 1573 in
839 1507 982 1573 Domino
1012 1530 1078 1573 non
1102 1529 1161 1590 pu·

189 1601 312 1667 defient
333 1596 434 1683 (Psal.
458 1596 510 1678 25,
533 1594 576 1680 3).
620 1595 747 1658 Iterum
771 1595 897 1677 repetit,
924 1594 1163 1659 moerebamus:

188 1685 310 1763 idest,
345 1683 491 1764 Concipe
521 1680 640 1746 bonam
668 1701 768 1762 spem,
800 1691 834 1745 et
855 1680 993 1745 confide.
1037 1680 1162 1745 Itlrube·

189 1780 288 1838 scuut
309 1771 397 1834 enim
420 1789 499 1852 quos
517 1769 567 1832 sui
591 1766 700 1849 pudet,
722 1767 833 1847 etqui
856 1785 913 1847 spc
935 1787 994 1830 sua
1016 1765 1163 1830 frustrati

189 1859 336 1924 animum
360 1854 525 1919 deiiciuut.
564 1852 714 1917 Eandem
736 1854 896 1916 rationem
919 1851 1097 1933 subiungit.
1133 1864 1163 1917 ’2

189 1945 275 2009 euim
309 1942 364 2007 hic
397 1941 517 2003 iterum
551 1939 672 2020 accipio
705 1947 742 2002 ut
773 1939 879 2021 prius,
913 1957 971 2020 pro
1005 1935 1165 2018 particula

189 2029 320 2096 causali.
354 2028 416 2091 fist
437 2027 539 2109 igitur
561 2024 674 2089 eadem
697 2024 859 2089 sententia
881 2022 930 2088 bis
952 2022 1092 2106 repetita
1115 2020 1163 2085 di·

190 2114 294 2181 versis
316 2112 444 2178 verbis:
475 2112 538 2175 uisi
568 2109 653 2192 quod
682 2110 772 2191 prior
799 2108 840 2173 ad
869 2109 972 2172 animi
1002 2108 1163 2184 affectum,

1069 377 1118 442 IN
1140 375 1306 444 ISAIAM

2123 372 2185 437 272

1213 565 1308 629 irrita
1337 566 1426 647 prior
1448 562 1628 647 redemptio
1650 562 1825 641 videretur,
1859 561 1945 647 quod
1977 563 2101 629 iterum
2129 582 2183 646 po·

1214 649 1311 733 pulus
1342 650 1378 714 in
1411 650 1634 732 captivitatem
1669 649 1828 716 abductus
1860 659 1962 729 esset,
1995 658 2109 714 tamen
2141 651 2185 715 ιιι

1213 734 1455 801 restituendum
1477 756 1546 800 esse
1568 744 1604 801 ut
1627 756 1691 801 uon
1713 737 1844 800 inanem
1864 735 1926 799 Dei
1949 735 2094 819 gratiam
2117 756 2185 802 esse

1213 822 1304 886 sciat.
1349 820 1496 886 Verbum
1526 834 1605 900 ιιιρι
1635 822 1686 888 ιιι
1721 822 1760 885 ad
1792 821 2024 904 redemptoris,
2057 820 2112 884 ιιι
2146 821 2184 887 ιι

1213 907 1317 973 sancti
1340 927 1460 971 nomen
1483 908 1596 974 referri
1618 912 1738 990 potest:
1763 907 1815 972 vel
1838 906 1879 971 ad
1898 912 2086 990 utrumque.
2115 907 2185 991 Ego

1213 992 1354 1057 libenter
1375 1006 1549 1074 utrumque
1571 994 1668 1059 simul
1691 1004 1864 1059 connecto:
1892 1013 2020 1074 nempe,
2042 990 2184 1059 Sanctus

1213 1077 1315 1142 lsrael
1338 1078 1509 1143 vocabitur
1531 1079 1718 1162 redemptor
1740 1088 1828 1158 tuus,
1851 1088 1883 1142 et
1899 1077 1990 1145 Deus
2013 1080 2185 1144 universae

1213 1173 1329 1232 terrae.
1373 1163 1570 1230 Universam
1594 1186 1672 1230 vero
1694 1176 1814 1230 terram
1837 1165 1995 1245 nominat,
2027 1163 2107 1246 quia
2129 1185 2184 1230 no·

1214 1271 1289 1314 men
1312 1248 1375 1314 Dei
1406 1250 1495 1332 prius
1525 1251 1557 1313 in
1581 1250 1704 1316 Iudaea
1733 1249 1969 1334 quodammodo
1996 1250 2185 1317 conclusum

1214 1349 1300 1399 erat:
1341 1334 1398 1399 sed
1431 1333 1597 1418 publicato
1631 1337 1803 1422 evangelio
1835 1348 1948 1418 gentes
1981 1334 2018 1400 in
2050 1336 2186 1402 candem

1214 1421 1327 1486 salutis
1349 1440 1440 1504 spem
1463 1430 1596 1486 vocatae
1618 1431 1704 1487 suut.
1744 1423 1904 1487 Dominus
1926 1422 2015 1487 enim
2038 1423 2186 1507 gentium

1216 1508 1306 1571 Deus
1329 1518 1388 1582 est,
1419 1507 1514 1571 sicuti
1538 1518 1571 1570 et
1592 1507 1798 1575 Iudaeorum.
1842 1507 1973 1572 Iudaeis
1993 1511 2087 1573 enim
2110 1529 2186 1593 gen·

1215 1602 1278 1667 ιιι,
1313 1592 1464 1690 quamvis
1494 1592 1590 1676 longe
1620 1594 1763 1679 dissitas,
1797 1593 1858 1661 sub
1886 1593 2064 1676 imperium
2093 1615 2185 1660 suum

1215 1690 1417 1761 aggregavit.

1301 1765 1330 1828 6.
1364 1763 1536 1847 (Quoniam
1564 1764 1666 1849 sicat.)
1716 1764 1851 1830 Occurit
1881 1763 2077 1829 dubitationi
2107 1787 2187 1848 quae

1215 1850 1333 1913 oboriri
1367 1858 1496 1930 poterat
1529 1850 1679 1917 fidelibus
1709 1852 1743 1914 iu
1774 1861 1841 1915 tam
1870 1852 1961 1935 gravi
1992 1850 2186 1917 calamitate.

1216 1935 1423 2000 Videbantur
1457 1936 1544 1999 enim
1578 1938 1688 2003 reiecti
1718 1957 1737 1999 a
1767 1937 1924 2016 Domino,
1957 1937 2004 2000 ita
2037 1949 2076 2002 ut
2109 1937 2187 2003 nibil

1217 2032 1346 2102 praeter
1376 2021 1546 2085 interitum
1580 2023 1837 2103 exspectandum
1868 2027 1964 2087 esset.
2020 2023 2188 2107 Propheta

1217 2128 1295 2188 ergo
1325 2106 1488 2187 significat
1510 2107 1550 2170 iis
1573 2108 1707 2173 minime
1733 2107 1970 2190 desperandum
1993 2128 2077 2189 esse,
2106 2109 2188 2193 quod

189 2201 349 2286 posterior
371 2196 412 2261 ad
435 2218 565 2262 causam
589 2205 760 2259 externam
784 2194 898 2258 referri
920 2204 1036 2276 potest.
1078 2191 1164 2257 Sim·
1217 2193 1265 2256 ita
1286 2192 1408 2256 fuerint
1430 2190 1593 2256 destituti:
1617 2196 1694 2275 quia
1709 2195 1799 2260 Deus
1822 2215 1879 2276 pro
1902 2213 1960 2259 sua
1982 2192 2188 2280 indulgentia

190 2286 305 2369 plicior
338 2295 447 2347 tamen
482 2283 545 2345 erit
576 2282 611 2344 in
645 2287 785 2361 utroque
817 2280 962 2344 membro
994 2278 1099 2342 laetae
1132 2285 1165 2341 ιι
1217 2277 1257 2341 ad
1284 2277 1580 2343 reconciliationem
1614 2300 1796 2362 propensus
1818 2282 1874 2362 sit,
1908 2280 1974 2344 imo
2004 2283 2187 2347 exanimem

191 2390 367 2454 prosperae
397 2369 547 2430 fortunae
576 2366 757 2446 promissio,
791 2384 828 2430 ιι
850 2366 877 2429 ιι
900 2364 1035 2429 dixisset
1063 2365 1164 2427 finem
1218 2363 1296 2426 velit
1329 2364 1462 2445 erigere.
1518 2363 1651 2430 Uxorem
1683 2366 1904 2431 adolescentiae
1936 2379 2049 2444 vocat,
2083 2378 2122 2432 ut
2152 2387 2187 2432 ιι

192 2457 264 2521 eius
286 2452 465 2518 calamitati
487 2471 557 2515 esse
580 2451 780 2531 impositum.
814 2448 884 2514 lmc
900 2450 1043 2530 pudoris
1079 2449 1164 2512 Con·
1218 2447 1430 2512 similitudine
1466 2449 1591 2513 animos
1628 2453 1660 2515 in
1693 2473 1733 2515 ιι
1768 2473 1825 2534 spe
1863 2451 1968 2535 magia
2005 2453 2185 2518 confirmet

192 2540 333 2606 firmatio
367 2551 416 2601 est
450 2536 625 2617 superioris
658 2535 806 2599 membri.
858 2535 1020 2618 Intelligit
1056 2542 1164 2598 autem
1217 2534 1363 2599 Facilius
1392 2535 1478 2598 enim
1507 2536 1661 2600 iuvenum
1691 2537 1866 2618 coniugum
1896 2557 1992 2620 quam
2023 2538 2185 2604 seniorum

193 2624 406 2702 calamitates,
430 2642 512 2703 quae
535 2621 689 2685 ecclesiae
711 2621 910 2702 acciderunt,
937 2641 1039 2702 quum
1061 2619 1165 2684 veluti
1218 2621 1318 2683 animi
1347 2621 1603 2685 reconciliantur.
1648 2622 1780 2687 Mollior
1808 2623 1895 2687 enim
1924 2635 2015 2688 aetas
2044 2634 2078 2688 et
2101 2635 2186 2689 tener

193 2710 400 2775 adolesceret.
438 2707 591 2787 Felicitas
614 2707 701 2769 enim
723 2727 786 2788 qua
809 2716 920 2788 postea
942 2708 1077 2783 fruetur,
1101 2726 1166 2769 om·
1188 2732 1193 2849 Ι
1218 2726 1308 2770 amor
1337 2707 1424 2787 ipsos
1453 2706 1586 2784 invitat,
1620 2718 1651 2772 et
1674 2709 1910 2790 quodammodo
1942 2709 2095 2792 impellit
2139 2710 2187 2795 Ita

1190 2852 1193 2900 l

195 2817 271 2861 nem
294 2815 406 2859 earum
429 2793 618 2856 memoriam
641 2791 769 2857 delebit.
802 2792 992 2857 Viduitaiem
1013 2791 1044 2856 ei
1067 2791 1166 2856 tribui
1220 2793 1324 2856 Deum
1349 2791 1389 2854 ad
1409 2793 1703 2858 reconciliationem
1726 2794 1854 2859 facilem
1872 2795 1939 2859 iore
1957 2795 2112 2861 ostendit
2140 2797 2185 2861 m

195 2901 301 2964 nuper
323 2879 501 2960 attigimus,
532 2878 616 2958 quod
640 2899 677 2941 eo
700 2887 846 2960 tempore
868 2878 1024 2943 destituta
1045 2897 1064 2940 a
1085 2878 1166 2955 Deo,
1218 2878 1348 2959 quidem
1382 2876 1551 2958 repudiata
1591 2898 1645 2944 es:
1686 2881 1742 2944 sed
1780 2879 1971 2944 diuturnum
2014 2879 2186 2947 divortium

196 2986 234 3033 ιι
255 2965 359 3031 veluti
381 2963 552 3044 repudiata
574 2972 667 3025 esset.
1218 2985 1282 3028 non
1312 2963 1384 3027 crit.
1429 2963 1627 3028 Placebilem
1655 2986 1689 3030 ιι
1718 2965 1887 3048 praebebit
1910 2966 2092 3032 Dominus:
2127 2969 2186 3031 imo

282 3049 311 3115 5.
345 3049 445 3134 (Quia
465 3047 625 3130 maritas.)
668 3046 792 3111 Reddit
819 3049 978 3112 rationem
1003 3067 1063 3111 cur
1085 3046 1167 3112 obli·
1218 3051 1306 3131 prior
1326 3058 1358 3112 te
1380 3048 1466 3111 ultro
1489 3047 1530 3113 ad
1552 3051 1843 3116 reconciliationem
1867 3052 2032 3116 invitabit.

195 3143 273 3200 tura
293 3136 336 3200 sit
357 3155 470 3198 omnes
493 3153 666 3197 aerumnas
689 3141 722 3195 ιι
744 3133 955 3209 calamitates,
986 3154 1067 3215 quas
1088 3132 1166 3197 olim
1306 3135 1380 3198 let
1401 3133 1432 3198 8.
1462 3133 1531 3219 (Ac
1552 3136 1698 3218 seipsam
1719 3136 1932 3288 memmiumss
1974 3137 2112 3204 Plenius
2133 3160 2185 3203 ex·

195 3242 293 3306 passa
314 3231 380 3285 est:
411 3221 486 3301 quia
507 3217 598 3282 Deus
624 3219 744 3281 iterum
766 3218 869 3300 ipsam
892 3219 925 3282 in
948 3219 1088 3301 gratiam
1111 3217 1167 3282 ad·
1219 3220 1317 3302 plicat
1339 3220 1539 3300 superiorem
1562 3222 1771 3301 sententiam,
1800 3232 1834 3287 et
1856 3243 1899 3304 qu
1933 3222 2123 3288 efuturum
2147 3224 2187 3289 sit

195 3309 315 3373 mittet.
360 3305 445 3368 Nam
472 3303 644 3385 captivitas
665 3302 758 3367 velut
787 3304 911 3385 species
938 3304 1096 3385 quaedam
1119 3302 1166 3367 di·
1218 3306 1280 3370 hoc
1313 3304 1488 3369 divortium
1527 3306 1747 3373 demonstrat:
1788 3329 1905 3392 nempe
1938 3316 1975 3372 ut
2006 3311 2121 3375 statim
2154 3309 2186 3374 in

196 3394 293 3461 vortii
321 3391 401 3456 fuit:
436 3388 712 3471 quemadmodum
745 3389 837 3471 prius
869 3389 975 3472 capite
1009 3391 1166 3470 quinqua·
1219 3391 1393 3474 pristinum
1433 3390 1539 3454 locum
1580 3395 1783 3458 restituatur.
1844 3394 2038 3478 simplificat
2081 3406 2186 3462 autem

194 3481 318 3565 gesimo
352 3476 503 3541 vidimus.
554 3474 651 3540 Nunc
685 3474 747 3539 ait:
785 3473 851 3556 Qui
885 3484 917 3538 tc
948 3474 1072 3539 creavit
1105 3475 1168 3539 erit
1218 3475 1472 3541 misericordiam
1502 3477 1584 3541 Dei:
1618 3490 1650 3542 et
1682 3500 1880 3558 moerorem,
1913 3500 1977 3562 quo
2009 3482 2187 3565 constringi

194 3568 334 3630 maritus
354 3568 449 3628 tuns:
483 3562 529 3626 sic
550 3561 638 3625 euim
661 3560 878 3626 construenda
900 3568 949 3626 cst
971 3561 1035 3626 ista
1056 3561 1167 3625 oratic.
1219 3570 1370 3646 poterant
1399 3562 1500 3627 animi
1523 3564 1660 3647 piorum,
1690 3566 1865 3631 imminuit.
1909 3565 1979 3630 Nec
2001 3568 2092 3632 enim
2109 3569 2188 3633 'satis

195 3652 361 3715 Pictorem
384 3658 493 3712 autem
516 3667 550 3712 se
573 3654 669 3711 vocat
702 3646 855 3713 ecclcsiae
876 3667 970 3724 suae,
1004 3666 1071 3711 non
1094 3655 1168 3712 tan·
1219 3659 1290 3714 erat
1330 3647 1441 3713 fideles
1481 3670 1613 3730 sperare
1653 3650 1794 3734 aliquam
1833 3651 2093 3733 restitutionem,
2131 3654 2190 3717 nisi

196 3744 267 3800 tum
290 3733 376 3815 quod
398 3753 484 3810 eam,
517 3742 553 3796 ut
575 3732 718 3814 reliquos
746 3731 909 3811 homiues,
942 3732 1078 3809 crearit,
1111 3730 1168 3797 sed
1220 3737 1352 3799 brevem
1388 3734 1456 3799 iore
1496 3738 1578 3799 iram
1615 3736 1677 3799 Dei
1717 3737 1926 3802 confiderent.
1990 3737 2190 3823 Frangimur

197 3820 275 3902 quia
296 3839 368 3883 eam
391 3817 545 3898 adoptare
574 3818 727 3900 diguatus
749 3823 800 3883 cst
821 3819 854 3882 in
878 3818 1056 3900 peculium:
1086 3838 1168 3899 quae
1219 3821 1330 3886 statim
1354 3840 1391 3884 ac
1414 3820 1590 3897 deficimus,
1621 3823 1684 3886 nisi
1706 3843 1807 3904 prope
1830 3822 1915 3887 adsit
1936 3823 2112 3904 Dominus,
2138 3845 2190 3889 no·

196 3904 426 3987 praerogativa
462 3903 567 3966 instar
599 3923 702 3967 novae
736 3904 822 3968 vitae
855 3916 913 3969 est.
968 3904 1168 3985 Quanquam
1220 3906 1332 3987 bisque
1355 3906 1418 3970 cito
1441 3926 1576 3970 manum
1600 3908 1754 3990 porrigat.
1796 3907 2016 3988 Quamobrem
2040 3907 2082 3974 dc
2104 3910 2192 3975 resti·

198 4002 309 4054 autem
331 4010 350 4051 a
371 4008 431 4053 sua
461 3988 660 4069 praestantia
691 3988 881 4053 exciderant
905 3988 1035 4071 Iudaei,
1071 3988 1169 4054 sicuti
1222 3990 1344 4055 tuenda
1374 3990 1509 4055 ecclesia
1541 3993 1752 4057 concionatus
1780 3993 1900 4077 Isaiae,
1933 3995 2105 4080 subiungit
2134 3996 2192 4061 hoo

199 4076 240 4140 ad
259 4074 467 4139 deiectionem
491 4073 602 4137 statim
622 4073 771 4137 feruntur
790 4073 946 4151 homiues,
969 4075 1034 4137 nisi
1051 4074 1170 4156 spiritu
1223 4076 1392 4158 repudium
1422 4088 1704 4156 momentaneum,
1735 4079 1991 4145 misericordiam
2014 4102 2096 4146 vero
2122 4101 2193 4165 per·

199 4158 400 4226 fortitudinis
428 4159 569 4242 regeniti
599 4157 682 4221 sint:
717 4159 894 4241 spiritualis
924 4170 1034 4224 tamen
1057 4181 1170 4225 eorum
1223 4173 1354 4246 petuam
1388 4162 1465 4226 fore.
1522 4160 1619 4242 Quod
1652 4184 1687 4228 ee
1719 4164 1872 4247 populum
1906 4164 2073 4247 reliquisse
2107 4167 2193 4246 dicit,

200 4246 321 4313 creatio
349 4265 416 4307 non
441 4265 572 4325 prorsus
603 4242 763 4309 exstincta
793 4255 877 4322 erat,
910 4245 986 4327 quia
1018 4248 1171 4311 manebat
1222 4247 1345 4330 species
1379 4257 1428 4310 est
1461 4249 1685 4314 concessionis.
1740 4249 1795 4316 sio
1827 4252 1914 4315 euim
1948 4253 2145 4335 adoptamur
2175 4273 2195 4317 a

199 4330 340 4398 foederis
363 4330 527 4393 momoria.
570 4328 666 4394 Unde
688 4329 787 4392 etiam
808 4330 928 4395 factum
951 4337 999 4394 est
1021 4340 1058 4393 ut
1079 4331 1170 4396 Deus
1223 4335 1303 4409 Deo,
1327 4337 1363 4394 ut
1382 4342 1514 4415 propter
1534 4334 1703 4400 hominum
1727 4335 1896 4418 perfidiam
1914 4336 1955 4401 ab
1973 4357 2012 4401 ec
2030 4337 2195 4421 repudiari

200 4419 289 4500 ipsos
312 4414 351 4480 de
373 4416 502 4497 integro
524 4415 704 4478 refluxerit.
738 4413 835 4494 Quod
856 4436 891 4479 ιι
910 4413 1059 4478 Iciacum
1080 4439 1170 4481 exer·
1224 4441 1288 4483 non
1313 4420 1485 4500 possimus.
1529 4418 1654 4484 Fidelis
1677 4423 1764 4486 enim
1786 4431 1845 4497 est,
1869 4430 1906 4485 ιι
1928 4442 2099 4504 nunquam
2122 4424 2195 4489 reii-

201 4506 326 4568 cituum
347 4508 452 4581 vocat,
475 4499 514 4563 ad
538 4500 716 4580 potentiam
739 4500 895 4563 refertur:
926 4511 963 4563 ut
984 4501 1018 4563 in
1042 4521 1081 4564 ea
1102 4504 1170 4585 glo·
1224 4505 1289 4568 ciat
1311 4525 1385 4568 suos
1413 4515 1468 4568 aut
1498 4503 1708 4589 derelinquat.
1753 4506 1849 4587 Quod
1878 4508 1981 4591 igitur
2003 4507 2057 4575 lric
2080 4530 2100 4574 a
2122 4530 2196 4593 pro·

201 4589 281 4654 riari
303 4587 394 4651 uobis
417 4585 520 4661 liceat,
544 4605 645 4664 quum
667 4585 769 4668 ipsius
791 4584 849 4648 filii
872 4605 994 4649 sumus.
1039 4583 1172 4664 Quanta
1224 4590 1467 4671 phetadictum
1491 4602 1548 4667 est,
1577 4590 1772 4657 adsensum
1796 4602 1943 4658 nostrum
1966 4599 2000 4658 ιι
2022 4603 2195 4660 externam

201 4675 290 4741 enim
309 4671 454 4755 potentia
469 4670 542 4746 Dei,
563 4678 597 4732 ιι
612 4691 707 4750 quam
726 4670 938 4752 magnificum
957 4670 1026 4733 eius
1045 4692 1173 4753 nomen,
1225 4675 1365 4757 speciem
1388 4676 1503 4739 referri
1525 4675 1634 4742 debet:
1658 4678 1743 4759 quod
1762 4679 1878 4744 abiecti
1896 4680 1998 4744 aDeo
2015 4680 2197 4761 videamur,

201 4772 293 4825 tauta
315 4768 364 4823 est
387 4756 536 4840 gloriatio
566 4765 694 4836 nostra,
728 4755 883 4836 quamdiu
914 4775 971 4817 uos
995 4755 1091 4819 habet
1115 4780 1172 4840 pro
1225 4782 1325 4841 quum
1356 4762 1574 4843 praesentiam
1605 4764 1674 4827 eius
1704 4774 1737 4826 et
1766 4765 1902 4829 tutelam
1929 4785 1994 4829 ιιι
2023 4769 2197 4832 ιιιιιιιιι.

201 4848 287 4921 ιιιιιι,
311 4863 369 4908 ιιι
388 4843 478 4908 ιιιιι
498 4839 591 4904 ιιιιιο
610 4841 796 4922 gloriamur.
831 4839 1046 4904 Commendat
1064 4856 1171 4907 autem
1225 4847 1333 4928 Atque
1362 4848 1408 4909 ita
1438 4848 1562 4930 concipi
1592 4868 1611 4910 ι
1641 4850 1735 4912 nobis
1767 4850 1848 4913 iram
1877 4849 1940 4914 Dei
1975 4872 2108 4918 necesse
2139 4862 2198 4926 cst,

203 4930 365 5014 propheta
387 4929 473 4993 hanc
494 4927 557 4990 Dei
580 4923 841 4990 beneficentiam:
870 4925 953 5006 quod
977 4945 1036 4989 nos
1060 4927 1171 5010 digna·
1225 4931 1493 5013 quemadmodum
1533 4954 1618 4997 uxor
1655 4953 1674 4995 a
1709 4937 1825 4998 marito
1864 4936 2034 5018 repudiata
2073 4950 2197 5003 sortem

203 5016 399 5081 turbabere
427 5012 540 5078 uxoris
561 5011 639 5086 loeo,
670 5019 707 5073 ut
729 5011 798 5075 eius
829 5012 974 5092 potentia
996 5020 1029 5073 et
1053 5013 1173 5078 virtute
1226 5037 1317 5079 suam
1342 5017 1498 5099 deplorat,
1520 5029 1556 5082 ut
1577 5019 1691 5084 merito
1712 5042 1770 5086 nos
1787 5022 1939 5104 castigari
1960 5022 2195 5108 intelligamus.

204 5101 339 5186 gloriari
362 5101 533 5183 possimus.
1228 5101 1292 5166 Sed
1315 5102 1587 5185 apprehendenda
1610 5106 1705 5169 simul
1729 5107 1959 5184 misericordia,
1990 5129 2073 5190 quae
2097 5131 2197 5192 quum

290 5183 491 5268 (Redemptor
513 5182 608 5267 tuus.)
652 5180 904 5261 Redemptorem
928 5196 1086 5264 sevocat,
1112 5206 1173 5265 quo
1227 5189 1424 5270 sempiterna
1446 5200 1542 5271 atque
1565 5191 1725 5256 immensa
1753 5193 1812 5269 sit,
1841 5193 1931 5258 leves
1952 5213 1991 5257 ιι
2012 5206 2198 5261 ιιιιιιιιι-

204 5271 309 5353 magis
339 5273 494 5354 populum
525 5270 560 5334 in
590 5290 630 5334 ea
657 5287 715 5349 epe
744 5266 933 5331 confirmet:
966 5272 1004 5330 ut
1026 5273 1174 5348 quemvis
1227 5294 1304 5337 neas
1327 5295 1405 5357 prae
1426 5276 1498 5356 ipsa
1523 5276 1716 5343 afflictiones
1744 5299 1857 5343 omnes
1886 5300 1956 5344 esse
1986 5283 2197 5364 reperiemus.
