4784 5970
196 391 258 456 677
910 391 959 456 ΙΝ
982 389 1231 457 tusculan.
1276 391 1375 460 OAP.
1400 393 1478 460 VII.
2133 399 2196 464 678

282 583 312 648 9.
335 582 390 650 Aa
416 584 539 666 forari,
571 583 717 662 madere,
751 582 940 649 maumam
973 583 1169 663 committere,
1221 582 1277 645 scd
1309 581 1476 648 conciliari
1509 581 1568 647 sibi
1598 583 1737 667 gratiam
1770 603 1878 649 coram
1911 585 1995 664 Deo,
2029 583 2106 650 dum
2137 585 2198 650 ad·

195 673 304 736 iurare
324 670 408 751 falso
428 669 502 755 (hoc
517 678 575 752 est,
598 669 766 753 peierare),
784 669 926 751 suffitum
943 667 1053 748 offerre
1069 665 1168 746 Bccl,
1221 667 1336 733 hibent
1357 669 1430 733 illos
1448 677 1613 749 patronos.
1647 669 1736 734 'Palis
1754 671 1939 751 superstitio
1954 670 2041 752 apud
2055 671 2195 738 Iudaeos

196 754 354 822 ambulare
373 761 444 834 pust
463 756 535 820 deca
558 755 688 836 alienos,
710 775 788 838 quus
809 775 871 820 aon
892 752 1099 837 tomacellis?
1220 755 1381 836 regnavit.
1428 751 1492 819 Sed
1520 754 1574 818 hic
1605 754 1763 837 propheta
1792 755 1877 820 idola
1905 757 2016 822 omnia
2046 757 2197 841 designat

284 841 332 905 10.
357 841 401 905 Et
422 842 585 921 amicales,
615 846 642 905 et
670 845 787 906 stacteo
814 860 919 906 coram
941 839 1023 920 faeie
1044 858 1113 904 mea
1133 839 1170 902 ia
1222 860 1279 922 per
1312 860 1430 905 nomen
1460 838 1552 904 Baal.
1604 841 1723 905 Postea
1752 841 1952 925 generalitor
1982 843 2196 925 conqueritur

195 929 283 994 domo
304 926 362 991 buc
384 926 458 1009 (hoc
481 936 538 1005 eet,
560 926 594 990 iu
615 925 675 992 hoc
697 925 839 1012 templo),
862 945 958 1008 super
976 943 1070 1005 quam
1091 922 1167 1009 (vol,
1220 923 1329 989 Deum
1360 927 1459 990 tuisse
1489 937 1724 1008 contemptum,
1758 939 1790 990 et
1819 929 1905 1010 ipsos
1936 927 2058 1010 perfide
2087 929 2128 993 ab
2158 949 2195 993 eo

195 1033 293 1095 snper
326 1011 425 1098 quod)
465 1013 642 1077 inoccatum
682 1017 727 1077 cst
757 1032 866 1077 morea
897 1029 1014 1092 meum,
1051 1011 1168 1089 dionis,
1221 1011 1403 1090 descivisse,
1425 1011 1573 1091 quoniam
1594 1012 1793 1077 ambularunt
1811 1019 1884 1095 poet
1899 1013 1972 1079 deos
1990 1014 2115 1079 alienos.
2150 1014 2195 1078 Et

196 1099 335 1163 Iriberott‘
366 1118 476 1164 sumus
506 1098 548 1162 cd
573 1098 753 1180 faciendum
785 1096 836 1183 (ut
868 1094 1038 1180 faciamus)
1066 1115 1169 1161 omncs
1221 1097 1465 1162 circumstantia
1495 1098 1592 1162 ctiam
1622 1106 1800 1180 exaggerat
1829 1100 1962 1177 crimen,
1992 1120 2093 1182 quum
2116 1099 2195 1165 dicit

193 1185 436 1251 abominationes
455 1184 543 1249 istac.
1220 1202 1285 1248 etse
1323 1184 1503 1265 insepultos.
1558 1182 1631 1247 Non
1672 1183 1806 1248 dubium
1841 1197 1892 1249 est
1924 1185 2001 1267 quin
2037 1186 2195 1268 propheta

283 1270 332 1333 11.
355 1269 410 1335 Aa
438 1270 588 1350 melanto
617 1269 773 1334 latronum
792 1269 876 1350 facta
898 1273 942 1333 est
963 1269 1074 1333 domas
1095 1266 1168 1333 baec
1220 1269 1318 1334 tacite
1349 1277 1494 1351 opponat
1523 1269 1765 1347 certitudinem,
1799 1273 1832 1332 in
1863 1290 1926 1353 qua
1956 1270 2093 1336 fundata
2123 1280 2196 1334 arat

195 1355 260 1440 (vel
282 1355 441 1438 templum
464 1354 539 1439 hoo)
560 1375 655 1436 saper
683 1366 779 1435 quom
798 1356 973 1419 inoccatum
994 1357 1039 1418 est
1059 1373 1168 1418 nomen
1221 1373 1298 1418 vera
1326 1354 1449 1437 religio.
1497 1355 1586 1420 Deus
1609 1355 1697 1420 enim
1721 1356 1916 1436 probaverat
1939 1356 2076 1439 gloriam
2099 1376 2193 1421 suam

193 1461 306 1520 mcum,
329 1442 364 1505 ia
385 1442 480 1507 oculis
503 1440 640 1506 cedria?
681 1439 792 1506 Etiam
813 1460 867 1524 eqo
889 1459 953 1507 cote
973 1440 1071 1521 video,
1092 1440 1169 1506 dicit
1220 1440 1332 1504 multis
1354 1439 1530 1519 miraculis,
1557 1460 1657 1521 quum
1680 1440 1841 1523 redempti
1863 1442 1993 1506 lucrant
2015 1441 2195 1507 Israelitae.

195 1527 340 1593 zebaot.
1220 1525 1338 1590 Postea
1360 1524 1472 1590 multis
1488 1525 1653 1591 beneficiis
1671 1528 1922 1592 confirmaverat
1937 1529 2078 1611 primum
2095 1525 2195 1592 illud:

1220 1622 1252 1676 ct
1281 1612 1335 1675 lex
1359 1632 1422 1675 non
1446 1612 1552 1676 fuerat
1574 1611 1781 1695 promulgata
1803 1613 1874 1677 siue
1897 1613 2010 1678 multis
2032 1615 2136 1697 signis
2163 1622 2196 1678 et

280 1697 423 1764 Videtur
445 1718 625 1780 suspensus
648 1719 717 1761 esso
740 1715 855 1762 sensus
877 1697 909 1760 in
934 1698 1039 1776 primo
1059 1717 1167 1772 versu,
1220 1696 1387 1781 prodigiis.
1431 1696 1505 1760 Non
1537 1709 1688 1779 poteraut
1716 1693 1953 1782 igitur'Iudaei
1982 1700 2121 1764 obiicere
2143 1719 2195 1762 er·

196 1784 250 1849 ubi
281 1783 366 1863 dicit,
395 1784 587 1864 defuturi,
615 1784 750 1848 omidcrc
771 1787 799 1847 et
820 1782 1010 1848 adulterium
1026 1787 1166 1865 patrare,
1220 1784 1302 1847 roris
1335 1792 1558 1865 praetextum,
1592 1785 1670 1865 qnia
1698 1785 1733 1848 in
1764 1794 1811 1847 tot
1840 1786 2074 1867 experimentis
2105 1783 2196 1849 nulla

195 1881 256 1936 eto.
287 1883 396 1934 tamen
428 1870 519 1934 nulla
547 1878 597 1932 est
626 1868 660 1932 in
691 1889 726 1932 re
753 1869 824 1951 ipsa
846 1867 1050 1953 ambiguitas.
1095 1868 1167 1933 lttsi
1219 1881 1290 1932 erat
1313 1869 1480 1933 excusatio
1503 1868 1661 1934 inscitiae.
1707 1869 1779 1933 Iam
1801 1869 1888 1952 quod
1911 1868 1952 1935 ad
1975 1868 2051 1935 deos
2070 1870 2196 1935 alienos

194 1958 281 2022 euim
316 1956 437 2038 aliquid
471 1960 521 2019 est
554 1953 730 2037 abruptum
764 1957 799 2019 iu
828 1952 950 2029 vorbis,
984 1954 1167 2036 colligimus
1219 1954 1372 2037 pertinet,
1404 1954 1490 2018 unde
1519 1954 1664 2020 sciebant
1693 1955 1766 2019 illos
1790 1976 1860 2020 esse
1884 1955 1983 2021 deos?
2012 1956 2103 2021 nulla
2125 1965 2195 2021 erat

194 2055 304 2107 tamen
328 2042 412 2106 hano
435 2061 603 2118 summam,
627 2060 670 2103 an
692 2040 801 2104 licebit
821 2039 935 2105 vobis?
980 2041 1025 2104 Et
1047 2040 1167 2104 scimus
1220 2041 1383 2122 probatio,
1418 2040 1507 2104 nulla
1538 2042 1630 2104 ratio.
1680 2040 1841 2106 Videmus
1869 2061 1947 2125 ergo
1978 2041 2031 2105 bic
2061 2043 2195 2126 gravius

195 2129 294 2193 verba
315 2128 469 2192 infinitivi
492 2125 578 2190 modi
601 2145 697 2210 scopa
719 2125 838 2190 resolvi
860 2127 894 2188 in
923 2134 1051 2208 tempus
1080 2125 1167 2188 tutu·
1220 2125 1368 2190 damnari
1387 2125 1535 2203 Iudaeos,
1559 2126 1634 2208 quia
1657 2127 1864 2191 desciverant
1886 2127 2011 2192 aoultu
2029 2128 2101 2192 veri
2120 2128 2195 2203 Dei,

195 2235 283 2279 rum:
309 2217 363 2277 An
382 2234 482 2295 quum
500 2211 600 2275 furati
619 2212 718 2287 eritis,
738 2232 839 2294 quum
854 2211 1048 2290 occideritis,
1066 2231 1166 2292 quum
1219 2212 1275 2294 qui
1299 2232 1333 2277 so
1355 2212 1420 2276 illis
1444 2212 1640 2294 patefecerat
1663 2212 1774 2277 multis
1797 2213 1972 2288 miraculis,
1995 2224 2028 2277 et
2046 2215 2098 2295 qui
2118 2234 2195 2277 san·

193 2298 320 2365 fueritis
342 2298 491 2378 adulteri,
515 2309 548 2361 et
568 2297 712 2362 suffitum
732 2297 913 2361 obtuleritis
932 2297 1024 2372 Baal,
1047 2307 1106 2361 etc.
1127 2295 1167 2361 de
1219 2299 1342 2363 civerat
1370 2297 1468 2362 fidam
1499 2298 1581 2382 logis
1611 2318 1699 2378 suae,
1729 2300 1776 2364 ita
1804 2308 1841 2362 ut
1864 2320 1929 2363 non
1953 2311 2062 2382 posset
2085 2298 2195 2363 uocari

195 2407 230 2450 re
260 2385 362 2468 igitur
393 2386 464 2467 ipsa
494 2383 656 2449 convenit.
709 2381 866 2448 Ostendit
894 2383 980 2447 enim
1009 2382 1168 2465 propheta
1220 2383 1253 2447 in
1277 2382 1428 2447 dubium:
1451 2393 1484 2447 et
1504 2382 1711 2449 desciverant
1732 2384 1776 2448 cd
1797 2384 1868 2450 deos
1885 2385 2062 2468 leopatus.
2098 2384 2195 2448 Nunc

195 2471 294 2537 stulte
324 2469 462 2535 Iudaeos
490 2467 575 2533 velle
605 2467 723 2550 pacisci
751 2489 826 2534 cum
859 2468 937 2543 Deo,
969 2478 1005 2533 ut
1033 2469 1166 2550 impune
1220 2468 1369 2551 adiungit
1390 2469 1559 2552 propheta,
1591 2469 1719 2545 Vertitic,
1744 2469 1806 2536 hoc
1829 2482 1886 2547 ost,
1911 2482 2078 2552 postquam
2103 2469 2195 2534 vobis

195 2559 303 2640 ipsum
333 2567 511 2639 provocent
541 2560 588 2618 tot
616 2553 804 2618 sceleribus:
836 2566 869 2617 et
897 2574 998 2636 quum
1027 2554 1166 2636 ingressi
1219 2554 1414 2637 permisistis
1442 2563 1474 2619 et
1501 2557 1611 2631 iurari,
1642 2570 1675 2620 et
1704 2555 1859 2633 occidere,
1890 2570 1923 2619 et
1955 2555 2115 2620 adulteria
2137 2575 2194 2636 pa·

196 2643 355 2726 templum
378 2642 509 2717 fuerint,
533 2650 668 2723 cogatur
690 2640 778 2720 ipsos
796 2639 949 2720 recipere,
973 2641 1064 2720 quasi
1082 2649 1167 2703 esset
1220 2651 1323 2722 trare,
1356 2649 1388 2704 et
1418 2661 1626 2721 corrumpere
1659 2651 1764 2706 totum
1795 2640 1858 2704 Dei
1887 2641 2028 2720 cultum,
2063 2640 2195 2706 tandem

195 2729 252 2794 illa
292 2728 378 2791 iusta
413 2725 639 2791 reconciliatio.
694 2725 738 2787 Et
771 2723 842 2788 ideo
876 2724 1048 2788 stultitiam
1083 2726 1168 2790 hanc
1219 2745 1273 2790 cos
1300 2725 1421 2807 vendis,
1451 2731 1479 2790 et
1506 2727 1597 2791 stetis
1618 2746 1721 2792 mrum
1746 2726 1829 2808 facie
1850 2747 1921 2792 mec
1942 2729 1978 2792 iu
1999 2727 2110 2808 templo
2131 2726 2193 2792 boc.

197 2813 355 2897 propheta
385 2810 518 2876 deridet.
564 2810 650 2891 Quid
673 2809 759 2873 euim
783 2820 832 2873 est
854 2812 959 2893 magis
982 2810 1168 2889 absurdum,
1221 2810 1314 2876 Deus
1354 2812 1561 2894 prosequitur
1595 2811 1731 2877 eandem
1764 2813 1976 2890 seutentiam,
2018 2813 2096 2895 quia
2128 2832 2195 2876 uon

198 2920 295 2982 qnam
312 2899 418 2962 Deum
436 2899 566 2978 impuno
585 2894 762 2961 concedere
777 2895 973 2975 hominibus,
992 2907 1029 2959 ut
1044 2895 1168 2975 caedes,
1220 2905 1349 2961 tantum
1382 2897 1456 2961 vult
1490 2897 1550 2963 hoo
1580 2898 1650 2964 loco
1681 2898 1836 2962 damnare
1865 2898 2005 2964 Iudaeos
2038 2910 2194 2980 tanquam

196 2998 229 3050 ct
251 2987 347 3064 turta,
376 2982 597 3048 etadulteria
620 2981 827 3064 perpetrent?
873 2981 947 3047 Hoc
969 3002 1034 3046 non
1058 2981 1167 3063 expri·
1220 2983 1416 3059 homicidas,
1447 2994 1480 3047 et
1509 2984 1610 3059 iures,
1641 2994 1673 3049 ot
1700 2983 1883 3049 adulteros:
1918 2985 1974 3048 sed
2005 2983 2092 3048 ultra
2120 3004 2195 3066 pro·

198 3081 291 3135 munt
324 3070 420 3134 claris
452 3068 559 3132 verbis
593 3067 798 3151 hypocritae:
840 3067 896 3132 sed
930 3067 1008 3131 dum
1042 3068 1169 3149 piacula
1221 3067 1376 3151 graditur,
1395 3089 1510 3152 nempe
1525 3069 1611 3151 quod
1627 3069 1757 3135 accedat
1772 3070 1966 3135 otiambaeo
1981 3069 2195 3153 impudentia,

198 3156 377 3221 obtrudunt
406 3155 439 3219 in
469 3154 615 3218 externis
644 3153 869 3232 caeremoniis,
899 3164 932 3218 et
961 3152 1076 3217 volunt
1107 3153 1169 3228 boc
1222 3155 1466 3218 dum-veniunt
1495 3155 1649 3238 perfricta
1671 3156 1788 3239 fronte,
1818 3168 1851 3219 et
1874 3155 2032 3238 templum
2055 3155 2197 3238 ingressi

197 3240 340 3307 remedio
363 3240 500 3323 sepelire
523 3239 716 3324 gravissima
738 3239 869 3315 scelera,
898 3260 1009 3303 annon
1034 3239 1169 3303 trahunt
1222 3240 1337 3305 volunt
1365 3242 1490 3305 censeri
1512 3241 1574 3305 Dei
1605 3241 1755 3306 cultores.
1801 3240 1890 3322 Quid
1921 3242 1981 3306 hoo
2011 3241 2073 3305 sibi
2102 3240 2194 3305 vult?

197 3327 305 3391 Deum
336 3328 369 3389 in
400 3346 475 3391 suas
501 3323 632 3408 partes?
676 3324 798 3389 Annon
818 3324 943 3389 faciunt
965 3325 1056 3407 qnasi
1078 3325 1169 3389 leno·
1222 3326 1336 3408 inquit.
1379 3326 1514 3390 Affertis
1538 3326 1704 3392 vobiscum
1726 3326 1850 3403 caedes,
1874 3340 1906 3391 et
1928 3327 2025 3408 furta,
2048 3337 2080 3390 et
2102 3326 2196 3390 adul·

198 3434 283 3486 nem,
306 3434 405 3496 quum
428 3412 544 3476 volunt
566 3412 674 3494 ipsum
696 3421 807 3493 tegere
825 3410 1007 3475 adulteria?
1031 3410 1109 3474 dum
1128 3431 1168 3474 ex
1223 3416 1315 3487 toria,
1340 3421 1372 3475 et
1395 3413 1507 3476 sordes
1525 3413 1692 3494 impuras:
1716 3432 1775 3478 vos
1798 3414 1876 3477 estis
1899 3424 1946 3476 tot
1969 3413 2096 3494 probris
2119 3432 2195 3476 oon·

198 3499 320 3583 rapinis
351 3497 533 3563 sacrificant
562 3496 653 3580 quasi
683 3495 865 3561 mercedem
895 3496 1027 3578 flagitii,
1062 3517 1170 3559 aunon
1222 3499 1387 3562 taminati:
1420 3518 1497 3560 mox
1528 3499 1666 3579 ingressi
1695 3498 1727 3561 in
1757 3497 1917 3580 templum
1949 3499 2072 3579 putatis
2102 3497 2197 3561 vobis

196 3585 322 3650 iaciunt
354 3594 538 3649 consortem
572 3584 698 3665 furum,
742 3581 930 3646 redimendo
968 3582 1105 3663 praedas
1138 3587 1172 3644 et
1223 3583 1333 3646 omnia
1367 3582 1479 3647 licere:
1513 3582 1785 3663 quomadmodum
1819 3585 1916 3649 otiam
1951 3584 2057 3666 primo
2090 3582 2196 3664 capite

198 3671 329 3752 rapinas
359 3668 548 3735 sacrificiis?
594 3668 711 3733 (lrasae
734 3667 836 3749 igitur
859 3667 912 3730 hic
934 3665 1093 3748 propheta
1114 3688 1171 3731 ox·
1222 3668 1343 3742 Isaiae,
1377 3668 1468 3733 Deus
1502 3670 1713 3751 conqueritur
1744 3689 1800 3734 eos
1833 3681 1938 3734 terere
1968 3669 2194 3750 pavimentum

198 3754 333 3836 probrat
361 3754 561 3838 hypocritis,
592 3753 675 3835 quod
706 3753 804 3815 nimis
834 3752 1067 3817 contumeliose
1097 3773 1169 3817 oum
1224 3754 1335 3835 templi
1371 3755 1435 3829 sui,
1475 3753 1591 3818 deinde
1625 3755 1742 3819 afferro
1775 3754 1853 3819 illuc
1886 3775 2003 3819 manus
2036 3756 2196 3838 sangnine

197 3841 269 3906 Deo
293 3853 401 3924 agant,
425 3841 501 3922 quia
523 3842 630 3923 ipsum
653 3838 820 3921 implicent
842 3840 909 3902 suis
927 3837 1111 3916 sceleribus,
1134 3857 1172 3901 ac
1223 3839 1372 3923 pollutas.
1418 3838 1595 3904 Sicetiam
1618 3839 1779 3918 hocloco,
1811 3841 1939 3918 Venilia,
1964 3843 2079 3920 inquit.
2123 3840 2207 3907 Hoc>

201 3928 228 3991 si
251 3939 337 3992 asset
359 3926 463 3991 socius
486 3926 606 4004 lurum,
635 3937 669 3989 ot
689 3923 863 4002 latronum,
886 3935 918 3986 et
940 3921 1171 3999 adulterorum,
1222 3946 1281 4008 per
1304 3924 1435 3989 modurn
1458 3924 1681 3991 detestationis
1703 3925 1877 4009 legendum
1897 3932 1963 3991 est:
1989 3925 2089 3991 Statio
2107 3929 2200 3991 etlam

198 4012 262 4091 Aa,
292 4012 408 4095 iuquit,
439 4010 540 4078 licebit
567 4009 655 4074 cobis
682 4009 817 4091 forum?
848 4008 974 4088 deinde,
1004 4031 1047 4074 cu
1074 4009 1173 4074 licebit
1223 4031 1326 4076 mam
1345 4011 1428 4092 facie
1448 4031 1518 4077 mec
1540 4012 1576 4076 ia
1598 4012 1707 4094 templo
1729 4012 1792 4077 leco.
1831 4012 1975 4077 Tametsi
1999 4013 2086 4078 enim
2106 4014 2199 4079 Deus

198 4097 578 4164 occidereetadaltcrium
592 4096 784 4174 committere,
799 4100 827 4159 et
841 4095 949 4160 iurare
959 4095 1171 4161 mordaciter?
1224 4098 1260 4160 iu
1293 4096 1414 4179 templo
1447 4097 1504 4160 illo
1539 4098 1683 4163 inclusus
1715 4118 1779 4162 non
1814 4106 1901 4173 erat,
1935 4098 2057 4163 scimus
2089 4110 2200 4164 tamen

199 4185 291 4249 Haec
325 4188 466 4266 quatuor
499 4182 678 4263 respiciunt
712 4179 887 4245 secundam
922 4179 1081 4257 tabulam,
1115 4181 1171 4246 ubi
1225 4201 1332 4247 arcam
1364 4181 1501 4246 foederis
1531 4185 1630 4249 tuisse
1663 4184 1848 4266 symbolum
1881 4186 2084 4265 praescntiae
2120 4186 2198 4249 eius.

200 4269 304 4334 votuit
333 4268 424 4334 Deus
452 4278 486 4333 et
515 4267 618 4332 furari
648 4280 681 4330 et
710 4267 870 4343 occidero,
900 4282 932 4330 ot
960 4267 1109 4347 scortari,
1139 4277 1172 4330 et
1223 4268 1301 4332 Ideo
1325 4267 1462 4333 subinde
1484 4271 1520 4332 iu
1537 4268 1609 4351 lege
1625 4270 1767 4336 occurrit
1785 4269 2034 4352 haecloquutio,
2060 4268 2200 4335 Stabitis

200 4354 313 4419 tallere
335 4356 499 4436 proximos
522 4353 684 4436 periuriis.
725 4352 816 4417 Haec
839 4373 916 4436 ergo
939 4361 1078 4434 quatuor
1100 4352 1171 4417 ideo
1224 4374 1330 4420 coram
1357 4352 1440 4417 facie
1470 4374 1551 4419 mea.
1597 4355 1663 4419 Hic
1687 4375 1765 4438 ergo
1796 4354 1986 4421 detestabile
2009 4369 2199 4438 portentum

200 4448 383 4525 ponuntur,
423 4451 461 4503 ut
500 4437 651 4504 ostendat
689 4438 849 4519 propheta
886 4438 995 4502 omnia
1027 4438 1171 4503 caritatis
1224 4438 1365 4504 ostendit
1393 4438 1498 4517 Deus,
1532 4441 1618 4522 qnod
1652 4441 1810 4505 auderent
1840 4441 1952 4507 Iudaei
1986 4462 2199 4525 prorumpere

200 4527 305 4590 officia
327 4546 386 4607 pro
409 4525 513 4589 nihilo
534 4523 605 4590 duci
631 4523 716 4605 apud
739 4522 888 4588 Iudaeos.
928 4522 1000 4587 Iam
1024 4523 1172 4606 adiungit
1223 4545 1330 4591 coram
1354 4524 1435 4590 facie
1457 4546 1525 4602 sua,
1548 4526 1603 4590 ubi
1628 4537 1677 4590 tot
1699 4526 1875 4592 sceleribus
1897 4528 2013 4610 polluti
2037 4538 2070 4591 et
2088 4540 2198 4594 conta·

201 4633 283 4694 quae
306 4611 347 4674 ad
371 4611 511 4693 priorem
534 4609 676 4674 tabulam
698 4609 872 4692 pertinent,
896 4629 1013 4690 nempe
1030 4609 1172 4691 suffitum
1224 4611 1338 4675 minati
1366 4620 1469 4676 arant.
1513 4612 1558 4676 Et
1581 4612 1679 4691 addit,
1711 4612 1753 4676 Ia
1783 4613 1871 4678 ἀοηιο
1892 4611 1959 4691 boc,
1987 4633 2082 4694 cuper
2102 4633 2200 4695 quam

200 4699 309 4771 offerre
324 4696 419 4778 Boot,
443 4700 470 4759 et
491 4695 651 4761 ambulare
666 4699 740 4777 post
760 4695 832 4760 deos
849 4696 976 4778 alanos,
999 4696 1054 4776 qai
1071 4701 1174 4759 tamea
1223 4698 1396 4761 inoccatum
1413 4702 1457 4761 ast
1474 4717 1583 4762 nomm
1599 4717 1710 4777 mcum,
1734 4698 1796 4762 hoc
1815 4710 1873 4777 est,
1896 4699 2074 4780 quaemihi
2092 4700 2200 4766 dicata

201 4783 267 4848 illis
300 4787 388 4847 crctd
419 4782 579 4864 insepulti.
632 4781 694 4847 His
727 4779 852 4845 dnobus
885 4781 994 4845 verbis
1026 4782 1173 4864 coarguit
1224 4794 1283 4847 est.
1336 4781 1487 4846 Invooari
1528 4784 1615 4847 enim
1650 4805 1767 4847 nomen
1802 4784 1864 4848 Dei
1898 4804 1997 4867 super
2030 4785 2200 4869 templum,

201 4888 316 4934 eorum
339 4867 549 4948 impietatem.
596 4865 745 4947 Speciem
769 4887 866 4930 unam
888 4865 991 4948 ponit,
1024 4865 1173 4948 Suffitum
1225 4867 1307 4932 nibil
1329 4865 1416 4931 aliud
1440 4879 1490 4932 est
1513 4889 1610 4950 quam
1635 4871 1792 4951 templum
1815 4871 1844 4934 ei
1863 4872 2054 4949 consecrari,
2079 4882 2115 4935 ut
2134 4873 2200 4937 illic

201 4955 310 5036 offerre
342 4952 442 5031 Baul,
482 4952 516 5016 iu
549 4951 670 5034 plurali
700 4972 835 5016 numero
867 4971 962 5033 saepo
994 4951 1173 5034 prophetae
1225 4954 1358 5018 colatur.
1393 4952 1430 5018 Si
1453 4974 1531 5017 vero
1554 4955 1670 5018 colitur
1694 4957 1792 5032 Deus,
1817 4956 1871 5037 qui
1895 4957 2003 5038 ipsum
2027 4966 2199 5038 quaerunt,

201 5040 329 5104 Baalim
360 5040 531 5103 nominant
559 5047 715 5119 patronos
735 5037 817 5114 illos,
847 5057 985 5120 quorum
1009 5039 1173 5122 suffragiis
1224 5040 1372 5104 sentiunt
1400 5040 1499 5103 otiam
1522 5042 1628 5122 ipsum
1651 5050 1855 5123 praesentem
1884 5043 1990 5125 gratia
2012 5055 2045 5107 et
2067 5045 2199 5109 virtute.

201 5126 361 5207 putabant
383 5123 497 5189 Iudaei
526 5143 560 5188 so
590 5124 730 5207 gratiam
752 5144 848 5206 posse
870 5123 1038 5205 acquirere
1065 5143 1171 5188 coram
1224 5127 1314 5208 Ergo
1336 5125 1489 5207 quoniam
1512 5127 1671 5210 templum
1694 5127 1836 5191 iusserat
1859 5127 1950 5191 Deus
1977 5127 2038 5192 sibi
2062 5130 2199 5209 exstrui,

203 5212 289 5274 Deo:
320 5211 417 5277 sicuti
448 5209 544 5274 hodic
565 5208 600 5273 iu
622 5215 746 5291 papatu
769 5209 876 5291 angeli
899 5219 932 5272 et
954 5211 1074 5273 mortui
1097 5219 1174 5274 sunt
1224 5212 1258 5275 iu
1290 5231 1352 5292 quo
1382 5209 1561 5288 coleretur,
1592 5211 1670 5277 dicit
1700 5213 1766 5277 illio
1795 5213 1936 5278 invocari
1966 5233 2073 5279 nomeu
2095 5237 2197 5295 mum,

202 5295 341 5362 Baalim.
393 5296 506 5379 Neque
535 5295 621 5360 enim
651 5296 739 5378 ipsos
768 5296 959 5360 existimant
987 5315 1058 5360 esso
1087 5293 1172 5375 deos,
1225 5305 1373 5379 respectu
1397 5296 1520 5363 scilicet
1538 5297 1627 5363 illius
1650 5299 1773 5381 primae
1795 5309 1828 5364 et
1848 5319 1950 5381 purae
1975 5300 2199 5368 ordinationis.

1942 5400 1993 5454 43*
