4784 5970
187 354 249 419 451
1067 345 1117 413 IN
1140 345 1307 415 ISAIAM
2127 347 2193 413 452

276 540 327 605 20.
362 535 418 623 (Et
445 535 623 621 adducent.)
670 536 735 602 Hio
767 541 879 619 aperte
913 536 1048 618 exponit
1077 534 1163 619 quod
1217 533 1312 599 sicuti
1334 533 1400 598 iam
1422 534 1552 618 saepius
1580 534 1704 604 dictum
1733 541 1793 602 est.
1838 534 1938 603 Prius
1969 536 2132 602 animalia
2160 545 2192 603 et

188 625 281 708 prius
310 624 433 689 dictum
467 633 534 689 eet:
567 642 686 705 nempe
719 642 833 687 omues
866 621 922 705 qui
953 621 1092 688 evadent
1126 641 1164 687 ao
1216 619 1357 704 pecudes
1375 621 1588 704 provictimls
1607 630 1718 687 erant:
1737 630 1772 686 at
1789 620 1926 705 apostoli
1943 621 2067 705 aliique
2083 642 2192 689 sacer·

189 710 381 794 superstites
397 717 504 788 erunt,
520 709 670 791 quamvis
692 706 759 772 sint
777 707 872 791 pauci
888 727 1036 784 numero,
1053 714 1163 773 tamen
1216 704 1307 770 dotes
1337 704 1462 773 Christi
1493 705 1641 773 homines
1670 707 1758 790 ipsos
1788 714 1979 788 mactarunt,
2009 709 2192 792 virumque

189 795 375 861 sacerdotes
397 794 466 859 fore
489 795 544 876 qui
567 792 713 875 undique
732 793 882 859 victimas
900 792 972 858 Deo
990 792 1163 858 adducent.
1216 790 1409 857 sacrificium
1431 790 1504 858 Deo
1526 813 1586 875 per
1603 792 1810 876 evangelium
1830 792 2029 860 obtulerunt.
2063 795 2191 861 Paulus

188 880 320 946 Alludit
342 891 453 946 autem
477 877 517 944 ad
541 891 686 946 veterem
710 879 811 943 ritum
833 879 933 962 legis:
957 877 1087 943 tametsi
1110 897 1165 943 no-
1216 876 1278 944 hoc
1306 896 1341 943 se
1369 876 1550 943 sacerdotio
1582 878 1732 944 functum
1764 884 1913 958 testatur,
1942 900 2045 961 quum
2074 886 2191 965 gentes

189 975 239 1031 tat
262 965 436 1033 discrimen
460 963 546 1046 quod
568 965 656 1029 inter
685 964 764 1029 istas
786 964 966 1029 oblationes
988 972 1021 1029 et
1043 962 1163 1029 veteris
1216 962 1373 1028 mactavit
1395 962 1504 1047 gladio
1527 963 1699 1047 evangelii,
1723 971 1761 1029 ut
1783 964 1902 1029 fierent
1923 962 2044 1030 oblatio
2074 985 2189 1048 accep-

188 1051 272 1134 legis
295 1051 453 1117 sacrificia
475 1051 621 1115 futurum
646 1056 703 1115 est.
749 1049 834 1114 Nam
864 1049 1010 1114 instituit
1040 1068 1164 1114 novum
1215 1045 1324 1112 tabilis
1342 1048 1425 1125 Deo,
1448 1048 1649 1115 sanctificata
1667 1049 1893 1133 perspiritum
1910 1058 2060 1115 socruum
2080 1050 2190 1135 (an.

190 1137 362 1203 sacerdotii
384 1157 498 1221 genus,
521 1142 553 1199 et
576 1157 659 1200 nova
677 1135 845 1201 sacrificia.
882 1133 1163 1215 Quemadmodum
1217 1131 1355 1218 15,16).
1408 1132 1482 1199 Non
1512 1144 1562 1199 est
1594 1133 1697 1218 igitur
1730 1134 1947 1200 sacerdotium
1979 1134 2098 1220 legale,
2131 1158 2191 1203 nec

190 1243 269 1288 vero
293 1222 420 1287 dixerat
442 1243 476 1287 se
496 1241 608 1285 omnes
631 1229 746 1303 gentes
764 1220 986 1300 collecturum,
1008 1220 1055 1285 ita
1077 1238 1164 1284 nunc
1215 1218 1373 1302 papistico
1407 1219 1529 1298 simile,
1563 1239 1626 1301 quc
1660 1218 1829 1286 Christum
1862 1219 2026 1286 immolari
2059 1221 2189 1287 dieunt:

128 1326 132 1336 ·
191 1308 334 1373 ostendit
356 1327 421 1371 non
444 1308 574 1371 inanem
598 1304 813 1385 sacerdotum,
837 1326 917 1388 quos
939 1306 1163 1383 constituerat,
1216 1304 1273 1369 sed
1295 1304 1530 1402 evangelicum,
1554 1326 1617 1388 quo
1640 1310 1826 1371 mactantur
1848 1305 2008 1383 homines,
2035 1311 2074 1372 ut
2098 1328 2191 1373 reno·

189 1392 334 1458 laborem
374 1394 459 1457 fore:
500 1392 576 1474 quia
613 1391 777 1456 Dominus
820 1411 1012 1473 prosperum
1049 1389 1164 1455 studiis
1218 1388 1286 1453 vati
1313 1390 1429 1471 spintu
1457 1388 1601 1455 Domino
1629 1391 1821 1456 offerantur.
1865 1390 2088 1474 Quoscuuque
2116 1412 2192 1476 ergo

190 1498 302 1544 eorum
333 1498 520 1544 successum
551 1477 650 1542 dabit.
703 1476 837 1543 Fratres
865 1485 960 1543 vocat
989 1476 1046 1558 qui
1075 1475 1166 1558 prius
1217 1473 1407 1541 lucrifacere
1443 1494 1617 1558 possumus
1653 1475 1787 1541 Ohristo
1826 1496 1881 1542 eos
1918 1476 1954 1541 in
1993 1477 2191 1544 sacrificium

190 1563 289 1628 alieni
326 1574 437 1628 erant:
475 1564 551 1643 quia
584 1583 704 1627 novam
737 1563 999 1628 coniunctionem
1033 1560 1167 1643 respicit
1217 1559 1395 1638 offerimus,
1415 1567 1451 1625 ut
1469 1561 1527 1625 toti
1543 1560 1615 1626 Deo
1630 1569 1871 1627 consecrentur.
1905 1560 2079 1629 Sacrificat
2093 1563 2192 1629 etiam

191 1669 275 1731 quae
309 1656 437 1713 constat
469 1646 544 1712 fide.
601 1646 732 1713 Scimus
765 1649 852 1711 enim
886 1655 1018 1713 exteras
1052 1653 1166 1731 gentes
1219 1645 1439 1728 unusquisque
1461 1666 1563 1727 quum
1585 1667 1620 1713 se
1639 1646 1779 1712 devovet
1800 1656 1833 1713 et
1851 1646 1972 1714 addicit
1989 1649 2071 1726 Deo,
2096 1656 2193 1733 atque

189 1754 249 1817 per
266 1732 363 1798 fidem
378 1735 414 1797 iu
432 1733 703 1816 genusAbrahae
722 1732 837 1798 insitas
855 1753 934 1799 esse.
969 1731 1166 1814 Quanquam
1218 1731 1385 1812 integrum
1405 1729 1596 1814 obsequium
1620 1731 1667 1796 illi
1686 1732 1791 1797 offert.
1825 1732 1922 1798 Hanc
1940 1734 2028 1798 enim
2051 1733 2193 1800 hostiam

191 1819 246 1883 ulii
276 1817 445 1884 diversum
475 1839 606 1883 sensum
638 1818 780 1895 eliciunt,
810 1839 907 1900 quem
936 1839 1001 1884 non
1030 1836 1167 1900 prorsus
1219 1815 1343 1881 Paulus
1371 1816 1469 1881 stiam
1499 1817 1693 1883 rationalem
1721 1825 1817 1883 vocat
1842 1817 1952 1903 (Rom.
1977 1819 2028 1895 12,
2054 1818 2099 1905 1).
2144 1820 2195 1885 Ita

196 1903 322 1969 reiioio:
353 1903 418 1969 Ubi
440 1903 532 1969 Deus
555 1924 676 1968 novum
707 1904 864 1986 populum
892 1903 952 1970 sibi
981 1923 1021 1968 ex
1052 1903 1168 1968 alienis
1220 1901 1402 1968 vocationis
1424 1910 1555 1968 nostrae
1575 1902 1654 1968 finis
1676 1902 1867 1983 ostenditur,
1891 1913 1927 1969 nt
1948 1903 2109 1970 abstersis
2132 1905 2196 1988 pol·

196 1990 348 2073 gentibus
371 1989 509 2073 colliget,
533 1988 672 2054 Iudaeos
694 1989 748 2071 qui
778 1989 842 2055 huc
870 1999 903 2055 et
931 1989 1009 2054 illuc
1038 1986 1169 2053 fuerant
1220 1985 1400 2053 lotionibus
1421 1995 1456 2052 et
1482 1987 1575 2053 nobis
1606 1987 1726 2053 mortni
1756 2008 1815 2054 nos
1843 1986 1997 2055 colendae
2026 1990 2197 2057 sanctitati

191 2074 332 2157 'dispersi
366 2072 592 2158 aggregandos
625 2093 709 2139 esse:
747 2074 832 2156 quod
865 2075 964 2139 etiam
997 2074 1168 2157 impletum
1221 2069 1370 2138 addicere
1393 2072 1565 2139 discamus.

195 2170 254 2226 est.
298 2159 440 2225 Videtur
462 2170 571 2224 tamen
595 2161 704 2242 aptius
727 2160 790 2224 hoc
816 2159 932 2225 referri
962 2159 1003 2225 ad
1027 2161 1168 2226 vocatio·
1307 2156 1363 2243 (Iu
1385 2158 1473 2239 equis
1494 2163 1521 2223 et
1542 2157 1733 2244 quadripes.)
1766 2157 1910 2240 Quidam
1931 2157 1985 2225 hic
2003 2158 2196 2244 allegoriam

195 2265 271 2311 nem
292 2246 459 2328 gentium:
481 2246 556 2327 quia
575 2253 653 2310 tunc
671 2244 800 2310 sublato
818 2244 1005 2311 discrimine
1023 2245 1170 2310 fraterna
1221 2249 1399 2325 quaerunt:
1434 2251 1531 2326 atque
1562 2242 1753 2326 prophetam
1783 2244 1856 2309 ideo
1884 2244 2063 2310 oddooeodi
2097 2247 2195 2313 verbo

196 2331 380 2395 coniunctio
413 2351 483 2395 esse
512 2331 619 2413 coepit
648 2332 734 2393 inter
764 2350 877 2395 omnes
907 2351 988 2413 quos
1016 2331 1170 2413 adoptare
1221 2349 1317 2394 nsum
1340 2337 1460 2413 putant
1482 2326 1568 2410 quod
1590 2329 1796 2413 evangelium
1819 2348 1886 2393 non
1909 2339 2007 2413 cogat
2029 2338 2123 2397 metu
2139 2331 2195 2397 ho·

196 2415 299 2482 voluit
332 2414 423 2481 Deus
456 2416 491 2479 in
525 2415 618 2479 filios.
663 2414 832 2480 Abrabam
861 2416 923 2480 fuit
952 2422 1043 2498 pater
1072 2416 1171 2482 unius
1221 2416 1335 2494 mines,
1358 2415 1414 2480 sed
1438 2413 1556 2480 blande
1578 2414 1688 2498 potius
1715 2413 1846 2497 alliciat,
1875 2414 1922 2480 ita
1947 2420 1985 2479 ut
2012 2425 2133 2499 sponte
2161 2437 2195 2481 ee

197 2502 315 2584 gentis,
337 2521 398 2566 nec
422 2509 531 2565 tamen
555 2518 670 2564 omnes
692 2502 746 2582 qui
769 2500 808 2565 ab
831 2522 869 2566 eo
895 2501 1055 2585 originem
1085 2500 1169 2565 dux·
1222 2500 1393 2566 conferant
1424 2498 1465 2564 ad
1496 2500 1613 2577 Deum,
1644 2519 1681 2564 ac
1709 2507 1885 2584 properent
1914 2499 2068 2567 oleorum
2101 2501 2195 2566 hilari

198 2594 295 2650 erunt
317 2585 497 2651 secundum
520 2605 652 2650 carnem
682 2585 743 2650 filii
771 2586 843 2651 eius
871 2596 1058 2653 censentur:
1093 2607 1169 2652 nam
1204 2585 1353 2651 'conatu
1398 2585 1470 2669 Ego
1496 2605 1574 2650 vero
1602 2584 1781 2668 simplicius
1810 2585 1898 2651 bunc
1926 2584 2035 2651 locum
2063 2588 2194 2670 accipio.

197 2670 385 2737 Ismaelitae
408 2679 441 2736 et
462 2670 608 2736 Idumaei
632 2670 742 2735 reiecti
765 2680 853 2736 sunt.
898 2673 991 2737 Tunc
1012 2693 1091 2756 ergo
1114 2672 1169 2737 de·
1223 2670 1310 2751 Quia
1332 2670 1420 2735 enim
1443 2669 1553 2735 subire
1575 2677 1704 2752 poterat
1726 2670 1807 2738 hacc
1829 2669 1987 2737 dubitatio
2012 2672 2045 2735 in
2070 2672 2195 2738 animos

197 2778 286 2821 mum
318 2766 410 2840 pater
439 2757 618 2820 multarum
655 2756 802 2839 gentium
831 2757 937 2823 factus
969 2766 1036 2838 est,
1068 2779 1169 2841 quum
1223 2756 1419 2822 multorum:
1452 2754 1520 2835 Qui
1542 2757 1598 2821 fiet
1621 2766 1657 2819 ut
1686 2755 1836 2821 homines
1865 2777 1883 2821 e
1912 2763 1979 2821 tam
2008 2756 2196 2841 longinquis

197 2840 290 2906 Deus
312 2842 474 2923 cooptavit
497 2850 611 2925 gentes
633 2862 670 2907 ac
692 2841 823 2907 foedere
845 2841 908 2908 sibi
929 2843 1110 2923 coniunxit,
1132 2850 1170 2908 ut
1223 2838 1411 2926 regionibus
1434 2841 1475 2906 ad
1498 2861 1557 2906 nos
1580 2839 1756 2907 accedant?
1780 2841 1962 2924 respondet,
1986 2862 2099 2925 equos,
2122 2864 2195 2927 qus·

198 2925 295 2992 fidem
329 2927 483 2992 Abrahae
517 2935 740 3009 sequerentur.
794 2927 904 3010 Atque
940 2930 987 2993 ita
1018 2928 1171 2995 videmus
1225 2928 1334 3011 drigas
1355 2937 1389 2991 et
1412 2926 1563 2992 vehicula
1586 2926 1737 2991 defutura
1764 2947 1831 2991 non
1853 2946 1934 2993 esse.
1977 2926 2066 2992 Nam
2087 2930 2196 2995 omnis

199 3033 355 3095 quorsum
379 3012 538 3095 propheta
556 3024 648 3078 vocet
667 3031 727 3076 nos
747 3012 942 3079 Iudaeorum
966 3014 1094 3092 fratros,
1116 3016 1171 3097 qui
1225 3011 1422 3078 adminicula
1454 3011 1617 3077 Dominus
1649 3012 1684 3076 in
1718 3020 1870 3094 promptu
1903 3011 2002 3077 habet
2035 3022 2073 3079 ut
2107 3016 2196 3081 iuvet

198 3098 289 3180 prius
312 3098 409 3163 alieni
432 3098 472 3162 ab
495 3098 630 3163 ecclesia
647 3098 711 3162 Dei
727 3097 904 3177 fueramus,
925 3099 1002 3182 quia
1020 3098 1120 3165 falsos
1139 3108 1172 3165 et
1224 3119 1299 3164 suos
1321 3108 1418 3180 atque
1441 3095 1481 3162 ad
1509 3096 1712 3179 propositum
1742 3099 1841 3163 tinem
1868 3097 2034 3182 perducat.
2081 3098 2195 3167 ante·

198 3184 353 3264 reprobos
375 3183 492 3248 fratres
516 3183 606 3265 prins
630 3182 791 3248 deiecerat
805 3204 863 3249 suo
885 3184 965 3250 loco.
999 3184 1172 3250 Notandus
1225 3204 1298 3249 rum
1317 3203 1383 3249 non
1405 3202 1552 3266 repugno
1569 3182 1649 3265 quin
1665 3182 1872 3265 evangelium
1891 3183 1993 3265 possit
2009 3183 2196 3250 vehiculum

198 3279 248 3335 est
270 3269 325 3333 hic
346 3269 474 3334 fructus
497 3268 552 3351 qui
571 3268 719 3350 sequitur
736 3290 778 3332 ex
796 3269 857 3350 piis
876 3267 1040 3335 laboribus
1058 3290 1171 3335 eorum
1225 3269 1297 3347 dici,
1320 3288 1420 3351 quum
1444 3287 1504 3332 nos
1525 3267 1565 3332 ad
1588 3287 1678 3349 spem
1701 3267 1791 3333 vitae
1819 3277 1971 3335 aeternae
1994 3268 2112 3337 vehat:
2141 3270 2196 3337 sed

200 3354 253 3436 qui
276 3354 420 3419 Domino
443 3374 575 3436 operam
598 3374 691 3418 suam
715 3352 927 3436 impendunt:
948 3375 1063 3437 nempe
1085 3354 1170 3438 quod
1224 3355 1306 3419 mihi
1329 3353 1520 3436 simpliciter
1537 3352 1667 3418 videtur
1688 3352 1826 3419 innuere
1844 3354 2014 3436 propheta,
2037 3354 2125 3420 nihil
2145 3357 2196 3423 ob

199 3440 415 3505 amortisaris
437 3440 601 3504 erroribus
624 3437 666 3503 ad
687 3437 796 3505 Deum
816 3440 903 3504 vitae
926 3440 1049 3506 fontem
1074 3438 1172 3506 addu·
1224 3449 1386 3505 staturum
1417 3439 1488 3502 Deo
1515 3438 1689 3519 quominus
1719 3438 1850 3523 colligat
1882 3439 2050 3506 ecclesiam
2087 3460 2194 3506 suam:

199 3533 276 3591 cant
308 3526 425 3590 fratres
459 3547 550 3590 suos:
587 3545 651 3606 qua
684 3524 903 3591 consolatione
937 3524 1063 3591 animos
1095 3547 1172 3592 suos
1224 3530 1258 3591 et
1279 3526 1340 3591 sibi
1363 3533 1492 3607 praesto
1518 3523 1588 3587 lore
1618 3521 1826 3607 adminicula,
1856 3525 1993 3609 nequis
2016 3547 2058 3590 ex
2087 3525 2197 3593 electis

200 3611 335 3693 erigere,
359 3619 456 3692 atquc
479 3610 514 3674 in
537 3611 703 3676 aerumnis
726 3618 759 3675 et
780 3610 938 3677 molestiis
959 3631 1040 3694 quas
1062 3612 1171 3677 lerunt
1224 3616 1303 3693 'quos
1327 3610 1490 3677 vocaverit
1512 3609 1547 3672 in
1570 3606 1678 3673 medio
1701 3629 1801 3674 cursu
1822 3608 1960 3675 deficiat.

200 3706 384 3760 sustentare
400 3696 527 3760 debent.
561 3695 725 3761 Dominus
741 3717 782 3761 ex
796 3696 866 3763 suis
881 3696 1047 3762 neminem
1065 3698 1171 3780 perire
1310 3697 1362 3761 21.
1396 3692 1577 3781 (Adeoque.)
1627 3694 1813 3776 Amplificat
1843 3695 1877 3760 id
1914 3694 1998 3779 quod
2029 3696 2097 3761 iam
2126 3716 2196 3779 pro-

201 3779 289 3843 sinit.
334 3779 444 3859 Quum
468 3781 579 3861 itaque
601 3800 699 3862 opera
725 3791 838 3846 nostra
867 3783 914 3847 uti
937 3781 1008 3847 vult
1037 3781 1078 3846 ad
1108 3784 1171 3847 eri·
1225 3781 1392 3848 nuntiavit
1414 3781 1454 3845 de
1472 3780 1604 3845 insolita
1622 3778 1686 3843 Dei
1709 3781 1823 3864 gratia.
1860 3778 2088 3865 Oolligendam
2110 3783 2196 3847 enim

203 3864 340 3945 piendos
364 3866 478 3929 fratres
500 3879 639 3937 nostros,
662 3865 771 3932 felices
793 3876 827 3931 et
849 3867 936 3933 beati
956 3886 1081 3932 sumus.
1224 3868 1288 3933 Dei
1311 3867 1479 3933 ecclesiam
1496 3886 1538 3930 ex
1561 3862 1689 3947 populis
1707 3863 1858 3931 omnibns
1876 3865 2131 3951 significaverat,
2153 3869 2197 3933 ita

288 3948 357 4032 (Ee
378 3949 519 4014 omoibac
538 3950 701 4034 pentina.)
746 3949 918 4033 Significat
946 3950 1077 4017 nullum
1104 3972 1172 4017 am·
1225 3965 1263 4019 nt
1295 3952 1458 4036 superatis
1492 3946 1643 4016 omuibus
1679 3949 1922 4033 impedimentis
1963 3960 1996 4017 et
2036 3952 2197 4018 molestiis

227 4032 290 4097 lius
320 4033 493 4099 discrimen
522 4035 608 4098 inter
628 4034 768 4101 Iudaeos
790 4044 824 4101 et
867 4046 958 4103 entes
984 4037 1070 4102 lore:
1098 4038 1174 4121 quia
1224 4038 1425 4123 longinquae
1452 4037 1551 4102 etiam
1580 4033 1729 4100 nationes
1755 4034 1954 4102 accederent
1997 4034 2098 4103 Nune
2119 4058 2197 4105 vero

238 4137 295 4182 eus
319 4120 491 4183 maceriam
523 4119 640 4201 diruet,
670 4129 767 4202 atque
797 4056 966 4187 ecclesiam
994 4123 1173 4188 constituet
1224 4123 1357 4208 longius
1378 4121 1602 4207 progreditur:
1626 4140 1686 4186 nec
1708 4121 1797 4185 enim
1818 4120 2021 4188 solummodo
2041 4130 2196 4205 cooptan-

203 4223 246 4268 ex
268 4203 419 4268 omnibus
440 4205 601 4285 gentibus.
635 4204 746 4287 Atque
763 4205 809 4270 ita
831 4206 1001 4289 impletum
1020 4216 1070 4273 est
1090 4207 1172 4273 illud
1226 4207 1283 4274 das
1306 4229 1325 4273 a
1348 4210 1419 4273 Deo
1441 4216 1564 4292 gentes,
1593 4203 1650 4271 sed
1672 4207 1771 4271 etiam
1793 4206 1829 4271 in
1851 4226 2016 4273 summum
2038 4206 2196 4274 honorem

203 4287 342 4352 Davidis
361 4286 401 4352 de
423 4288 571 4354 Christo:
596 4290 731 4355 Postula
749 4309 768 4354 a
786 4310 853 4355 me:
877 4290 959 4356 dabo
983 4291 1039 4356 tibi
1058 4303 1172 4376 gentes
1225 4292 1412 4360 evehendus
1433 4313 1504 4358 esse
1523 4290 1626 4358 docet.
1663 4290 1735 4356 Iam
1758 4311 1899 4376 magnus
1921 4300 1993 4358 erat
2014 4290 2071 4359 hio
2092 4292 2197 4359 honor

203 4373 437 4438 haereditatem
461 4382 552 4439 tuam
574 4383 608 4439 ct
629 4375 867 4458 possessionem
897 4385 986 4441 tuam
1017 4379 1173 4444 terminos
1226 4377 1312 4462 quod
1334 4376 1523 4443 immundae
1552 4384 1586 4443 et
1613 4396 1750 4459 spurcae
1779 4384 1896 4461 gentes
1923 4388 2137 4444 censerentur
2163 4380 2196 4444 in

203 4468 310 4524 terrae
333 4456 434 4542 (Psal.
458 4459 487 4535 2,
511 4458 553 4544 8).
598 4459 710 4540 Quum
739 4465 869 4526 montem
896 4465 1039 4527 connum
1067 4464 1172 4529 nomi·
1224 4483 1318 4530 sacro
1337 4461 1472 4547 populo:
1496 4480 1676 4527 nunovoro
1692 4460 1789 4546 longe
1804 4460 2029 4528 admirabilius
2044 4472 2097 4529 ost
2132 4463 2196 4530 nod

204 4552 268 4620 nat,
293 4543 515 4610 accommodat
537 4565 571 4609 se
594 4547 665 4610 usui
684 4553 717 4611 et
735 4545 960 4611 consuetudini
986 4545 1075 4612 illius
1093 4556 1174 4612 tem·
1225 4550 1259 4613 in
1292 4569 1456 4613 summum
1489 4545 1658 4631 dignitatis
1690 4545 1827 4631 gradum
1857 4547 2054 4614 evehuntur.
2146 4549 2196 4616 'no

205 4630 306 4712 poris:
334 4630 409 4711 quia
431 4629 523 4693 Deus
546 4629 754 4714 lerosolymis
783 4632 816 4695 in
845 4631 968 4712 templo
997 4631 1173 4697 colebatur.
1226 4640 1361 4717 apparot
1388 4634 1483 4717 longe
1511 4631 1600 4697 aliud
1628 4652 1699 4698 esse
1727 4633 1943 4699 sacerdotium
1971 4634 2033 4699 sub
2063 4632 2197 4701 Christo

204 4715 300 4779 Nunc
323 4714 478 4779 diffusum
502 4722 552 4779 est
571 4715 690 4796 ubique
713 4717 889 4798 templum:
913 4716 988 4798 quia
1011 4737 1110 4800 puras
1132 4716 1174 4782 ad
1226 4739 1323 4802 quam
1345 4719 1406 4784 sub
1431 4718 1504 4801 lege
1532 4716 1604 4782 fuit.
1648 4717 1733 4783 Nam
1765 4717 1926 4802 sublege
1955 4722 2196 4784 unatantum·

204 4799 313 4864 Deum
340 4820 457 4865 manus
483 4800 599 4865 tollere
629 4800 748 4883 ubique
775 4802 861 4878 licet,
894 4823 954 4867 nec
987 4801 1051 4866 iam
1085 4801 1173 4868 ullus
1225 4803 1321 4869 modo
1344 4804 1448 4868 tribus
1475 4801 1516 4867 ad
1546 4803 1762 4868 sacerdotium
1793 4802 2041 4869 admittebatur:
2073 4814 2195 4886 gentes,

205 4885 345 4950 habetur
389 4885 533 4950 locorum
578 4884 729 4950 delectus.
792 4885 1004 4951 Oblationum
1044 4907 1173 4970 quoquc
1225 4899 1262 4954 nt
1294 4888 1492 4967 immundas,
1526 4887 1782 4970 prohibebantur
1814 4888 1854 4954 ab
1886 4890 2038 4972 ingressu
2073 4891 2196 4974 templi,

206 4972 408 5036 mentionem
437 4969 523 5049 fucit,
553 4978 586 5035 et
615 4970 846 5036 sacrificiorum
877 4992 958 5054 quae
989 4973 1022 5037 in
1053 4972 1174 5055 templo
1227 4982 1356 5039 tantum
1389 4973 1502 5039 aberat
1536 4981 1573 5037 ut
1606 4974 1667 5039 isto
1701 4974 1880 5040 sacerdotio
1921 4975 2014 5058 fungi
2047 4987 2195 5058 possent:

204 5055 342 5122 fiebant:
376 5075 560 5139 quanquam
594 5055 751 5120 sacrificia
779 5077 861 5138 quae
890 5077 979 5122 nunc
1009 5057 1174 5122 offerenda
1227 5081 1314 5125 nunc
1348 5080 1425 5124 vero
1460 5079 1572 5124 omnes
1605 5059 1784 5141 promiscue
1824 5060 2051 5126 admittuntur.
2109 5061 2197 5126 Non-

205 5151 282 5207 sunt
304 5162 324 5206 a
346 5142 460 5223 priscis
482 5138 546 5206 illis
568 5140 664 5223 longe
693 5140 854 5206 differant.
899 5141 966 5207 Sed
997 5141 1174 5226 prophetas
1226 5144 1310 5208 nulli
1333 5145 1527 5228 generaliter
1545 5155 1716 5226 exponunt
1733 5145 1820 5211 huno
1837 5146 1953 5223 locum,
1976 5144 2064 5228 quod
2083 5158 2198 5231 gentes

206 5247 226 5290 a
248 5225 344 5291 rebus
368 5226 496 5292 usitatis
518 5225 749 5292 similitudines
772 5229 916 5291 mutuari
943 5246 1073 5293 necesse
1096 5228 1173 5292 fuit:
1198 5190 1203 5281 l
1227 5228 1411 5297 sacerdotes
1440 5238 1546 5307 erunt,
1575 5230 1637 5296 hoo
1667 5238 1727 5314 est,
1757 5253 1791 5298 se
1820 5232 1909 5315 ipsas
1937 5232 2078 5299 offerent
2107 5232 2196 5299 Deo:
