4784 5970
189 361 251 428 111

143 539 147 548 ’
187 551 280 702 geit
297 550 369 699 peip
394 548 534 698 igpavua
562 547 732 615 61166661
761 558 914 636 torperet,
945 548 995 614 161
1026 548 1155 615 166661·

229 656 265 700 16
300 656 334 700 16
368 653 405 699 66
440 680 449 699 .

275 754 325 820 14.
355 751 544 902 (81161111άί
576 751 649 818 Non
673 761 800 819 tentem
829 753 978 820 ardorem
1000 761 1032 823 61
1053 755 1156 836 impe·

189 848 260 907 tum
282 840 440 906 furiosum
462 839 516 903 ido
530 837 717 916 olatrerom,
743 839 799 905 661
822 839 919 904 etiem
942 838 1155 922 pervicaciam

188 937 222 991 et
250 924 501 991 obstinationem
535 924 686 1007 exprimit
717 922 887 1008 prophete.
936 924 1022 990 Nem
1055 945 1155 1007 quum

189 1010 268 1077 dicit
289 1012 376 1094 ipsos
398 1010 562 1075 succidere
583 1009 704 1087 cedros,
735 1022 768 1074 et
790 1010 937 1093 plantare
967 1012 1071 1094 111666,
1105 1029 1155 1075 66·

189 1095 296 1162 166111
317 1117 371 1161 666
392 1095 573 1161 diutissime
602 1095 762 1160 insaniem
784 1116 877 1161 66616
902 1096 1061 1179 persequi,
1092 1116 1156 1160 non

189 1182 358 1265 repentino
379 1182 518 1265 quodam
539 1181 664 1263 impetu
687 1181 757 1263 rapi
781 1182 821 1245 ad
845 1181 920 1246 deos
942 1180 1155 1265 effingendos.

151 1314 156 1325 .
190 1266 263 1332 Non
285 1265 400 1344 solum,
432 1266 547 1348 inquit,
579 1265 726 1349 deligunt
755 1266 886 1331 arbores
908 1286 990 1350 qnae
1012 1267 1076 1331 iam
1099 1287 1156 1331 ex·

189 1353 363 1430 creverint,
398 1351 454 1418 sed
484 1353 581 1416 etiam
604 1353 691 1434 ipsas
722 1349 884 1433 plantant,
918 1352 1066 1436 irrigant,
1100 1373 1156 1417 ex·

189 1437 302 1504 colunt
326 1446 422 1520 atque
445 1446 636 1520 exspectant
659 1437 760 1503 16666
781 1437 821 1501 61
844 1437 962 1503 1661616
993 1438 1155 1521 16636116-

190 1521 299 1588 dinem
323 1523 540 1604 pervenerint,
568 1532 607 1586 ut
629 1532 723 1605 epten
745 1523 812 1590 sint
833 1521 1033 1588 conficiendo
1060 1522 1155 1590 idolo.

190 1606 301 1688 Quum
325 1608 405 1672 haec
427 1607 581 1692 legimus,
615 1607 655 1673 de
677 1609 738 1673 1166
760 1607 907 1673 horribili
938 1609 1069 1674 insania
1100 1609 1157 1673 ad·

189 1693 305 1758 moniti
335 1695 473 1759 sciamus
497 1691 588 1758 nobis
632 1692 845 1759 eodemmodo
866 1714 1002 1758 menum
1024 1694 1158 1760 iniicia

190 1776 262 1844 Deo
284 1779 455 1844 6166661
474 1713 690 1843 earetrahet:
714 1776 830 1844 deinde
851 1786 889 1843 ut
911 1798 970 1845 nos
992 1781 1158 1845 contineat

191 1864 327 1929 161616
353 1864 483 1946 pietate.
528 1864 658 1928 Mature
688 1864 817 1946 quidem
848 1864 976 1929 obviem
1006 1865 1157 1931 116666·

190 1950 290 2029 venit,
313 1969 354 2013 ne
372 1969 463 2014 more
480 1949 607 2032 longior
624 1950 770 2014 morbum
793 1949 907 2014 reddat
929 1951 1156 2017 insanabilem:

190 2035 268 2117 quie
300 2054 427 2116 semper
464 2035 646 2099 timendum
683 2033 781 2100 simul
812 2057 850 2101 ao
883 2055 941 2100 nos
978 2037 1158 2118 abripuerit

191 2119 293 2184 stulta
314 2119 475 2202 cupiditas
497 2120 537 2183 ad
561 2120 676 2203 impios
702 2120 819 2200 cultus,
849 2141 889 2185 ne
910 2121 944 2184 in
968 2122 1157 2205 1616316661

189 2205 285 2270 161616
321 2206 582 2289 praecipitemur.
634 2203 759 2270 Omnes
792 2207 878 2270 enim
912 2206 1010 2270 huius
1039 2206 1157 2273 1616116

191 2310 301 2354 661666
336 2290 464 2372 aliquod
497 2292 656 2373 gerimus,
691 2290 775 2373 quod
809 2289 900 2355 66116
934 2290 1028 2356 16616
1061 2292 1158 2357 616111

215 2384 314 2440 616611
337 2377 402 2439 1616
420 2376 557 2458 emergit
574 2375 713 2458 assidue,
735 2395 771 2440 ae
790 2374 938 2458 pullulet,
961 2377 1022 2441 nisi
1040 2378 1162 2459 spiritu·

227 2461 327 2525 omini
356 2481 579 2543 repurgemur.
626 2461 802 2526 Praeterea
830 2459 1156 2527 animadvertendum

192 2556 257 2621 est,
297 2567 396 2629 quum
433 2544 622 2609 idololatrae
657 2556 748 2610 16616
780 2549 902 2627 impetu
936 2548 1083 2612 16166161
1116 2549 1156 2613 61

191 2631 327 2697 colende
348 2630 442 2707 idola,
465 2630 588 2713 pudore
609 2651 669 2696 noe
690 2631 774 2697 61161
799 2631 924 2712 161616,
947 2632 1003 2714 qui
1025 2633 1060 2696 in
1079 2655 1157 2698 vero

190 2717 253 2781 Dei
276 2717 368 2783 cultu
389 2717 555 2800 frigemus.
589 2716 717 2782 Pudeat
739 2738 806 2795 nos,
829 2718 973 2800 inquam,
997 2717 1077 2783 adeo
1100 2741 1156 2784 ne·

190 2802 351 2886 gligentes
380 2822 450 2866 6666
471 2821 507 2866 66
530 2801 673 2886 frigidos,
706 2804 771 2867 imo
799 2802 1024 2888 conglaciatos,
1059 2825 1156 2886 quum

191 2888 239 2951 ite
261 2888 376 2951 ardent
400 2886 560 2951 idolorum
589 2889 745 2952 cultores:
778 2888 932 2970 nobisque
960 2889 1156 2954 reddendam

192 2991 263 3036 6666
290 2974 448 3036 rationem
480 2975 668 3054 cogitemus.
712 2972 787 3053 Qua
816 2972 906 3038 rabie
936 2975 1049 3056 perciti
1080 2985 1158 3039 sunt

192 3058 331 3135 161666,
369 3077 470 3138 quum
504 3057 543 3120 de
578 3058 708 3122 tuendis
738 3058 918 3122 Mehomcti
951 3061 1001 3122 sui
1036 3058 1157 3124 deliriie

193 3141 318 3225 agitur,
352 3161 410 3224 prc
439 3142 554 3223 quibus
583 3151 616 3206 61
644 3143 835 3225 6663616616
869 3154 902 3207 61
931 3144 1029 3207 vitam
1064 3166 1156 3209 suam

191 3228 332 3293 libenter
353 3225 548 3291 effundunt?
583 3246 647 3308 quo
671 3227 779 3292 lurore
808 3228 985 3291 incitantur
1015 3230 1158 3311 pepistae

192 3312 233 3376 ad
262 3332 337 3378 suae
369 3311 637 3392 superstitiones?
673 3332 732 3376 nos
761 3313 885 3378 interea
915 3312 969 3377 vix
1003 3324 1156 3396 tapemus,

192 3410 288 3482 atque
306 3394 471 3463 interdum
489 3397 647 3462 scintillas
666 3397 790 3463 ardoris
808 3399 1057 3482 exstinguimus,
1077 3421 1158 3482 quas

191 3484 225 3548 in
255 3484 347 3549 nobis
376 3481 537 3547 Dominus
569 3485 733 3548 excitavit.
778 3483 854 3549 Η66
886 3485 983 3549 611661
1016 3487 1158 3566 pertinet

191 3569 248 3634 illa
269 3569 427 3633 Ieremiee
456 3569 662 3651 exprobratio
691 3568 896 3655 (2,1lsq.):
931 3571 983 3634 An
1013 3581 1063 3635 661
1089 3570 1158 3637 6116

191 3674 272 3737 3666
294 3675 375 3736 (1666
397 3653 564 3735 reliquerit
586 3654 661 3719 deos
683 3654 781 3720 suos?
805 3654 951 3737 Populus
971 3676 1046 3720 vero
1065 3677 1157 3722 61666

192 3760 243 3803 616
265 3740 407 3821 reliquit,
435 3740 558 3803 fontem
587 3740 817 3821 aquaevivae,
848 3754 880 3805 et
902 3741 983 3805 fodit
1012 3742 1074 3806 sibi
1096 3744 1157 3807 616·

192 3834 312 3903 161666,
341 3825 457 3906 quibus
479 3843 562 3906 aqua
584 3826 741 3890 contineri
772 3828 892 3909 nequit.
936 3825 1028 3891 Hace
1057 3828 1157 3911 131161

192 3910 388 3993 comparatio
422 3909 594 3993 diligenter
626 3910 770 3975 notanda
798 3924 860 3988 est,
890 3921 928 3976 61
957 3933 1020 3976 666
1051 3913 1159 3978 611666

192 4007 376 4060 constantes
398 3996 500 4060 simus
522 3995 556 4058 in
580 3996 717 4060 16111616
748 3995 868 4061 tuende
895 4018 992 4079 quam
1015 3997 1061 4061 illi
1084 4019 1157 4082 per·

1065 359 1115 428 IN
1140 357 1307 428 Isaram

2120 358 2183 427 116

1208 548 1316 613 116661
1348 546 1429 613 haec
1458 547 1572 614 verbe:
1606 546 1697 626 Ohe,
1730 547 1905 615 6616166166
1935 564 2026 614 66611
2060 547 2179 632 quibus

1208 632 1403 713 exprimitur
1433 654 1544 699 eorum
1572 633 1696 699 laetitia
1716 634 1773 717 qui
1795 634 1883 699 omni
1911 632 2179 700 incommoditate

1207 717 1421 801 molestiaque
1448 717 1549 784 levati
1577 717 1814 801 quodammodo
1834 719 2039 804 triumphem
2064 730 2177 802 63661

1208 801 1296 883 Quid
1314 810 1422 870 661661
1437 803 1540 889 magis
1557 804 1728 890 indignum
1743 804 1796 870 161
1810 815 2066 888 praeposterum,
2081 825 2177 889 quem

1208 887 1357 955 homines
1378 889 1456 955 dum
1478 891 1621 955 suaviter
1648 892 1803 955 11666161
1823 889 1889 956 Dei
1917 890 2083 958 1666116116
2117 889 2176 955 6111

1208 973 1362 1056 11661616
1383 983 1418 1040 61
1438 975 1614 1058 gratulari:
1648 976 1779 1042 interim
1810 975 1917 1041 661611
1945 975 2053 1042 nolles
2142 997 2176 1042 ra

1208 1059 1353 1143 gratias?
1383 1061 1450 1125 imo
1472 1061 1573 1144 largis
1594 1061 1664 1127 6166
1685 1061 1786 1146 copiis
1808 1061 1899 1126 abuti
1922 1060 1962 1126 61
1984 1059 2096 1126 116166
2123 1083 2174 1127 um

1208 1145 1278 1210 eius
1301 1144 1485 1211 honorem?
1518 1145 1560 1211 In
1582 1146 1726 1212 ciborum
1756 1146 1901 1213 coctione
1929 1145 2069 1230 aliisque
2089 1166 2175 1213 6661·

1207 1230 1313 1298 616116
1334 1240 1515 1316 agnoscunt
1537 1232 1686 1298 homines
1707 1233 1833 1316 lignum
1855 1253 1914 1298 suo
1936 1232 2077 1315 imperio
2100 1233 2174 1298 661-

1207 1315 1327 1381 1661616
1360 1337 1432 1382 essa
1465 1328 1497 1382 61
1526 1316 1707 1384 6111616161
1740 1317 1798 1400 qui
1826 1319 1863 1383 11
1891 1336 1970 1401 6136
1999 1327 2037 1382 61
2064 1337 2175 1384 ocrem

1208 1400 1317 1486 lignea
1347 1402 1489 1467 hominis
1517 1403 1623 1485 611316
1652 1425 1687 1469 66
1714 1405 1945 1486 prosternent?
1977 1424 2086 1468 nonne
2116 1403 2175 1471 hoe

1208 1488 1303 1552 modo
1329 1489 1480 1553 6661616
1501 1487 1661 1571 spoliatur
1682 1488 1797 1553 Deus?
1830 1487 1941 1569 Quum
1963 1508 2044 1554 vero
2074 1491 2174 1555 61166·

1208 1572 1295 1674 lacre
1322 1573 1490 1672 16166661,
1521 1594 1628 1638 66666
1650 1573 1722 1638 Deo
1750 1574 1892 1674 eripiunt
1919 1574 2003 1656 quod
2018 1576 2175 1674 ‘maxime

1208 1659 2176 1828 11111111111111111111,1111111

1210 1829 1370 1980 mrplteria,t
1388 1849 1483 1978 puam
1513 1832 1604 1979 priup
1627 1828 1833 1979 {perpalpapp
1863 1831 2021 2002 ⁶259le
2043 1831 2175 1897 arbitrio

1209 1934 1354 1979 666166
1403 1935 1541 1980 ormare.
1604 1936 1747 1980 6616
1826 1936 1967 1995 6161,

1310 2066 1380 2121 Olim
1398 2072 1510 2120 1166666
1528 2083 1602 2120 61661
1619 2067 1739 2133 doninus,
1757 2067 1980 2139 16611161136616,

1312 2137 1398 2201 Quam
1414 2135 1497 2201 16161,
1516 2137 1635 2190 incertus
1652 2152 1788 2190 6661116661
1806 2137 1940 2192 1666161116
1956 2137 2098 2208 Priapum,

1311 2204 1409 2258 Maluit
1426 2219 1484 2258 6666
1502 2204 1600 2257 1166611
1624 2205 1697 2258 Deus
1712 2204 1776 2259 1616
1793 2221 1852 2276 636.

1210 2340 1275 2407 Sed
1298 2341 1369 2406 1666
1398 2341 1573 2422 impietatis
1602 2360 1668 2405 non
1697 2341 1756 2406 1611
1777 2362 1856 2407 1616
1878 2342 1917 2408 61
1940 2341 2004 2407 11116
2026 2343 2175 2427 cognitus

1231 2426 1292 2491 uod
1313 2427 1437 2491 6611666
1455 2446 1519 2490 666
1538 2427 1714 2492 6111661661
1732 2427 1772 2492 61
1790 2426 2059 2494 considerandam
2080 2429 2175 2495 66166

1209 2449 1272 2577 liei
1295 2512 1472 2577 bonitatem
1495 2523 1527 2576 et
1549 2514 1737 2594 potentiam,
1760 2532 1842 2595 qnae
1863 2513 1898 2576 in
1915 2514 2068 2579 omnibus
2089 2533 2174 2580 crea·

1209 2599 1290 2663 turis
1312 2618 1383 2662 sese
1405 2598 1533 2661 exserit.
1579 2596 1689 2678 Quum
1713 2610 1820 2662 autem
1850 2597 2009 2681 propheta
2030 2601 2065 2664 in
2090 2601 2175 2666 hunc

1209 2684 1339 2748 modum
1377 2683 1527 2748 16166166
1559 2696 1607 2747 661
1641 2682 1795 2748 61161666
1831 2683 1988 2749 idolorum
2026 2686 2175 2764 cultores,

1208 2780 1305 2851 atque
1322 2778 1484 2849 stuporem
1504 2789 1616 2832 eorum
1635 2779 1669 2831 61
1683 2769 1843 2833 insaniam
1861 2770 2022 2852 patefecit,
2040 2773 2176 2836 minime

1210 2855 1342 2919 dubium
1365 2864 1415 2918 est
1444 2854 1522 2935 quin
1556 2854 1619 2936 ipsi
1651 2854 1816 2934 conquesti
1850 2856 1916 2920 sint
1948 2855 2115 2921 immerito
2142 2879 2176 2922 66

1209 2939 1345 3015 traduci,
1370 2947 1401 3003 61
1424 2939 1576 3021 speciosis
1598 2938 1758 3003 coloribus
1779 2940 1965 3005 1666161161
1986 2961 2064 3008 6666
2086 2962 2176 3007 6116·

1209 3046 1270 3101 166,
1305 3024 1389 3106 quod
1412 3025 1593 3088 faterentur
1614 3022 1689 3089 deos
1711 3027 1744 3088 in
1767 3025 1864 3089 coelis
1883 3046 1962 3103 csse,
1986 3037 2024 3091 nt
2046 3030 2176 3110 scriptis

1210 3111 1307 3174 etiam
1330 3107 1551 3191 prodiderunt,
1575 3129 1680 3190 neque
1697 3109 1837 3192 lapidem
1856 3122 1912 3176 661
1929 3110 2055 3196 1136616
2067 3112 2175 3179 1)6661

1209 3214 1280 3260 6666
1318 3193 1458 3258 vellent:
1502 3193 1772 3276 quemadmodum
1811 3196 1989 3261 etiamnum
2028 3202 2176 3282 pepistae

1209 3279 1343 3344 6661616
1370 3299 1445 3344 6661
1474 3279 1552 3362 ipsis
1581 3297 1712 3344 causam
1742 3283 1913 3346 adversum
1943 3304 2001 3349 nos
2031 3294 2175 3361 1666161,

1209 3384 1268 3429 666
1300 3365 1471 3447 patiuntur
1499 3384 1534 3428 66
1560 3363 1707 3429 damnari
1742 3375 1808 3429 tam
1841 3386 1968 3432 crassae
1999 3371 2175 3436 6666116116

1208 3450 1275 3516 Sed
1297 3451 1362 3514 1661
1386 3450 1528 3514 diximus
1550 3450 1740 3532 prophetem
1765 3472 1828 3516 non
1846 3452 2013 3519 immorari
2035 3455 2070 3519 in
2087 3457 2177 3522 6616

1207 3535 1273 3601 Dei
1290 3535 1446 3601 essentia:
1468 3555 1551 3617 quae
1567 3535 1596 3599 si
1614 3544 1741 3600 tentum
1762 3536 1963 3620 relinquetur
1977 3538 2060 3617 Deo,
2077 3541 2177 3606 inane

1208 3623 1272 3688 erit
1292 3634 1465 3705 spectrum.
1510 3619 1631 3686 Omnia
1652 3641 1730 3705 6136
1753 3642 1834 3704 qnae
1855 3624 1917 3704 ipsi
1944 3627 2078 3707 propria
2098 3634 2178 3691 eunt

1208 3706 1333 3773 illibate
1369 3727 1502 3772 6166616
1536 3707 1626 3770 16111
1668 3708 1947 3789 praescientiam,·
1970 3721 2177 3793 potestatem,

1208 3793 1535 3866 administrationem,
1558 3793 1726 3871 iustitiam,
1744 3794 1884 3858 66161661
1902 3794 2077 3878 etreliqua
2093 3798 2177 3863 6166-

1209 3880 1306 3944 modi.
1348 3877 1444 3942 Nunc
1467 3897 1567 3959 quum
1589 3877 1680 3959 impii
1702 3879 1832 3961 erigunt
1854 3889 1977 3945 6161666
1998 3891 2057 3946 661
2077 3884 2176 3948 61166·

1208 3964 1307 4046 lacre,
1337 3974 1435 4044 atque
1457 3963 1497 4025 61
1520 3965 1647 4043 6661116
1669 3964 1828 4045 petendae
1852 3966 2175 4052 666666661631661,

1209 4061 1241 4114 61
1263 4050 1386 4132 quoties
1408 4060 1539 4111 666616
1561 4047 1668 4111 oculos
1690 4050 1795 4130 1166116
1816 4049 1939 4116 hebent
1956 4061 1991 4117 61
2007 4051 2176 4137 alloquun-

1209 4144 1273 4218 tur,
1296 4156 1316 4199 a
1337 4132 1409 4197 Deo
1432 4153 1466 4197 66
1489 4131 1593 4197 661111
1623 4144 1750 4214 putent,
1778 4154 1887 4201 nonne
1916 4137 2055 4202 salutem
2080 4158 2176 4205 auem

280 4216 333 4292 11,
365 4217 406 4300 16
433 4225 466 4281 61
494 4217 544 4281 11.
579 4217 676 4299 (Tum
708 4218 766 4282 erit
797 4216 937 4302 leontini.)
990 4219 1156 4285 1666111616
1209 4240 1378 4302 perperam
1413 4218 1477 4282 illis
1509 4215 1671 4300 alligant?
1710 4218 1835 4285 Verum
1870 4221 1923 4287 hio
1951 4232 2067 4305 stupor
2099 4224 2176 4290 inde

193 4302 355 4385 coarguit,
395 4300 478 4383 quod
517 4322 627 4367 616666
663 4303 865 4384 experientia
902 4324 967 4367 non
1005 4304 1159 4389 colligant
1209 4305 1323 4382 oritur,
1352 4303 1437 4386 quod
1463 4304 1614 4386 ignorent
1642 4304 1747 4385 qualis
1768 4308 1810 4370 sit
1832 4306 1895 4371 Dei
1918 4317 2044 4374 natura.
2088 4309 2176 4376 Nem

193 4396 345 4454 11666661
375 4386 520 4470 11366661
550 4409 613 4452 666
637 4408 708 4453 6666
738 4387 851 4452 166161
886 4409 956 4453 6661
986 4390 1158 4471 163161116-
1210 4411 1309 4473 (16661
1340 4389 1479 4470 simplex
1509 4400 1604 4471 atque
1634 4391 1813 4472 spiritualis
1841 4393 1898 4470 sit,
1930 4413 2002 4458 eam
2031 4413 2174 4462 61666661

194 4474 302 4539 116661
328 4473 423 4536 611616
454 4473 645 4554 perstringit
674 4473 758 4555 qood
783 4494 896 4538 161616
919 4473 1037 4552 Deum,
1067 4477 1158 4541 66166
1209 4487 1306 4558 atque
1325 4475 1486 4539 carnalem
1510 4495 1579 4539 6666
1599 4475 1737 4556 163661.
1770 4477 1892 4559 Inque
1913 4478 2010 4546 nimie
2031 4481 2175 4567 maligne

192 4561 298 4624 virtus
320 4557 354 4620 in
377 4558 457 4640 ipsis
479 4556 647 4623 arboribus
670 4558 817 4642 refulget,
844 4578 903 4624 666
926 4559 1048 4624 honore
1071 4560 1157 4626 freu-
1210 4561 1250 4626 dc
1271 4562 1341 4642 ipso
1370 4560 1534 4640 66611661,
1568 4571 1600 4623 61
1622 4561 1757 4643 gloriam
1787 4564 1858 4627 eins
1887 4565 2043 4630 abiiciunt
2076 4576 2174 4651 atque

193 4645 281 4711 dent.
327 4642 436 4726 Ligna
464 4644 550 4707 enim
573 4645 604 4706 in
628 4665 707 4708 6666
736 4643 932 4726 multiplices
965 4645 1070 4727 aptari
1103 4668 1157 4710 ne·
1209 4657 1441 4727 conspurcant,
1481 4644 1557 4710 dum
1597 4644 1693 4710 rebus
1734 4650 1870 4714 terrenis
1909 4662 2005 4732 atque
2043 4652 2175 4720 6616616

193 4739 326 4813 queunt,
355 4729 432 4811 quin
456 4750 489 4792 66
512 4727 613 4793 666116
635 4731 762 4812 1636161
784 4730 846 4793 Dei
870 4729 1054 4805 liberalitas,
1081 4751 1158 4811 quo·
1208 4732 1347 4796 similem
1378 4730 1526 4796 reddunt.
1570 4730 1660 4795 Nihil
1688 4734 1774 4797 enim
1802 4745 1869 4798 tam
1896 4735 2040 4801 alienum
2064 4760 2085 4803 e
2105 4758 2173 4803 ma·

194 4817 253 4881 ties
276 4815 308 4879 in
333 4815 427 4879 16166
458 4815 552 4896 panis
581 4815 736 4895 coquitur,
769 4815 821 4879 vel
844 4836 918 4881 caro
940 4817 972 4879 in
996 4813 1075 4889 olla,
1107 4819 1157 4882 vel
1208 4817 1323 4881 1661616
1346 4816 1418 4893 Dei,
1442 4838 1537 4899 quam
1560 4817 1749 4883 simulacra:
1773 4839 1855 4901 quae
1877 4823 1932 4903 qui
1953 4822 2041 4906 colit,
2064 4823 2172 4889 Deum

193 4912 345 4968 assantur
366 4899 474 4964 edulia
496 4900 536 4964 ad
556 4919 694 4981 prunas:
716 4902 841 4982 quoties
864 4922 923 4964 nos
945 4901 1156 4978 caleiacimus‚
1208 4905 1239 4967 in
1264 4904 1303 4967 116
1325 4902 1498 4979 includere,
1530 4915 1625 4985 atque
1647 4925 1704 4967 sno
1726 4903 1860 4969 arbitrio
1883 4918 2023 4974 tractare
2046 4912 2171 4975 nititur.

193 4988 246 5052 vel
269 4986 429 5069 quaelibet
451 5006 493 5049 61
515 4985 602 5068 11366
632 4987 842 5050 commoditas
865 5007 884 5050 6
907 4984 999 5051 66116
1020 4989 1157 5069 percipi·
1208 4990 1326 5052 Merito
1349 5009 1426 5071 ergo
1447 4991 1479 5053 in
1504 4988 1660 5053 eiusmodi
1690 4992 1888 5072 corruptelas
1911 4994 2080 5059 invehitur
2102 5017 2172 5080 pro

193 5082 257 5152 tur,
287 5072 515 5136 inexcusabilis
536 5081 585 5135 eet
605 5081 718 5151 stupor
740 5083 858 5148 noster,
886 5073 946 5136 nisi
970 5081 1158 5153 reputamus
1208 5073 1315 5156 pheta,
1344 5086 1441 5156 atque
1464 5075 1581 5140 acriter
1603 5076 1758 5140 furiosum
1782 5080 2082 5159 superstitiosorum
2103 5093 2172 5149 616·

215 5177 289 5221 6616
323 5157 461 5240 henigne
494 5156 584 5221 nobis
616 5154 708 5220 Deus
744 5160 959 5239 prospexerit,
999 5180 1039 5220 66
1073 5159 1156 5239 quod
1207 5204 1410 5214 --

193 5177 320 5308 1666661
348 5243 590 5309 necessitatibus
612 5243 732 5308 nostris
754 5242 941 5308 subsidium.
986 5244 1063 5307 Huc
1084 5264 1157 5325 per·
1293 5263 1387 5331 6661,
1406 5264 1425 5318 1.
1444 5262 1468 5316 a

193 4080 370 4145 116666616
395 4081 549 4145 vanitate.
