<?xml version="1.0" encoding="UTF-8"?>
<!DOCTYPE html PUBLIC "-//W3C//DTD XHTML 1.0 Transitional//EN"
    "http://www.w3.org/TR/xhtml1/DTD/xhtml1-transitional.dtd">
<html xmlns="http://www.w3.org/1999/xhtml" xml:lang="en" lang="en">
 <head>
  <title>
</title>
<meta http-equiv="Content-Type" content="text/html;charset=utf-8" />
  <meta name='ocr-system' content='tesseract 3.04.00' />
  <meta name='ocr-capabilities' content='ocr_page ocr_carea ocr_par ocr_line ocrx_word'/>
</head>
<body>
  <div class='ocr_page' id='page_1' title='image "./corpusreformato04melagoog_0092.png"; bbox 0 0 4784 5970; ppageno 0'>
   <div class='ocr_carea' id='block_1_1' title="bbox 194 378 2190 448">
    <p class='ocr_par' dir='ltr' id='par_1_1' title="bbox 194 378 2190 448">
     <span class='ocr_line' id='line_1_1' title="bbox 194 378 2190 448; baseline 0.001 -5"><span class='ocrx_word' id='word_1_1' title='bbox 194 378 256 444; x_wconf 80' lang='lat'>153</span> <span class='ocrx_word' id='word_1_2' title='bbox 1040 378 1190 448; x_wconf 76' lang='lat' dir='ltr'>CAPUT</span> <span class='ocrx_word' id='word_1_3' title='bbox 1207 378 1335 446; x_wconf 84' lang='lat' dir='ltr'>XLVI.</span> <span class='ocrx_word' id='word_1_4' title='bbox 2126 379 2190 446; x_wconf 81' lang='lat'>154</span> 
     </span>
    </p>
   </div>
   <div class='ocr_carea' id='block_1_2' title="bbox 186 567 2193 5354">
    <p class='ocr_par' dir='ltr' id='par_1_2' title="bbox 186 567 2193 5354">
     <span class='ocr_line' id='line_1_2' title="bbox 194 567 2188 656; baseline -0.001 -21"><span class='ocrx_word' id='word_1_5' title='bbox 194 568 328 636; x_wconf 94' lang='lat' dir='ltr'>modum</span> <span class='ocrx_word' id='word_1_6' title='bbox 351 568 510 654; x_wconf 76' lang='lat' dir='ltr'><strong>pugnabo.</strong></span> <span class='ocrx_word' id='word_1_7' title='bbox 543 567 617 633; x_wconf 65' lang='lat' dir='ltr'>&gt;Bel</span> <span class='ocrx_word' id='word_1_8' title='bbox 639 577 671 634; x_wconf 91' lang='lat' dir='ltr'>et</span> <span class='ocrx_word' id='word_1_9' title='bbox 693 568 785 634; x_wconf 89' lang='lat' dir='ltr'>Nebo</span> <span class='ocrx_word' id='word_1_10' title='bbox 808 568 895 633; x_wconf 91' lang='lat' dir='ltr'>idola</span> <span class='ocrx_word' id='word_1_11' title='bbox 924 580 1020 633; x_wconf 87' lang='lat' dir='ltr'>erant</span> <span class='ocrx_word' id='word_1_12' title='bbox 1041 589 1165 651; x_wconf 90' lang='lat' dir='ltr'>quaea</span> <span class='ocrx_word' id='word_1_13' title='bbox 1303 567 1438 649; x_wconf 77' lang='lat' dir='ltr'>(Anima</span> <span class='ocrx_word' id='word_1_14' title='bbox 1459 571 1589 656; x_wconf 71' lang='lat' dir='ltr'>omum.)</span> <span class='ocrx_word' id='word_1_15' title='bbox 1632 569 1798 652; x_wconf 85' lang='lat' dir='ltr'>Loquutio</span> <span class='ocrx_word' id='word_1_16' title='bbox 1826 579 1877 633; x_wconf 90' lang='lat' dir='ltr'>est</span> <span class='ocrx_word' id='word_1_17' title='bbox 1907 569 2067 635; x_wconf 90' lang='lat' dir='ltr'>hebraiea.</span> <span class='ocrx_word' id='word_1_18' title='bbox 2109 570 2188 635; x_wconf 92' lang='lat' dir='ltr'>Per·</span> 
     </span>
     <span class='ocr_line' id='line_1_3' title="bbox 195 653 2188 739; baseline -0.001 -17"><span class='ocrx_word' id='word_1_19' title='bbox 195 653 370 722; x_wconf 79' lang='lat' dir='ltr'>Chaldaeis</span> <span class='ocrx_word' id='word_1_20' title='bbox 409 653 614 720; x_wconf 73' lang='lat' dir='ltr'>colebantur:</span> <span class='ocrx_word' id='word_1_21' title='bbox 656 674 693 720; x_wconf 91' lang='lat' dir='ltr'>ao</span> <span class='ocrx_word' id='word_1_22' title='bbox 728 654 828 720; x_wconf 89' lang='lat' dir='ltr'>veluti</span> <span class='ocrx_word' id='word_1_23' title='bbox 863 661 1016 737; x_wconf 90' lang='lat' dir='ltr'>patronos</span> <span class='ocrx_word' id='word_1_24' title='bbox 1052 673 1165 719; x_wconf 90' lang='lat' dir='ltr'>eorum</span> <span class='ocrx_word' id='word_1_25' title='bbox 1217 655 1348 737; x_wconf 89' lang='lat' dir='ltr'>stringit</span> <span class='ocrx_word' id='word_1_26' title='bbox 1370 665 1479 719; x_wconf 91' lang='lat' dir='ltr'>autem</span> <span class='ocrx_word' id='word_1_27' title='bbox 1502 655 1575 720; x_wconf 94' lang='lat' dir='ltr'>illos</span> <span class='ocrx_word' id='word_1_28' title='bbox 1597 656 1673 721; x_wconf 91' lang='lat' dir='ltr'>deos</span> <span class='ocrx_word' id='word_1_29' title='bbox 1688 654 1806 736; x_wconf 90' lang='lat' dir='ltr'>quibus</span> <span class='ocrx_word' id='word_1_30' title='bbox 1827 674 1932 736; x_wconf 89' lang='lat' dir='ltr'>neque</span> <span class='ocrx_word' id='word_1_31' title='bbox 1955 656 2065 719; x_wconf 90' lang='lat' dir='ltr'>anima</span> <span class='ocrx_word' id='word_1_32' title='bbox 2085 675 2188 739; x_wconf 90' lang='lat' dir='ltr'>neque</span> 
     </span>
     <span class='ocr_line' id='line_1_4' title="bbox 186 738 2189 824; baseline 0 -18"><span class='ocrx_word' id='word_1_33' title='bbox 186 760 340 806; x_wconf 88' lang='lat' dir='ltr'>summos</span> <span class='ocrx_word' id='word_1_34' title='bbox 361 740 460 806; x_wconf 89' lang='lat' dir='ltr'>fuisse</span> <span class='ocrx_word' id='word_1_35' title='bbox 480 739 658 805; x_wconf 90' lang='lat' dir='ltr'>verisimile</span> <span class='ocrx_word' id='word_1_36' title='bbox 680 751 745 805; x_wconf 87' lang='lat' dir='ltr'>est:</span> <span class='ocrx_word' id='word_1_37' title='bbox 768 752 805 804; x_wconf 87' lang='lat' dir='ltr'>ut</span> <span class='ocrx_word' id='word_1_38' title='bbox 825 759 953 822; x_wconf 88' lang='lat' dir='ltr'>semper</span> <span class='ocrx_word' id='word_1_39' title='bbox 974 738 1165 805; x_wconf 81' lang='lat' dir='ltr'>idololatrae</span> <span class='ocrx_word' id='word_1_40' title='bbox 1217 760 1333 804; x_wconf 88' lang='lat' dir='ltr'>sensus</span> <span class='ocrx_word' id='word_1_41' title='bbox 1354 741 1449 804; x_wconf 86' lang='lat' dir='ltr'>inest.</span> <span class='ocrx_word' id='word_1_42' title='bbox 1492 741 1583 806; x_wconf 88' lang='lat' dir='ltr'>Haeo</span> <span class='ocrx_word' id='word_1_43' title='bbox 1605 741 1706 824; x_wconf 89' lang='lat' dir='ltr'>igitur</span> <span class='ocrx_word' id='word_1_44' title='bbox 1731 740 1855 804; x_wconf 91' lang='lat' dir='ltr'>ironioe</span> <span class='ocrx_word' id='word_1_45' title='bbox 1877 743 1911 803; x_wconf 91' lang='lat' dir='ltr'>in</span> <span class='ocrx_word' id='word_1_46' title='bbox 1934 761 2020 804; x_wconf 90' lang='lat' dir='ltr'>vana</span> <span class='ocrx_word' id='word_1_47' title='bbox 2042 749 2075 805; x_wconf 91' lang='lat' dir='ltr'>et</span> <span class='ocrx_word' id='word_1_48' title='bbox 2096 745 2189 807; x_wconf 92' lang='lat' dir='ltr'>muta</span> 
     </span>
     <span class='ocr_line' id='line_1_5' title="bbox 195 823 2188 912; baseline -0.001 -20"><span class='ocrx_word' id='word_1_49' title='bbox 195 826 386 912; x_wconf 90' lang='lat' dir='ltr'>praeeipuos</span> <span class='ocrx_word' id='word_1_50' title='bbox 415 825 571 909; x_wconf 91' lang='lat' dir='ltr'>quosdam</span> <span class='ocrx_word' id='word_1_51' title='bbox 594 825 686 891; x_wconf 87' lang='lat' dir='ltr'>divos</span> <span class='ocrx_word' id='word_1_52' title='bbox 715 825 835 890; x_wconf 90' lang='lat' dir='ltr'>habere</span> <span class='ocrx_word' id='word_1_53' title='bbox 857 826 972 904; x_wconf 87' lang='lat' dir='ltr'>solent,</span> <span class='ocrx_word' id='word_1_54' title='bbox 1002 825 1062 890; x_wconf 93' lang='lat' dir='ltr'>sub</span> <span class='ocrx_word' id='word_1_55' title='bbox 1084 845 1165 908; x_wconf 92' lang='lat' dir='ltr'>quo·</span> <span class='ocrx_word' id='word_1_56' title='bbox 1218 823 1304 889; x_wconf 89' lang='lat' dir='ltr'>idola</span> <span class='ocrx_word' id='word_1_57' title='bbox 1326 824 1420 890; x_wconf 89' lang='lat' dir='ltr'>dieit:</span> <span class='ocrx_word' id='word_1_58' title='bbox 1442 846 1560 910; x_wconf 88' lang='lat' dir='ltr'>nempe</span> <span class='ocrx_word' id='word_1_59' title='bbox 1582 827 1730 892; x_wconf 90' lang='lat' dir='ltr'>iuturum</span> <span class='ocrx_word' id='word_1_60' title='bbox 1760 835 1796 890; x_wconf 90' lang='lat' dir='ltr'>ut</span> <span class='ocrx_word' id='word_1_61' title='bbox 1823 845 1898 891; x_wconf 90' lang='lat' dir='ltr'>oum</span> <span class='ocrx_word' id='word_1_62' title='bbox 1926 845 1988 890; x_wconf 90' lang='lat' dir='ltr'>sua</span> <span class='ocrx_word' id='word_1_63' title='bbox 2014 828 2126 891; x_wconf 90' lang='lat' dir='ltr'>anima</span> <span class='ocrx_word' id='word_1_64' title='bbox 2152 827 2188 890; x_wconf 92' lang='lat' dir='ltr'>iu</span> 
     </span>
     <span class='ocr_line' id='line_1_6' title="bbox 195 909 2188 993; baseline -0.001 -16"><span class='ocrx_word' id='word_1_65' title='bbox 195 933 268 977; x_wconf 92' lang='lat' dir='ltr'>rum</span> <span class='ocrx_word' id='word_1_66' title='bbox 290 911 392 976; x_wconf 88' lang='lat' dir='ltr'>tutela</span> <span class='ocrx_word' id='word_1_67' title='bbox 419 931 454 977; x_wconf 93' lang='lat' dir='ltr'>se</span> <span class='ocrx_word' id='word_1_68' title='bbox 482 910 553 976; x_wconf 86' lang='lat' dir='ltr'>esse</span> <span class='ocrx_word' id='word_1_69' title='bbox 582 912 792 977; x_wconf 91' lang='lat' dir='ltr'>arbitrantur.</span> <span class='ocrx_word' id='word_1_70' title='bbox 836 910 1005 976; x_wconf 90' lang='lat' dir='ltr'>Nehonem</span> <span class='ocrx_word' id='word_1_71' title='bbox 1034 910 1165 992; x_wconf 87' lang='lat' dir='ltr'>quidem</span> <span class='ocrx_word' id='word_1_72' title='bbox 1218 911 1441 993; x_wconf 87' lang='lat' dir='ltr'>eaptivitatem</span> <span class='ocrx_word' id='word_1_73' title='bbox 1463 911 1675 978; x_wconf 79' lang='lat' dir='ltr'>abducantur.</span> <span class='ocrx_word' id='word_1_74' title='bbox 1713 910 1778 977; x_wconf 92' lang='lat' dir='ltr'>Sed</span> <span class='ocrx_word' id='word_1_75' title='bbox 1802 909 1976 976; x_wconf 86' lang='lat' dir='ltr'>videndum</span> <span class='ocrx_word' id='word_1_76' title='bbox 1999 922 2057 989; x_wconf 90' lang='lat' dir='ltr'>est,</span> <span class='ocrx_word' id='word_1_77' title='bbox 2080 932 2188 976; x_wconf 90' lang='lat' dir='ltr'>annon</span> 
     </span>
     <span class='ocr_line' id='line_1_7' title="bbox 196 995 2189 1080; baseline -0.001 -18"><span class='ocrx_word' id='word_1_78' title='bbox 196 999 297 1064; x_wconf 89' lang='lat' dir='ltr'>istum</span> <span class='ocrx_word' id='word_1_79' title='bbox 319 996 413 1080; x_wconf 91' lang='lat' dir='ltr'>quasi</span> <span class='ocrx_word' id='word_1_80' title='bbox 430 997 660 1062; x_wconf 75' lang='lat' dir='ltr'>secundarium</span> <span class='ocrx_word' id='word_1_81' title='bbox 679 997 775 1061; x_wconf 92' lang='lat' dir='ltr'>deum</span> <span class='ocrx_word' id='word_1_82' title='bbox 793 997 894 1063; x_wconf 84' lang='lat' dir='ltr'>luisse</span> <span class='ocrx_word' id='word_1_83' title='bbox 911 1008 1164 1062; x_wconf 85' lang='lat' dir='ltr'>consentaneum</span> <span class='ocrx_word' id='word_1_84' title='bbox 1218 995 1299 1061; x_wconf 88' lang='lat' dir='ltr'>haee</span> <span class='ocrx_word' id='word_1_85' title='bbox 1320 996 1354 1060; x_wconf 88' lang='lat' dir='ltr'>in</span> <span class='ocrx_word' id='word_1_86' title='bbox 1377 1018 1492 1062; x_wconf 91' lang='lat' dir='ltr'>verum</span> <span class='ocrx_word' id='word_1_87' title='bbox 1510 997 1618 1063; x_wconf 93' lang='lat' dir='ltr'>Deum</span> <span class='ocrx_word' id='word_1_88' title='bbox 1638 997 1815 1080; x_wconf 84' lang='lat' dir='ltr'>retorqueri</span> <span class='ocrx_word' id='word_1_89' title='bbox 1834 997 1976 1078; x_wconf 82' lang='lat' dir='ltr'>possint:</span> <span class='ocrx_word' id='word_1_90' title='bbox 1999 996 2091 1062; x_wconf 85' lang='lat' dir='ltr'>ouius</span> <span class='ocrx_word' id='word_1_91' title='bbox 2113 1017 2189 1062; x_wconf 89' lang='lat' dir='ltr'>area</span> 
     </span>
     <span class='ocr_line' id='line_1_8' title="bbox 196 1080 2189 1168; baseline -0.002 -19"><span class='ocrx_word' id='word_1_92' title='bbox 196 1094 256 1163; x_wconf 89' lang='lat' dir='ltr'>est,</span> <span class='ocrx_word' id='word_1_93' title='bbox 279 1084 335 1163; x_wconf 90' lang='lat' dir='ltr'>qui</span> <span class='ocrx_word' id='word_1_94' title='bbox 356 1082 438 1147; x_wconf 91' lang='lat' dir='ltr'>Belo</span> <span class='ocrx_word' id='word_1_95' title='bbox 460 1102 588 1147; x_wconf 92' lang='lat' dir='ltr'>summo</span> <span class='ocrx_word' id='word_1_96' title='bbox 610 1083 669 1147; x_wconf 91' lang='lat' dir='ltr'>deo</span> <span class='ocrx_word' id='word_1_97' title='bbox 699 1083 945 1166; x_wconf 90' lang='lat' dir='ltr'>adiungebatur,</span> <span class='ocrx_word' id='word_1_98' title='bbox 974 1093 1012 1146; x_wconf 89' lang='lat' dir='ltr'>ut</span> <span class='ocrx_word' id='word_1_99' title='bbox 1039 1081 1166 1146; x_wconf 90' lang='lat' dir='ltr'>Mereu·</span> <span class='ocrx_word' id='word_1_100' title='bbox 1219 1101 1239 1145; x_wconf 94' lang='lat' dir='ltr'>a</span> <span class='ocrx_word' id='word_1_101' title='bbox 1271 1080 1458 1148; x_wconf 87' lang='lat' dir='ltr'>Philistaeis</span> <span class='ocrx_word' id='word_1_102' title='bbox 1490 1094 1586 1168; x_wconf 89' lang='lat' dir='ltr'>oapta</span> <span class='ocrx_word' id='word_1_103' title='bbox 1617 1093 1683 1165; x_wconf 88' lang='lat' dir='ltr'>est,</span> <span class='ocrx_word' id='word_1_104' title='bbox 1713 1083 1748 1146; x_wconf 91' lang='lat' dir='ltr'>in</span> <span class='ocrx_word' id='word_1_105' title='bbox 1781 1102 1844 1164; x_wconf 90' lang='lat' dir='ltr'>qua</span> <span class='ocrx_word' id='word_1_106' title='bbox 1877 1083 2078 1165; x_wconf 88' lang='lat' dir='ltr'>praesentiae</span> <span class='ocrx_word' id='word_1_107' title='bbox 2110 1103 2189 1148; x_wconf 88' lang='lat' dir='ltr'>suae</span> 
     </span>
     <span class='ocr_line' id='line_1_9' title="bbox 197 1165 2189 1249; baseline -0.002 -14"><span class='ocrx_word' id='word_1_108' title='bbox 197 1171 266 1235; x_wconf 90' lang='lat' dir='ltr'>rius</span> <span class='ocrx_word' id='word_1_109' title='bbox 289 1167 371 1233; x_wconf 90' lang='lat' dir='ltr'>Iovi.</span> <span class='ocrx_word' id='word_1_110' title='bbox 417 1167 486 1234; x_wconf 90' lang='lat' dir='ltr'>Sub</span> <span class='ocrx_word' id='word_1_111' title='bbox 509 1168 625 1232; x_wconf 89' lang='lat' dir='ltr'>horum</span> <span class='ocrx_word' id='word_1_112' title='bbox 648 1169 779 1233; x_wconf 91' lang='lat' dir='ltr'>nomine</span> <span class='ocrx_word' id='word_1_113' title='bbox 808 1177 937 1234; x_wconf 80' lang='lat' dir='ltr'>caetera</span> <span class='ocrx_word' id='word_1_114' title='bbox 958 1168 1057 1233; x_wconf 91' lang='lat' dir='ltr'>etiam</span> <span class='ocrx_word' id='word_1_115' title='bbox 1078 1165 1165 1231; x_wconf 91' lang='lat' dir='ltr'>idola</span> <span class='ocrx_word' id='word_1_116' title='bbox 1219 1166 1441 1232; x_wconf 90' lang='lat' dir='ltr'>testimonium</span> <span class='ocrx_word' id='word_1_117' title='bbox 1475 1168 1579 1234; x_wconf 85' lang='lat' dir='ltr'>dabat.</span> <span class='ocrx_word' id='word_1_118' title='bbox 1631 1168 1686 1234; x_wconf 91' lang='lat' dir='ltr'>Sio</span> <span class='ocrx_word' id='word_1_119' title='bbox 1718 1170 1805 1232; x_wconf 91' lang='lat' dir='ltr'>enim</span> <span class='ocrx_word' id='word_1_120' title='bbox 1835 1167 1999 1233; x_wconf 91' lang='lat' dir='ltr'>Dominus</span> <span class='ocrx_word' id='word_1_121' title='bbox 2034 1167 2189 1249; x_wconf 90' lang='lat' dir='ltr'>quodam·</span> 
     </span>
     <span class='ocr_line' id='line_1_10' title="bbox 196 1252 2189 1338; baseline -0.002 -17"><span class='ocrx_word' id='word_1_122' title='bbox 196 1253 458 1336; x_wconf 89' lang='lat' dir='ltr'>eompreheudit:</span> <span class='ocrx_word' id='word_1_123' title='bbox 510 1263 606 1336; x_wconf 87' lang='lat' dir='ltr'>atque</span> <span class='ocrx_word' id='word_1_124' title='bbox 654 1254 818 1338; x_wconf 87' lang='lat' dir='ltr'>signifieat</span> <span class='ocrx_word' id='word_1_125' title='bbox 861 1274 975 1319; x_wconf 91' lang='lat' dir='ltr'>omnes</span> <span class='ocrx_word' id='word_1_126' title='bbox 1018 1253 1166 1336; x_wconf 86' lang='lat' dir='ltr'>gentium</span> <span class='ocrx_word' id='word_1_127' title='bbox 1219 1252 1314 1316; x_wconf 94' lang='lat' dir='ltr'>modo</span> <span class='ocrx_word' id='word_1_128' title='bbox 1356 1256 1506 1336; x_wconf 89' lang='lat' dir='ltr'>eaptivus</span> <span class='ocrx_word' id='word_1_129' title='bbox 1546 1276 1616 1320; x_wconf 89' lang='lat' dir='ltr'>esse</span> <span class='ocrx_word' id='word_1_130' title='bbox 1652 1253 1834 1319; x_wconf 88' lang='lat' dir='ltr'>videbatur.</span> <span class='ocrx_word' id='word_1_131' title='bbox 1888 1253 1977 1319; x_wconf 88' lang='lat' dir='ltr'>Huie</span> <span class='ocrx_word' id='word_1_132' title='bbox 2017 1252 2189 1317; x_wconf 90' lang='lat' dir='ltr'>obieetioui</span> 
     </span>
     <span class='ocr_line' id='line_1_11' title="bbox 197 1337 2189 1424; baseline -0.002 -18"><span class='ocrx_word' id='word_1_133' title='bbox 197 1339 445 1422; x_wconf 87' lang='lat' dir='ltr'>superstitiones</span> <span class='ocrx_word' id='word_1_134' title='bbox 473 1347 506 1405; x_wconf 92' lang='lat' dir='ltr'>et</span> <span class='ocrx_word' id='word_1_135' title='bbox 526 1339 636 1405; x_wconf 89' lang='lat' dir='ltr'>eultus</span> <span class='ocrx_word' id='word_1_136' title='bbox 662 1339 780 1421; x_wconf 91' lang='lat' dir='ltr'>impios</span> <span class='ocrx_word' id='word_1_137' title='bbox 808 1340 1002 1405; x_wconf 90' lang='lat' dir='ltr'>subversum</span> <span class='ocrx_word' id='word_1_138' title='bbox 1033 1338 1084 1418; x_wconf 92' lang='lat' dir='ltr'>iri,</span> <span class='ocrx_word' id='word_1_139' title='bbox 1110 1337 1167 1402; x_wconf 89' lang='lat' dir='ltr'>ubi</span> <span class='ocrx_word' id='word_1_140' title='bbox 1218 1338 1323 1403; x_wconf 87' lang='lat' dir='ltr'>iaoilis</span> <span class='ocrx_word' id='word_1_141' title='bbox 1345 1341 1511 1422; x_wconf 89' lang='lat' dir='ltr'>responsio</span> <span class='ocrx_word' id='word_1_142' title='bbox 1533 1353 1599 1406; x_wconf 88' lang='lat' dir='ltr'>est:</span> <span class='ocrx_word' id='word_1_143' title='bbox 1626 1340 1702 1424; x_wconf 86' lang='lat' dir='ltr'>quia</span> <span class='ocrx_word' id='word_1_144' title='bbox 1723 1341 1784 1405; x_wconf 92' lang='lat' dir='ltr'>etsi</span> <span class='ocrx_word' id='word_1_145' title='bbox 1804 1339 1965 1403; x_wconf 89' lang='lat' dir='ltr'>Dominus</span> <span class='ocrx_word' id='word_1_146' title='bbox 1987 1338 2117 1404; x_wconf 88' lang='lat' dir='ltr'>volebat</span> <span class='ocrx_word' id='word_1_147' title='bbox 2136 1359 2189 1403; x_wconf 92' lang='lat' dir='ltr'>ar·</span> 
     </span>
     <span class='ocr_line' id='line_1_12' title="bbox 196 1424 2189 1507; baseline 0 -18"><span class='ocrx_word' id='word_1_148' title='bbox 196 1426 289 1490; x_wconf 91' lang='lat' dir='ltr'>Deus</span> <span class='ocrx_word' id='word_1_149' title='bbox 312 1424 483 1506; x_wconf 86' lang='lat' dir='ltr'>prostratis</span> <span class='ocrx_word' id='word_1_150' title='bbox 504 1444 617 1489; x_wconf 92' lang='lat' dir='ltr'>eorum</span> <span class='ocrx_word' id='word_1_151' title='bbox 642 1425 823 1491; x_wconf 89' lang='lat' dir='ltr'>oultoribus</span> <span class='ocrx_word' id='word_1_152' title='bbox 850 1424 1053 1507; x_wconf 89' lang='lat' dir='ltr'>triumphum</span> <span class='ocrx_word' id='word_1_153' title='bbox 1076 1434 1166 1506; x_wconf 85' lang='lat' dir='ltr'>aget:</span> <span class='ocrx_word' id='word_1_154' title='bbox 1219 1445 1291 1488; x_wconf 89' lang='lat' dir='ltr'>eam</span> <span class='ocrx_word' id='word_1_155' title='bbox 1324 1427 1528 1506; x_wconf 90' lang='lat' dir='ltr'>praesentiae</span> <span class='ocrx_word' id='word_1_156' title='bbox 1568 1447 1646 1491; x_wconf 90' lang='lat' dir='ltr'>suae</span> <span class='ocrx_word' id='word_1_157' title='bbox 1685 1425 1909 1490; x_wconf 92' lang='lat' dir='ltr'>testimonium</span> <span class='ocrx_word' id='word_1_158' title='bbox 1950 1446 2036 1502; x_wconf 87' lang='lat' dir='ltr'>esse,</span> <span class='ocrx_word' id='word_1_159' title='bbox 2078 1435 2189 1489; x_wconf 90' lang='lat' dir='ltr'>tamen</span> 
     </span>
     <span class='ocr_line' id='line_1_13' title="bbox 197 1508 2188 1595; baseline -0.001 -19"><span class='ocrx_word' id='word_1_160' title='bbox 197 1513 272 1595; x_wconf 91' lang='lat' dir='ltr'>quia</span> <span class='ocrx_word' id='word_1_161' title='bbox 299 1522 378 1575; x_wconf 88' lang='lat' dir='ltr'>tuno</span> <span class='ocrx_word' id='word_1_162' title='bbox 406 1510 530 1592; x_wconf 87' lang='lat' dir='ltr'>patebit</span> <span class='ocrx_word' id='word_1_163' title='bbox 556 1531 630 1575; x_wconf 90' lang='lat' dir='ltr'>eum</span> <span class='ocrx_word' id='word_1_164' title='bbox 660 1531 730 1575; x_wconf 93' lang='lat' dir='ltr'>esse</span> <span class='ocrx_word' id='word_1_165' title='bbox 761 1512 882 1575; x_wconf 89' lang='lat' dir='ltr'>iustum</span> <span class='ocrx_word' id='word_1_166' title='bbox 911 1510 1062 1575; x_wconf 88' lang='lat' dir='ltr'>eoelesiae</span> <span class='ocrx_word' id='word_1_167' title='bbox 1091 1528 1168 1573; x_wconf 88' lang='lat' dir='ltr'>suae</span> <span class='ocrx_word' id='word_1_168' title='bbox 1220 1508 1356 1574; x_wconf 89' lang='lat' dir='ltr'>ludaeos</span> <span class='ocrx_word' id='word_1_169' title='bbox 1377 1512 1411 1574; x_wconf 91' lang='lat' dir='ltr'>iu</span> <span class='ocrx_word' id='word_1_170' title='bbox 1434 1531 1505 1576; x_wconf 90' lang='lat' dir='ltr'>eam</span> <span class='ocrx_word' id='word_1_171' title='bbox 1528 1510 1653 1576; x_wconf 80' lang='lat' dir='ltr'>defixos</span> <span class='ocrx_word' id='word_1_172' title='bbox 1674 1532 1745 1576; x_wconf 93' lang='lat' dir='ltr'>esse</span> <span class='ocrx_word' id='word_1_173' title='bbox 1766 1522 1862 1593; x_wconf 89' lang='lat' dir='ltr'>atque</span> <span class='ocrx_word' id='word_1_174' title='bbox 1884 1510 2019 1575; x_wconf 90' lang='lat' dir='ltr'>haerere</span> <span class='ocrx_word' id='word_1_175' title='bbox 2042 1509 2188 1574; x_wconf 85' lang='lat' dir='ltr'>vetabat:</span> 
     </span>
     <span class='ocr_line' id='line_1_14' title="bbox 199 1594 2189 1678; baseline -0.001 -17"><span class='ocrx_word' id='word_1_176' title='bbox 199 1596 373 1662; x_wconf 87' lang='lat' dir='ltr'>vindioem.</span> <span class='ocrx_word' id='word_1_177' title='bbox 419 1594 504 1660; x_wconf 93' lang='lat' dir='ltr'>Nam</span> <span class='ocrx_word' id='word_1_178' title='bbox 535 1616 634 1678; x_wconf 91' lang='lat' dir='ltr'>quum</span> <span class='ocrx_word' id='word_1_179' title='bbox 659 1596 815 1661; x_wconf 87' lang='lat' dir='ltr'>falsorum</span> <span class='ocrx_word' id='word_1_180' title='bbox 842 1596 977 1660; x_wconf 91' lang='lat' dir='ltr'>deorum</span> <span class='ocrx_word' id='word_1_181' title='bbox 1007 1594 1168 1677; x_wconf 91' lang='lat' dir='ltr'>praesidio</span> <span class='ocrx_word' id='word_1_182' title='bbox 1220 1595 1276 1659; x_wconf 91' lang='lat' dir='ltr'>sed</span> <span class='ocrx_word' id='word_1_183' title='bbox 1300 1595 1430 1661; x_wconf 88' lang='lat' dir='ltr'>iubebat</span> <span class='ocrx_word' id='word_1_184' title='bbox 1451 1597 1486 1660; x_wconf 93' lang='lat' dir='ltr'>iu</span> <span class='ocrx_word' id='word_1_185' title='bbox 1513 1597 1637 1662; x_wconf 92' lang='lat' dir='ltr'>ooelum</span> <span class='ocrx_word' id='word_1_186' title='bbox 1659 1608 1789 1661; x_wconf 88' lang='lat' dir='ltr'>eveotos</span> <span class='ocrx_word' id='word_1_187' title='bbox 1812 1615 1899 1674; x_wconf 92' lang='lat' dir='ltr'>esse,</span> <span class='ocrx_word' id='word_1_188' title='bbox 1927 1609 1965 1659; x_wconf 90' lang='lat' dir='ltr'>ut</span> <span class='ocrx_word' id='word_1_189' title='bbox 1990 1595 2059 1659; x_wconf 89' lang='lat' dir='ltr'>illie</span> <span class='ocrx_word' id='word_1_190' title='bbox 2080 1594 2189 1660; x_wconf 93' lang='lat' dir='ltr'>Deum</span> 
     </span>
     <span class='ocr_line' id='line_1_15' title="bbox 198 1679 2190 1764; baseline -0.002 -18"><span class='ocrx_word' id='word_1_191' title='bbox 198 1681 337 1764; x_wconf 89' lang='lat' dir='ltr'>superbe</span> <span class='ocrx_word' id='word_1_192' title='bbox 355 1680 575 1764; x_wconf 84' lang='lat' dir='ltr'>gloriarentur</span> <span class='ocrx_word' id='word_1_193' title='bbox 597 1680 765 1759; x_wconf 81' lang='lat' dir='ltr'>Chaldaei,</span> <span class='ocrx_word' id='word_1_194' title='bbox 783 1681 931 1746; x_wconf 80' lang='lat' dir='ltr'>fallacem</span> <span class='ocrx_word' id='word_1_195' title='bbox 955 1681 1045 1744; x_wconf 91' lang='lat' dir='ltr'>illam</span> <span class='ocrx_word' id='word_1_196' title='bbox 1067 1680 1168 1745; x_wconf 82' lang='lat' dir='ltr'>eonii·</span> <span class='ocrx_word' id='word_1_197' title='bbox 1221 1692 1431 1762; x_wconf 86' lang='lat' dir='ltr'>quaererent,</span> <span class='ocrx_word' id='word_1_198' title='bbox 1477 1691 1575 1764; x_wconf 88' lang='lat' dir='ltr'>atque</span> <span class='ocrx_word' id='word_1_199' title='bbox 1614 1691 1860 1747; x_wconf 85' lang='lat' dir='ltr'>venerarentur.</span> <span class='ocrx_word' id='word_1_200' title='bbox 1921 1679 2058 1763; x_wconf 84' lang='lat' dir='ltr'>Semper</span> <span class='ocrx_word' id='word_1_201' title='bbox 2102 1681 2190 1744; x_wconf 92' lang='lat' dir='ltr'>enim</span> 
     </span>
     <span class='ocr_line' id='line_1_16' title="bbox 198 1765 2190 1851; baseline -0.002 -19"><span class='ocrx_word' id='word_1_202' title='bbox 198 1767 342 1832; x_wconf 88' lang='lat' dir='ltr'>dentiam</span> <span class='ocrx_word' id='word_1_203' title='bbox 364 1766 509 1831; x_wconf 90' lang='lat' dir='ltr'>retundit</span> <span class='ocrx_word' id='word_1_204' title='bbox 532 1766 706 1848; x_wconf 89' lang='lat' dir='ltr'>propheta:</span> <span class='ocrx_word' id='word_1_205' title='bbox 737 1768 812 1851; x_wconf 90' lang='lat' dir='ltr'>quia</span> <span class='ocrx_word' id='word_1_206' title='bbox 834 1767 926 1832; x_wconf 91' lang='lat' dir='ltr'>Deus</span> <span class='ocrx_word' id='word_1_207' title='bbox 948 1766 1081 1831; x_wconf 87' lang='lat' dir='ltr'>Israelis</span> <span class='ocrx_word' id='word_1_208' title='bbox 1103 1785 1168 1828; x_wconf 92' lang='lat' dir='ltr'>non</span> <span class='ocrx_word' id='word_1_209' title='bbox 1223 1767 1439 1847; x_wconf 85' lang='lat' dir='ltr'>spiritualiter</span> <span class='ocrx_word' id='word_1_210' title='bbox 1461 1768 1521 1833; x_wconf 88' lang='lat' dir='ltr'>ooli</span> <span class='ocrx_word' id='word_1_211' title='bbox 1545 1769 1661 1846; x_wconf 90' lang='lat' dir='ltr'>voluit,</span> <span class='ocrx_word' id='word_1_212' title='bbox 1689 1788 1795 1850; x_wconf 92' lang='lat' dir='ltr'>neque</span> <span class='ocrx_word' id='word_1_213' title='bbox 1817 1765 2012 1831; x_wconf 89' lang='lat' dir='ltr'>adorabatur</span> <span class='ocrx_word' id='word_1_214' title='bbox 2034 1785 2109 1830; x_wconf 88' lang='lat' dir='ltr'>area</span> <span class='ocrx_word' id='word_1_215' title='bbox 2132 1786 2190 1848; x_wconf 90' lang='lat' dir='ltr'>pro</span> 
     </span>
     <span class='ocr_line' id='line_1_17' title="bbox 198 1850 2189 1937; baseline -0.001 -20"><span class='ocrx_word' id='word_1_216' title='bbox 198 1853 295 1917; x_wconf 94' lang='lat' dir='ltr'>modo</span> <span class='ocrx_word' id='word_1_217' title='bbox 328 1852 462 1933; x_wconf 90' lang='lat' dir='ltr'>impiam</span> <span class='ocrx_word' id='word_1_218' title='bbox 496 1851 585 1916; x_wconf 92' lang='lat' dir='ltr'>illam</span> <span class='ocrx_word' id='word_1_219' title='bbox 620 1863 750 1935; x_wconf 84' lang='lat' dir='ltr'>gentem</span> <span class='ocrx_word' id='word_1_220' title='bbox 783 1851 977 1935; x_wconf 86' lang='lat' dir='ltr'>profligabit,</span> <span class='ocrx_word' id='word_1_221' title='bbox 1011 1850 1067 1916; x_wconf 90' lang='lat' dir='ltr'>sed</span> <span class='ocrx_word' id='word_1_222' title='bbox 1101 1851 1170 1915; x_wconf 91' lang='lat' dir='ltr'>eius</span> <span class='ocrx_word' id='word_1_223' title='bbox 1222 1852 1307 1916; x_wconf 92' lang='lat' dir='ltr'>Deo:</span> <span class='ocrx_word' id='word_1_224' title='bbox 1337 1852 1394 1917; x_wconf 91' lang='lat' dir='ltr'>sed</span> <span class='ocrx_word' id='word_1_225' title='bbox 1423 1853 1606 1937; x_wconf 85' lang='lat' dir='ltr'>symbolum</span> <span class='ocrx_word' id='word_1_226' title='bbox 1635 1858 1721 1928; x_wconf 92' lang='lat' dir='ltr'>erat,</span> <span class='ocrx_word' id='word_1_227' title='bbox 1751 1873 1813 1935; x_wconf 91' lang='lat' dir='ltr'>quo</span> <span class='ocrx_word' id='word_1_228' title='bbox 1843 1852 1983 1935; x_wconf 90' lang='lat' dir='ltr'>populus</span> <span class='ocrx_word' id='word_1_229' title='bbox 2011 1852 2052 1916; x_wconf 92' lang='lat' dir='ltr'>ad</span> <span class='ocrx_word' id='word_1_230' title='bbox 2081 1851 2189 1916; x_wconf 91' lang='lat' dir='ltr'>Deum</span> 
     </span>
     <span class='ocr_line' id='line_1_18' title="bbox 198 1937 2190 2021; baseline -0.002 -18"><span class='ocrx_word' id='word_1_231' title='bbox 198 1959 324 2021; x_wconf 91' lang='lat' dir='ltr'>quoque</span> <span class='ocrx_word' id='word_1_232' title='bbox 342 1937 418 2002; x_wconf 91' lang='lat' dir='ltr'>deos</span> <span class='ocrx_word' id='word_1_233' title='bbox 435 1938 650 2020; x_wconf 90' lang='lat' dir='ltr'>ignominiose</span> <span class='ocrx_word' id='word_1_234' title='bbox 669 1937 806 2003; x_wconf 90' lang='lat' dir='ltr'>deiieiet.</span> <span class='ocrx_word' id='word_1_235' title='bbox 846 1938 1025 2019; x_wconf 86' lang='lat' dir='ltr'>Propterea</span> <span class='ocrx_word' id='word_1_236' title='bbox 1042 1939 1168 2001; x_wconf 89' lang='lat' dir='ltr'>iumen·</span> <span class='ocrx_word' id='word_1_237' title='bbox 1222 1937 1325 2000; x_wconf 90' lang='lat' dir='ltr'>veluti</span> <span class='ocrx_word' id='word_1_238' title='bbox 1357 1958 1457 2002; x_wconf 91' lang='lat' dir='ltr'>manu</span> <span class='ocrx_word' id='word_1_239' title='bbox 1490 1960 1620 2004; x_wconf 89' lang='lat' dir='ltr'>sursum</span> <span class='ocrx_word' id='word_1_240' title='bbox 1653 1937 1839 2003; x_wconf 89' lang='lat' dir='ltr'>dueebatur.</span> <span class='ocrx_word' id='word_1_241' title='bbox 1892 1938 2017 2002; x_wconf 84' lang='lat' dir='ltr'>Gentes</span> <span class='ocrx_word' id='word_1_242' title='bbox 2046 1956 2122 2002; x_wconf 92' lang='lat' dir='ltr'>vero</span> <span class='ocrx_word' id='word_1_243' title='bbox 2154 1937 2190 2000; x_wconf 90' lang='lat' dir='ltr'>iu</span> 
     </span>
     <span class='ocr_line' id='line_1_19' title="bbox 201 2020 2190 2107; baseline -0.001 -21"><span class='ocrx_word' id='word_1_244' title='bbox 201 2035 308 2088; x_wconf 92' lang='lat' dir='ltr'>torum</span> <span class='ocrx_word' id='word_1_245' title='bbox 331 2043 430 2087; x_wconf 94' lang='lat' dir='ltr'>onera</span> <span class='ocrx_word' id='word_1_246' title='bbox 451 2024 521 2087; x_wconf 88' lang='lat' dir='ltr'>fore</span> <span class='ocrx_word' id='word_1_247' title='bbox 543 2022 638 2088; x_wconf 89' lang='lat' dir='ltr'>dioit:</span> <span class='ocrx_word' id='word_1_248' title='bbox 669 2025 822 2105; x_wconf 88' lang='lat' dir='ltr'>quoniam</span> <span class='ocrx_word' id='word_1_249' title='bbox 845 2023 998 2106; x_wconf 89' lang='lat' dir='ltr'>plaustris</span> <span class='ocrx_word' id='word_1_250' title='bbox 1020 2023 1171 2104; x_wconf 89' lang='lat' dir='ltr'>imposita</span> <span class='ocrx_word' id='word_1_251' title='bbox 1223 2020 1317 2087; x_wconf 91' lang='lat' dir='ltr'>idolis</span> <span class='ocrx_word' id='word_1_252' title='bbox 1339 2022 1527 2101; x_wconf 88' lang='lat' dir='ltr'>haerebant,</span> <span class='ocrx_word' id='word_1_253' title='bbox 1549 2025 1652 2107; x_wconf 92' lang='lat' dir='ltr'>iisque</span> <span class='ocrx_word' id='word_1_254' title='bbox 1674 2025 1852 2107; x_wconf 85' lang='lat' dir='ltr'>affigebant</span> <span class='ocrx_word' id='word_1_255' title='bbox 1869 2031 2065 2105; x_wconf 90' lang='lat' dir='ltr'>potestatem</span> <span class='ocrx_word' id='word_1_256' title='bbox 2084 2024 2190 2086; x_wconf 89' lang='lat' dir='ltr'>numi·</span> 
     </span>
     <span class='ocr_line' id='line_1_20' title="bbox 201 2107 2191 2191; baseline -0.001 -18"><span class='ocrx_word' id='word_1_257' title='bbox 201 2109 265 2173; x_wconf 92' lang='lat' dir='ltr'>alio</span> <span class='ocrx_word' id='word_1_258' title='bbox 287 2108 537 2188; x_wconf 86' lang='lat' dir='ltr'>transferentur,</span> <span class='ocrx_word' id='word_1_259' title='bbox 566 2109 751 2191; x_wconf 89' lang='lat' dir='ltr'>etquidem</span> <span class='ocrx_word' id='word_1_260' title='bbox 775 2111 845 2174; x_wconf 86' lang='lat' dir='ltr'>siue</span> <span class='ocrx_word' id='word_1_261' title='bbox 873 2108 997 2173; x_wconf 91' lang='lat' dir='ltr'>honore</span> <span class='ocrx_word' id='word_1_262' title='bbox 1018 2109 1170 2190; x_wconf 90' lang='lat' dir='ltr'>proieeta,</span> <span class='ocrx_word' id='word_1_263' title='bbox 1223 2109 1283 2172; x_wconf 92' lang='lat' dir='ltr'>uis.</span> <span class='ocrx_word' id='word_1_264' title='bbox 1327 2107 1445 2173; x_wconf 91' lang='lat' dir='ltr'>Posset</span> <span class='ocrx_word' id='word_1_265' title='bbox 1471 2110 1569 2175; x_wconf 92' lang='lat' dir='ltr'>etiam</span> <span class='ocrx_word' id='word_1_266' title='bbox 1599 2109 1662 2176; x_wconf 89' lang='lat' dir='ltr'>diei</span> <span class='ocrx_word' id='word_1_267' title='bbox 1685 2109 1881 2175; x_wconf 91' lang='lat' dir='ltr'>Philistaeos</span> <span class='ocrx_word' id='word_1_268' title='bbox 1909 2108 2042 2172; x_wconf 93' lang='lat' dir='ltr'>tandem</span> <span class='ocrx_word' id='word_1_269' title='bbox 2070 2128 2191 2190; x_wconf 93' lang='lat' dir='ltr'>poenas</span> 
     </span>
     <span class='ocr_line' id='line_1_21' title="bbox 201 2193 2192 2279; baseline -0.001 -21"><span class='ocrx_word' id='word_1_270' title='bbox 201 2204 297 2278; x_wconf 89' lang='lat' dir='ltr'>prout</span> <span class='ocrx_word' id='word_1_271' title='bbox 325 2194 447 2277; x_wconf 83' lang='lat' dir='ltr'>aurigis</span> <span class='ocrx_word' id='word_1_272' title='bbox 476 2194 643 2277; x_wconf 75' lang='lat' dir='ltr'>placuerit.</span> <span class='ocrx_word' id='word_1_273' title='bbox 687 2194 761 2260; x_wconf 89' lang='lat' dir='ltr'>Hoe</span> <span class='ocrx_word' id='word_1_274' title='bbox 788 2195 874 2259; x_wconf 90' lang='lat' dir='ltr'>euim</span> <span class='ocrx_word' id='word_1_275' title='bbox 904 2194 990 2260; x_wconf 85' lang='lat' dir='ltr'>valet</span> <span class='ocrx_word' id='word_1_276' title='bbox 1011 2193 1171 2275; x_wconf 89' lang='lat' dir='ltr'>Deprimi,</span> <span class='ocrx_word' id='word_1_277' title='bbox 1224 2193 1351 2259; x_wconf 90' lang='lat' dir='ltr'>dedisse</span> <span class='ocrx_word' id='word_1_278' title='bbox 1373 2195 1423 2259; x_wconf 91' lang='lat' dir='ltr'>sui</span> <span class='ocrx_word' id='word_1_279' title='bbox 1444 2194 1584 2274; x_wconf 90' lang='lat' dir='ltr'>seeleris,</span> <span class='ocrx_word' id='word_1_280' title='bbox 1607 2207 1705 2278; x_wconf 90' lang='lat' dir='ltr'>atque</span> <span class='ocrx_word' id='word_1_281' title='bbox 1727 2195 1898 2279; x_wconf 88' lang='lat' dir='ltr'>agnovisse</span> <span class='ocrx_word' id='word_1_282' title='bbox 1926 2195 1987 2258; x_wconf 93' lang='lat' dir='ltr'>sibi</span> <span class='ocrx_word' id='word_1_283' title='bbox 2017 2214 2092 2259; x_wconf 93' lang='lat' dir='ltr'>eum</span> <span class='ocrx_word' id='word_1_284' title='bbox 2115 2214 2192 2257; x_wconf 92' lang='lat' dir='ltr'>vero</span> 
     </span>
     <span class='ocr_line' id='line_1_22' title="bbox 201 2278 2192 2363; baseline -0.001 -19"><span class='ocrx_word' id='word_1_285' title='bbox 201 2281 278 2362; x_wconf 91' lang='lat' dir='ltr'>quia</span> <span class='ocrx_word' id='word_1_286' title='bbox 300 2280 376 2343; x_wconf 91' lang='lat' dir='ltr'>deos</span> <span class='ocrx_word' id='word_1_287' title='bbox 399 2279 470 2343; x_wconf 90' lang='lat' dir='ltr'>illos</span> <span class='ocrx_word' id='word_1_288' title='bbox 498 2278 614 2361; x_wconf 90' lang='lat' dir='ltr'>quibus</span> <span class='ocrx_word' id='word_1_289' title='bbox 643 2278 792 2345; x_wconf 90' lang='lat' dir='ltr'>sublimis</span> <span class='ocrx_word' id='word_1_290' title='bbox 819 2281 912 2363; x_wconf 89' lang='lat' dir='ltr'>prius</span> <span class='ocrx_word' id='word_1_291' title='bbox 938 2288 1009 2345; x_wconf 93' lang='lat' dir='ltr'>erat</span> <span class='ocrx_word' id='word_1_292' title='bbox 1035 2287 1170 2356; x_wconf 88' lang='lat' dir='ltr'>statura,</span> <span class='ocrx_word' id='word_1_293' title='bbox 1224 2278 1297 2343; x_wconf 91' lang='lat' dir='ltr'>Deo</span> <span class='ocrx_word' id='word_1_294' title='bbox 1319 2300 1388 2344; x_wconf 93' lang='lat' dir='ltr'>esse</span> <span class='ocrx_word' id='word_1_295' title='bbox 1411 2282 1593 2363; x_wconf 90' lang='lat' dir='ltr'>negotium:</span> <span class='ocrx_word' id='word_1_296' title='bbox 1615 2281 1672 2347; x_wconf 92' lang='lat' dir='ltr'>sed</span> <span class='ocrx_word' id='word_1_297' title='bbox 1695 2301 1733 2346; x_wconf 89' lang='lat' dir='ltr'>ea</span> <span class='ocrx_word' id='word_1_298' title='bbox 1751 2279 1919 2361; x_wconf 89' lang='lat' dir='ltr'>responsio</span> <span class='ocrx_word' id='word_1_299' title='bbox 1936 2300 2000 2343; x_wconf 92' lang='lat' dir='ltr'>uon</span> <span class='ocrx_word' id='word_1_300' title='bbox 2019 2280 2192 2357; x_wconf 84' lang='lat' dir='ltr'>suffieeret,</span> 
     </span>
     <span class='ocr_line' id='line_1_23' title="bbox 202 2363 2193 2449; baseline -0.001 -20"><span class='ocrx_word' id='word_1_301' title='bbox 202 2377 352 2447; x_wconf 90' lang='lat' dir='ltr'>raptores</span> <span class='ocrx_word' id='word_1_302' title='bbox 390 2365 425 2429; x_wconf 90' lang='lat' dir='ltr'>in</span> <span class='ocrx_word' id='word_1_303' title='bbox 464 2365 600 2430; x_wconf 89' lang='lat' dir='ltr'>densum</span> <span class='ocrx_word' id='word_1_304' title='bbox 642 2385 795 2431; x_wconf 87' lang='lat' dir='ltr'>aeervum</span> <span class='ocrx_word' id='word_1_305' title='bbox 828 2365 1046 2449; x_wconf 91' lang='lat' dir='ltr'>eompingeut.</span> <span class='ocrx_word' id='word_1_306' title='bbox 1100 2363 1172 2429; x_wconf 89' lang='lat' dir='ltr'>Hoo</span> <span class='ocrx_word' id='word_1_307' title='bbox 1224 2365 1375 2446; x_wconf 90' lang='lat' dir='ltr'>quoniam</span> <span class='ocrx_word' id='word_1_308' title='bbox 1415 2364 1613 2448; x_wconf 89' lang='lat' dir='ltr'>aliquamdiu</span> <span class='ocrx_word' id='word_1_309' title='bbox 1652 2386 1767 2449; x_wconf 87' lang='lat' dir='ltr'>passus</span> <span class='ocrx_word' id='word_1_310' title='bbox 1805 2376 1854 2430; x_wconf 92' lang='lat' dir='ltr'>est</span> <span class='ocrx_word' id='word_1_311' title='bbox 1887 2364 2049 2429; x_wconf 91' lang='lat' dir='ltr'>Dominus</span> <span class='ocrx_word' id='word_1_312' title='bbox 2083 2385 2193 2431; x_wconf 88' lang='lat' dir='ltr'>aream</span> 
     </span>
     <span class='ocr_line' id='line_1_24' title="bbox 202 2449 2193 2534; baseline -0.002 -18"><span class='ocrx_word' id='word_1_313' title='bbox 202 2451 333 2534; x_wconf 91' lang='lat' dir='ltr'>quidem</span> <span class='ocrx_word' id='word_1_314' title='bbox 355 2450 525 2532; x_wconf 88' lang='lat' dir='ltr'>impletum</span> <span class='ocrx_word' id='word_1_315' title='bbox 548 2472 618 2516; x_wconf 91' lang='lat' dir='ltr'>esse</span> <span class='ocrx_word' id='word_1_316' title='bbox 641 2450 774 2517; x_wconf 91' lang='lat' dir='ltr'>dubium</span> <span class='ocrx_word' id='word_1_317' title='bbox 805 2474 868 2516; x_wconf 92' lang='lat' dir='ltr'>non</span> <span class='ocrx_word' id='word_1_318' title='bbox 898 2461 956 2527; x_wconf 87' lang='lat' dir='ltr'>est,</span> <span class='ocrx_word' id='word_1_319' title='bbox 985 2471 1085 2533; x_wconf 91' lang='lat' dir='ltr'>quum</span> <span class='ocrx_word' id='word_1_320' title='bbox 1107 2449 1171 2514; x_wconf 91' lang='lat' dir='ltr'>Ba·</span> <span class='ocrx_word' id='word_1_321' title='bbox 1225 2471 1317 2515; x_wconf 92' lang='lat' dir='ltr'>suam</span> <span class='ocrx_word' id='word_1_322' title='bbox 1339 2449 1479 2515; x_wconf 92' lang='lat' dir='ltr'>ludibrio</span> <span class='ocrx_word' id='word_1_323' title='bbox 1498 2452 1627 2517; x_wconf 91' lang='lat' dir='ltr'>haberi:</span> <span class='ocrx_word' id='word_1_324' title='bbox 1651 2461 1687 2516; x_wconf 91' lang='lat' dir='ltr'>ut</span> <span class='ocrx_word' id='word_1_325' title='bbox 1705 2452 1784 2517; x_wconf 86' lang='lat' dir='ltr'>satis</span> <span class='ocrx_word' id='word_1_326' title='bbox 1801 2472 1841 2514; x_wconf 86' lang='lat' dir='ltr'>ex</span> <span class='ocrx_word' id='word_1_327' title='bbox 1862 2451 2015 2515; x_wconf 90' lang='lat' dir='ltr'>historiae</span> <span class='ocrx_word' id='word_1_328' title='bbox 2037 2460 2193 2515; x_wconf 83' lang='lat' dir='ltr'>contextu</span> 
     </span>
     <span class='ocr_line' id='line_1_25' title="bbox 201 2534 2193 2621; baseline -0.001 -20"><span class='ocrx_word' id='word_1_329' title='bbox 201 2536 352 2620; x_wconf 87' lang='lat' dir='ltr'>bylonem</span> <span class='ocrx_word' id='word_1_330' title='bbox 374 2536 496 2601; x_wconf 90' lang='lat' dir='ltr'>Persae</span> <span class='ocrx_word' id='word_1_331' title='bbox 525 2546 558 2600; x_wconf 89' lang='lat' dir='ltr'>et</span> <span class='ocrx_word' id='word_1_332' title='bbox 587 2537 677 2601; x_wconf 90' lang='lat' dir='ltr'>Medi</span> <span class='ocrx_word' id='word_1_333' title='bbox 705 2548 949 2621; x_wconf 85' lang='lat' dir='ltr'>expugnarunt.</span> <span class='ocrx_word' id='word_1_334' title='bbox 1000 2536 1174 2599; x_wconf 76' lang='lat' dir='ltr'>Translata</span> <span class='ocrx_word' id='word_1_335' title='bbox 1224 2540 1322 2617; x_wconf 90' lang='lat' dir='ltr'>patet.</span> <span class='ocrx_word' id='word_1_336' title='bbox 1373 2534 1463 2600; x_wconf 87' lang='lat' dir='ltr'>Vera</span> <span class='ocrx_word' id='word_1_337' title='bbox 1491 2538 1594 2620; x_wconf 88' lang='lat' dir='ltr'>igitur</span> <span class='ocrx_word' id='word_1_338' title='bbox 1620 2537 1739 2603; x_wconf 90' lang='lat' dir='ltr'>solutio</span> <span class='ocrx_word' id='word_1_339' title='bbox 1770 2547 1835 2602; x_wconf 88' lang='lat' dir='ltr'>est:</span> <span class='ocrx_word' id='word_1_340' title='bbox 1871 2537 1999 2600; x_wconf 90' lang='lat' dir='ltr'>tametsi</span> <span class='ocrx_word' id='word_1_341' title='bbox 2031 2536 2193 2601; x_wconf 90' lang='lat' dir='ltr'>Dominus</span> 
     </span>
     <span class='ocr_line' id='line_1_26' title="bbox 203 2619 2192 2706; baseline -0.003 -19"><span class='ocrx_word' id='word_1_342' title='bbox 203 2624 290 2687; x_wconf 91' lang='lat' dir='ltr'>enim</span> <span class='ocrx_word' id='word_1_343' title='bbox 307 2622 509 2703; x_wconf 82' lang='lat' dir='ltr'>monarchia,</span> <span class='ocrx_word' id='word_1_344' title='bbox 533 2621 613 2687; x_wconf 92' lang='lat' dir='ltr'>haeo</span> <span class='ocrx_word' id='word_1_345' title='bbox 630 2622 725 2699; x_wconf 90' lang='lat' dir='ltr'>idola,</span> <span class='ocrx_word' id='word_1_346' title='bbox 749 2634 785 2686; x_wconf 93' lang='lat' dir='ltr'>ut</span> <span class='ocrx_word' id='word_1_347' title='bbox 803 2643 878 2704; x_wconf 90' lang='lat' dir='ltr'>pars</span> <span class='ocrx_word' id='word_1_348' title='bbox 897 2621 1043 2703; x_wconf 90' lang='lat' dir='ltr'>praedae,</span> <span class='ocrx_word' id='word_1_349' title='bbox 1067 2620 1175 2685; x_wconf 88' lang='lat' dir='ltr'>ablata</span> <span class='ocrx_word' id='word_1_350' title='bbox 1226 2642 1260 2686; x_wconf 93' lang='lat' dir='ltr'>se</span> <span class='ocrx_word' id='word_1_351' title='bbox 1289 2619 1382 2686; x_wconf 91' lang='lat' dir='ltr'>nobis</span> <span class='ocrx_word' id='word_1_352' title='bbox 1411 2643 1468 2703; x_wconf 90' lang='lat' dir='ltr'>per</span> <span class='ocrx_word' id='word_1_353' title='bbox 1497 2621 1644 2706; x_wconf 86' lang='lat' dir='ltr'>symbola</span> <span class='ocrx_word' id='word_1_354' title='bbox 1670 2634 1703 2686; x_wconf 89' lang='lat' dir='ltr'>et</span> <span class='ocrx_word' id='word_1_355' title='bbox 1732 2631 1937 2688; x_wconf 90' lang='lat' dir='ltr'>saorameuta</span> <span class='ocrx_word' id='word_1_356' title='bbox 1967 2623 2192 2698; x_wconf 85' lang='lat' dir='ltr'>eommunicet,</span> 
     </span>
     <span class='ocr_line' id='line_1_27' title="bbox 202 2705 2192 2790; baseline -0.002 -17"><span class='ocrx_word' id='word_1_357' title='bbox 202 2719 289 2773; x_wconf 89' lang='lat' dir='ltr'>sunt.</span> <span class='ocrx_word' id='word_1_358' title='bbox 335 2706 400 2771; x_wconf 85' lang='lat' dir='ltr'>Sed</span> <span class='ocrx_word' id='word_1_359' title='bbox 424 2708 574 2788; x_wconf 90' lang='lat' dir='ltr'>quamvis</span> <span class='ocrx_word' id='word_1_360' title='bbox 597 2707 657 2771; x_wconf 92' lang='lat' dir='ltr'>hoo</span> <span class='ocrx_word' id='word_1_361' title='bbox 680 2707 889 2790; x_wconf 88' lang='lat' dir='ltr'>praedieeret,</span> <span class='ocrx_word' id='word_1_362' title='bbox 912 2707 1041 2788; x_wconf 86' lang='lat' dir='ltr'>lougius</span> <span class='ocrx_word' id='word_1_363' title='bbox 1064 2717 1172 2769; x_wconf 90' lang='lat' dir='ltr'>tamen</span> <span class='ocrx_word' id='word_1_364' title='bbox 1225 2706 1395 2770; x_wconf 91' lang='lat' dir='ltr'>tamenin</span> <span class='ocrx_word' id='word_1_365' title='bbox 1422 2707 1511 2773; x_wconf 87' lang='lat' dir='ltr'>eoelo</span> <span class='ocrx_word' id='word_1_366' title='bbox 1541 2708 1652 2789; x_wconf 89' lang='lat' dir='ltr'>quaeri</span> <span class='ocrx_word' id='word_1_367' title='bbox 1681 2708 1776 2772; x_wconf 91' lang='lat' dir='ltr'>velle.</span> <span class='ocrx_word' id='word_1_368' title='bbox 1829 2706 1904 2771; x_wconf 90' lang='lat' dir='ltr'>Huo</span> <span class='ocrx_word' id='word_1_369' title='bbox 1935 2706 2074 2786; x_wconf 90' lang='lat' dir='ltr'>aooedit,</span> <span class='ocrx_word' id='word_1_370' title='bbox 2104 2705 2192 2788; x_wconf 91' lang='lat' dir='ltr'>quod</span> 
     </span>
     <span class='ocr_line' id='line_1_28' title="bbox 203 2790 2193 2876; baseline -0.002 -18"><span class='ocrx_word' id='word_1_371' title='bbox 203 2794 362 2876; x_wconf 82' lang='lat' dir='ltr'>spectavit</span> <span class='ocrx_word' id='word_1_372' title='bbox 383 2791 505 2856; x_wconf 90' lang='lat' dir='ltr'>Isaias:</span> <span class='ocrx_word' id='word_1_373' title='bbox 536 2812 652 2873; x_wconf 90' lang='lat' dir='ltr'>nempe</span> <span class='ocrx_word' id='word_1_374' title='bbox 682 2792 721 2856; x_wconf 91' lang='lat' dir='ltr'>ad</span> <span class='ocrx_word' id='word_1_375' title='bbox 745 2792 868 2856; x_wconf 80' lang='lat' dir='ltr'>Christi</span> <span class='ocrx_word' id='word_1_376' title='bbox 897 2791 1082 2867; x_wconf 87' lang='lat' dir='ltr'>adventum,</span> <span class='ocrx_word' id='word_1_377' title='bbox 1112 2811 1174 2872; x_wconf 91' lang='lat' dir='ltr'>quo</span> <span class='ocrx_word' id='word_1_378' title='bbox 1225 2792 1444 2857; x_wconf 90' lang='lat' dir='ltr'>memorandis</span> <span class='ocrx_word' id='word_1_379' title='bbox 1467 2793 1630 2858; x_wconf 89' lang='lat' dir='ltr'>vatieiuiis</span> <span class='ocrx_word' id='word_1_380' title='bbox 1653 2791 1759 2874; x_wconf 91' lang='lat' dir='ltr'>palam</span> <span class='ocrx_word' id='word_1_381' title='bbox 1788 2792 1923 2869; x_wconf 83' lang='lat' dir='ltr'>iecerat,</span> <span class='ocrx_word' id='word_1_382' title='bbox 1952 2813 1987 2856; x_wconf 89' lang='lat' dir='ltr'>se</span> <span class='ocrx_word' id='word_1_383' title='bbox 2016 2813 2080 2855; x_wconf 88' lang='lat' dir='ltr'>nou</span> <span class='ocrx_word' id='word_1_384' title='bbox 2103 2790 2193 2856; x_wconf 89' lang='lat' dir='ltr'>trahi</span> 
     </span>
     <span class='ocr_line' id='line_1_29' title="bbox 201 2875 2192 2960; baseline -0.001 -18"><span class='ocrx_word' id='word_1_385' title='bbox 201 2879 294 2960; x_wconf 90' lang='lat' dir='ltr'>impii</span> <span class='ocrx_word' id='word_1_386' title='bbox 322 2876 430 2941; x_wconf 88' lang='lat' dir='ltr'>eultus</span> <span class='ocrx_word' id='word_1_387' title='bbox 458 2877 673 2943; x_wconf 78' lang='lat' dir='ltr'>submovendi</span> <span class='ocrx_word' id='word_1_388' title='bbox 705 2899 743 2942; x_wconf 90' lang='lat' dir='ltr'>ao</span> <span class='ocrx_word' id='word_1_389' title='bbox 774 2876 903 2941; x_wconf 93' lang='lat' dir='ltr'>delendi</span> <span class='ocrx_word' id='word_1_390' title='bbox 936 2888 1038 2941; x_wconf 86' lang='lat' dir='ltr'>eraut.</span> <span class='ocrx_word' id='word_1_391' title='bbox 1088 2875 1174 2939; x_wconf 91' lang='lat' dir='ltr'>Nam</span> <span class='ocrx_word' id='word_1_392' title='bbox 1225 2876 1390 2957; x_wconf 88' lang='lat' dir='ltr'>eaptivum</span> <span class='ocrx_word' id='word_1_393' title='bbox 1414 2898 1434 2941; x_wconf 90' lang='lat' dir='ltr'>a</span> <span class='ocrx_word' id='word_1_394' title='bbox 1456 2877 1653 2957; x_wconf 85' lang='lat' dir='ltr'>viatoribus,</span> <span class='ocrx_word' id='word_1_395' title='bbox 1682 2878 1739 2943; x_wconf 93' lang='lat' dir='ltr'>sed</span> <span class='ocrx_word' id='word_1_396' title='bbox 1760 2877 1901 2941; x_wconf 90' lang='lat' dir='ltr'>hostium</span> <span class='ocrx_word' id='word_1_397' title='bbox 1926 2876 2052 2941; x_wconf 89' lang='lat' dir='ltr'>libidini</span> <span class='ocrx_word' id='word_1_398' title='bbox 2076 2887 2192 2960; x_wconf 91' lang='lat' dir='ltr'>sponte</span> 
     </span>
     <span class='ocr_line' id='line_1_30' title="bbox 202 2960 2191 3046; baseline -0.003 -16"><span class='ocrx_word' id='word_1_399' title='bbox 202 2961 345 3031; x_wconf 87' lang='lat' dir='ltr'>stabilito</span> <span class='ocrx_word' id='word_1_400' title='bbox 369 2963 437 3026; x_wconf 91' lang='lat' dir='ltr'>eius</span> <span class='ocrx_word' id='word_1_401' title='bbox 459 2982 571 3046; x_wconf 88' lang='lat' dir='ltr'>regno,</span> <span class='ocrx_word' id='word_1_402' title='bbox 594 2963 680 3027; x_wconf 94' lang='lat' dir='ltr'>idola</span> <span class='ocrx_word' id='word_1_403' title='bbox 702 2963 811 3027; x_wconf 93' lang='lat' dir='ltr'>omnia</span> <span class='ocrx_word' id='word_1_404' title='bbox 839 2962 950 3026; x_wconf 91' lang='lat' dir='ltr'>statim</span> <span class='ocrx_word' id='word_1_405' title='bbox 980 2960 1172 3028; x_wconf 88' lang='lat' dir='ltr'>eonoiduut:</span> <span class='ocrx_word' id='word_1_406' title='bbox 1227 2982 1390 3043; x_wconf 81' lang='lat' dir='ltr'>exponere</span> <span class='ocrx_word' id='word_1_407' title='bbox 1412 2984 1473 3026; x_wconf 89' lang='lat' dir='ltr'>sua</span> <span class='ocrx_word' id='word_1_408' title='bbox 1494 2985 1602 3041; x_wconf 88' lang='lat' dir='ltr'>saera,</span> <span class='ocrx_word' id='word_1_409' title='bbox 1632 2974 1668 3027; x_wconf 90' lang='lat' dir='ltr'>ut</span> <span class='ocrx_word' id='word_1_410' title='bbox 1697 2963 1805 3046; x_wconf 89' lang='lat' dir='ltr'>populi</span> <span class='ocrx_word' id='word_1_411' title='bbox 1828 2962 1950 3027; x_wconf 88' lang='lat' dir='ltr'>seelera</span> <span class='ocrx_word' id='word_1_412' title='bbox 1971 2962 2191 3027; x_wconf 89' lang='lat' dir='ltr'>uleiseeretur.</span> 
     </span>
     <span class='ocr_line' id='line_1_31' title="bbox 202 3046 2193 3131; baseline -0.002 -16"><span class='ocrx_word' id='word_1_413' title='bbox 202 3072 262 3115; x_wconf 90' lang='lat' dir='ltr'>nee</span> <span class='ocrx_word' id='word_1_414' title='bbox 284 3048 355 3112; x_wconf 89' lang='lat' dir='ltr'>fieri</span> <span class='ocrx_word' id='word_1_415' title='bbox 378 3058 485 3130; x_wconf 89' lang='lat' dir='ltr'>potest</span> <span class='ocrx_word' id='word_1_416' title='bbox 507 3062 544 3110; x_wconf 89' lang='lat' dir='ltr'>ut</span> <span class='ocrx_word' id='word_1_417' title='bbox 570 3068 644 3112; x_wconf 90' lang='lat' dir='ltr'>eum</span> <span class='ocrx_word' id='word_1_418' title='bbox 672 3049 742 3114; x_wconf 92' lang='lat' dir='ltr'>eius</span> <span class='ocrx_word' id='word_1_419' title='bbox 776 3050 917 3125; x_wconf 90' lang='lat' dir='ltr'>notione,</span> <span class='ocrx_word' id='word_1_420' title='bbox 948 3046 1031 3112; x_wconf 90' lang='lat' dir='ltr'>ialsa</span> <span class='ocrx_word' id='word_1_421' title='bbox 1061 3048 1174 3130; x_wconf 92' lang='lat' dir='ltr'>religio</span> <span class='ocrx_word' id='word_1_422' title='bbox 1225 3047 1340 3128; x_wconf 90' lang='lat' dir='ltr'>Neque</span> <span class='ocrx_word' id='word_1_423' title='bbox 1367 3055 1519 3130; x_wconf 86' lang='lat' dir='ltr'>poterant</span> <span class='ocrx_word' id='word_1_424' title='bbox 1547 3048 1677 3126; x_wconf 90' lang='lat' dir='ltr'>Iudaei,</span> <span class='ocrx_word' id='word_1_425' title='bbox 1714 3070 1814 3131; x_wconf 92' lang='lat' dir='ltr'>quum</span> <span class='ocrx_word' id='word_1_426' title='bbox 1847 3047 1966 3130; x_wconf 90' lang='lat' dir='ltr'>templo</span> <span class='ocrx_word' id='word_1_427' title='bbox 2001 3047 2128 3130; x_wconf 90' lang='lat' dir='ltr'>direpto</span> <span class='ocrx_word' id='word_1_428' title='bbox 2160 3057 2193 3111; x_wconf 90' lang='lat' dir='ltr'>et</span> 
     </span>
     <span class='ocr_line' id='line_1_32' title="bbox 203 3131 2192 3218; baseline -0.002 -17"><span class='ocrx_word' id='word_1_429' title='bbox 203 3148 235 3201; x_wconf 90' lang='lat' dir='ltr'>et</span> <span class='ocrx_word' id='word_1_430' title='bbox 264 3134 356 3216; x_wconf 93' lang='lat' dir='ltr'>impii</span> <span class='ocrx_word' id='word_1_431' title='bbox 385 3133 493 3198; x_wconf 89' lang='lat' dir='ltr'>oultus</span> <span class='ocrx_word' id='word_1_432' title='bbox 523 3135 734 3198; x_wconf 88' lang='lat' dir='ltr'>retineantur.</span> <span class='ocrx_word' id='word_1_433' title='bbox 779 3132 903 3198; x_wconf 90' lang='lat' dir='ltr'>Omnes</span> <span class='ocrx_word' id='word_1_434' title='bbox 933 3131 1085 3197; x_wconf 90' lang='lat' dir='ltr'>tenebras</span> <span class='ocrx_word' id='word_1_435' title='bbox 1115 3152 1174 3197; x_wconf 93' lang='lat' dir='ltr'>suo</span> <span class='ocrx_word' id='word_1_436' title='bbox 1225 3133 1357 3198; x_wconf 89' lang='lat' dir='ltr'>ineenso</span> <span class='ocrx_word' id='word_1_437' title='bbox 1380 3154 1458 3197; x_wconf 89' lang='lat' dir='ltr'>vasa</span> <span class='ocrx_word' id='word_1_438' title='bbox 1479 3133 1680 3218; x_wconf 86' lang='lat' dir='ltr'>Babylonem</span> <span class='ocrx_word' id='word_1_439' title='bbox 1707 3134 1867 3199; x_wconf 89' lang='lat' dir='ltr'>translata</span> <span class='ocrx_word' id='word_1_440' title='bbox 1894 3145 1988 3211; x_wconf 88' lang='lat' dir='ltr'>sunt,</span> <span class='ocrx_word' id='word_1_441' title='bbox 2017 3134 2192 3217; x_wconf 89' lang='lat' dir='ltr'>ambigere,</span> 
     </span>
     <span class='ocr_line' id='line_1_33' title="bbox 203 3218 2192 3304; baseline -0.001 -20"><span class='ocrx_word' id='word_1_442' title='bbox 203 3223 330 3304; x_wconf 84' lang='lat' dir='ltr'>fulgore</span> <span class='ocrx_word' id='word_1_443' title='bbox 360 3218 501 3295; x_wconf 89' lang='lat' dir='ltr'>diseutit,</span> <span class='ocrx_word' id='word_1_444' title='bbox 529 3229 567 3282; x_wconf 89' lang='lat' dir='ltr'>ut</span> <span class='ocrx_word' id='word_1_445' title='bbox 596 3219 724 3284; x_wconf 90' lang='lat' dir='ltr'>nullum</span> <span class='ocrx_word' id='word_1_446' title='bbox 754 3219 844 3284; x_wconf 87' lang='lat' dir='ltr'>falsis</span> <span class='ocrx_word' id='word_1_447' title='bbox 877 3219 939 3284; x_wconf 91' lang='lat' dir='ltr'>diis</span> <span class='ocrx_word' id='word_1_448' title='bbox 972 3226 1029 3282; x_wconf 91' lang='lat' dir='ltr'>aut</span> <span class='ocrx_word' id='word_1_449' title='bbox 1062 3239 1173 3300; x_wconf 92' lang='lat' dir='ltr'>super·</span> <span class='ocrx_word' id='word_1_450' title='bbox 1226 3219 1365 3283; x_wconf 90' lang='lat' dir='ltr'>eundem</span> <span class='ocrx_word' id='word_1_451' title='bbox 1395 3219 1487 3284; x_wconf 93' lang='lat' dir='ltr'>illum</span> <span class='ocrx_word' id='word_1_452' title='bbox 1517 3220 1625 3285; x_wconf 89' lang='lat' dir='ltr'>Deum</span> <span class='ocrx_word' id='word_1_453' title='bbox 1654 3240 1751 3302; x_wconf 91' lang='lat' dir='ltr'>quem</span> <span class='ocrx_word' id='word_1_454' title='bbox 1781 3220 1963 3297; x_wconf 88' lang='lat' dir='ltr'>ooluerant,</span> <span class='ocrx_word' id='word_1_455' title='bbox 1994 3239 2064 3284; x_wconf 87' lang='lat' dir='ltr'>esse</span> <span class='ocrx_word' id='word_1_456' title='bbox 2093 3219 2192 3284; x_wconf 91' lang='lat' dir='ltr'>huius</span> 
     </span>
     <span class='ocr_line' id='line_1_34' title="bbox 203 3301 2192 3388; baseline -0.001 -18"><span class='ocrx_word' id='word_1_457' title='bbox 203 3303 388 3371; x_wconf 84' lang='lat' dir='ltr'>stitionibus</span> <span class='ocrx_word' id='word_1_458' title='bbox 427 3306 533 3370; x_wconf 89' lang='lat' dir='ltr'>looum</span> <span class='ocrx_word' id='word_1_459' title='bbox 565 3305 736 3387; x_wconf 83' lang='lat' dir='ltr'>relinquat.</span> <span class='ocrx_word' id='word_1_460' title='bbox 792 3303 881 3384; x_wconf 75' lang='lat' dir='ltr'>Quid</span> <span class='ocrx_word' id='word_1_461' title='bbox 917 3305 1005 3368; x_wconf 91' lang='lat' dir='ltr'>euim</span> <span class='ocrx_word' id='word_1_462' title='bbox 1039 3301 1174 3369; x_wconf 91' lang='lat' dir='ltr'>Christo</span> <span class='ocrx_word' id='word_1_463' title='bbox 1225 3324 1346 3386; x_wconf 92' lang='lat' dir='ltr'>poenae</span> <span class='ocrx_word' id='word_1_464' title='bbox 1369 3314 1531 3383; x_wconf 91' lang='lat' dir='ltr'>autorem,</span> <span class='ocrx_word' id='word_1_465' title='bbox 1561 3307 1691 3388; x_wconf 91' lang='lat' dir='ltr'>quaudo</span> <span class='ocrx_word' id='word_1_466' title='bbox 1712 3306 1809 3370; x_wconf 88' lang='lat' dir='ltr'>toties</span> <span class='ocrx_word' id='word_1_467' title='bbox 1830 3327 1889 3388; x_wconf 90' lang='lat' dir='ltr'>per</span> <span class='ocrx_word' id='word_1_468' title='bbox 1918 3325 1994 3369; x_wconf 91' lang='lat' dir='ltr'>suos</span> <span class='ocrx_word' id='word_1_469' title='bbox 2017 3304 2192 3387; x_wconf 90' lang='lat' dir='ltr'>prophetas</span> 
     </span>
     <span class='ocr_line' id='line_1_35' title="bbox 203 3388 1855 3474; baseline -0.001 -18"><span class='ocrx_word' id='word_1_470' title='bbox 203 3412 276 3456; x_wconf 89' lang='lat' dir='ltr'>eum</span> <span class='ocrx_word' id='word_1_471' title='bbox 300 3389 430 3455; x_wconf 80' lang='lat' dir='ltr'>Belial?</span> <span class='ocrx_word' id='word_1_472' title='bbox 452 3401 490 3454; x_wconf 92' lang='lat' dir='ltr'>ut</span> <span class='ocrx_word' id='word_1_473' title='bbox 511 3391 616 3471; x_wconf 90' lang='lat' dir='ltr'>inquit</span> <span class='ocrx_word' id='word_1_474' title='bbox 637 3391 764 3455; x_wconf 91' lang='lat' dir='ltr'>Paulus</span> <span class='ocrx_word' id='word_1_475' title='bbox 786 3388 1061 3474; x_wconf 80' lang='lat' dir='ltr'>(2.00r.6,15):</span> <span class='ocrx_word' id='word_1_476' title='bbox 1085 3388 1173 3469; x_wconf 77' lang='lat' dir='ltr'>Quid</span> <span class='ocrx_word' id='word_1_477' title='bbox 1225 3390 1369 3453; x_wconf 89' lang='lat' dir='ltr'>minatus</span> <span class='ocrx_word' id='word_1_478' title='bbox 1392 3390 1499 3454; x_wconf 87' lang='lat' dir='ltr'>fuerat</span> <span class='ocrx_word' id='word_1_479' title='bbox 1520 3392 1606 3472; x_wconf 91' lang='lat' dir='ltr'>quod</span> <span class='ocrx_word' id='word_1_480' title='bbox 1629 3400 1707 3455; x_wconf 88' lang='lat' dir='ltr'>tune</span> <span class='ocrx_word' id='word_1_481' title='bbox 1730 3392 1855 3457; x_wconf 84' lang='lat' dir='ltr'>aoeidit.</span> 
     </span>
     <span class='ocr_line' id='line_1_36' title="bbox 203 3473 2191 3561; baseline -0.002 -21"><span class='ocrx_word' id='word_1_482' title='bbox 203 3477 267 3543; x_wconf 90' lang='lat' dir='ltr'>luei</span> <span class='ocrx_word' id='word_1_483' title='bbox 289 3496 362 3541; x_wconf 91' lang='lat' dir='ltr'>eum</span> <span class='ocrx_word' id='word_1_484' title='bbox 386 3474 551 3540; x_wconf 83' lang='lat' dir='ltr'>tenebris?</span> <span class='ocrx_word' id='word_1_485' title='bbox 586 3476 693 3542; x_wconf 90' lang='lat' dir='ltr'>Simul</span> <span class='ocrx_word' id='word_1_486' title='bbox 716 3474 896 3539; x_wconf 89' lang='lat' dir='ltr'>notandum</span> <span class='ocrx_word' id='word_1_487' title='bbox 914 3488 965 3539; x_wconf 84' lang='lat' dir='ltr'>est</span> <span class='ocrx_word' id='word_1_488' title='bbox 982 3475 1173 3556; x_wconf 89' lang='lat' dir='ltr'>prophetam</span> <span class='ocrx_word' id='word_1_489' title='bbox 1309 3476 1338 3540; x_wconf 85' lang='lat'>3.</span> <span class='ocrx_word' id='word_1_490' title='bbox 1373 3475 1502 3559; x_wconf 81' lang='lat' dir='ltr'>(Audite</span> <span class='ocrx_word' id='word_1_491' title='bbox 1532 3476 1603 3561; x_wconf 83' lang='lat' dir='ltr'>ma)</span> <span class='ocrx_word' id='word_1_492' title='bbox 1645 3477 1710 3540; x_wconf 88' lang='lat' dir='ltr'>Hie</span> <span class='ocrx_word' id='word_1_493' title='bbox 1743 3477 1909 3559; x_wconf 83' lang='lat' dir='ltr'>eleganter</span> <span class='ocrx_word' id='word_1_494' title='bbox 1941 3473 2084 3538; x_wconf 90' lang='lat' dir='ltr'>ostendit</span> <span class='ocrx_word' id='word_1_495' title='bbox 2117 3495 2191 3555; x_wconf 91' lang='lat' dir='ltr'>pro-</span> 
     </span>
     <span class='ocr_line' id='line_1_37' title="bbox 204 3559 2191 3644; baseline -0.003 -16"><span class='ocrx_word' id='word_1_496' title='bbox 204 3563 356 3628; x_wconf 88' lang='lat' dir='ltr'>habuisse</span> <span class='ocrx_word' id='word_1_497' title='bbox 370 3562 529 3625; x_wconf 85' lang='lat' dir='ltr'>rationem</span> <span class='ocrx_word' id='word_1_498' title='bbox 548 3563 712 3643; x_wconf 89' lang='lat' dir='ltr'>temporis,</span> <span class='ocrx_word' id='word_1_499' title='bbox 731 3581 795 3643; x_wconf 92' lang='lat' dir='ltr'>quo</span> <span class='ocrx_word' id='word_1_500' title='bbox 814 3560 927 3625; x_wconf 87' lang='lat' dir='ltr'>Iudaei</span> <span class='ocrx_word' id='word_1_501' title='bbox 945 3561 1067 3642; x_wconf 89' lang='lat' dir='ltr'>eaptivi</span> <span class='ocrx_word' id='word_1_502' title='bbox 1082 3567 1173 3623; x_wconf 92' lang='lat' dir='ltr'>teue-</span> <span class='ocrx_word' id='word_1_503' title='bbox 1224 3560 1323 3644; x_wconf 90' lang='lat' dir='ltr'>pheta</span> <span class='ocrx_word' id='word_1_504' title='bbox 1344 3572 1503 3642; x_wconf 93' lang='lat' dir='ltr'>quantum</span> <span class='ocrx_word' id='word_1_505' title='bbox 1522 3582 1620 3625; x_wconf 90' lang='lat' dir='ltr'>verus</span> <span class='ocrx_word' id='word_1_506' title='bbox 1638 3561 1730 3626; x_wconf 91' lang='lat' dir='ltr'>Deus</span> <span class='ocrx_word' id='word_1_507' title='bbox 1751 3562 1879 3625; x_wconf 84' lang='lat' dir='ltr'>differat</span> <span class='ocrx_word' id='word_1_508' title='bbox 1898 3560 1938 3623; x_wconf 94' lang='lat' dir='ltr'>ab</span> <span class='ocrx_word' id='word_1_509' title='bbox 1956 3560 2059 3623; x_wconf 85' lang='lat' dir='ltr'>idolis.</span> <span class='ocrx_word' id='word_1_510' title='bbox 2092 3559 2191 3624; x_wconf 90' lang='lat' dir='ltr'>Prius</span> 
     </span>
     <span class='ocr_line' id='line_1_38' title="bbox 204 3644 2191 3728; baseline -0.001 -15"><span class='ocrx_word' id='word_1_511' title='bbox 204 3649 333 3715; x_wconf 90' lang='lat' dir='ltr'>bantur.</span> <span class='ocrx_word' id='word_1_512' title='bbox 379 3646 544 3711; x_wconf 84' lang='lat' dir='ltr'>Videbaut</span> <span class='ocrx_word' id='word_1_513' title='bbox 573 3650 660 3711; x_wconf 91' lang='lat' dir='ltr'>euim</span> <span class='ocrx_word' id='word_1_514' title='bbox 689 3646 875 3711; x_wconf 88' lang='lat' dir='ltr'>Chaldaeos</span> <span class='ocrx_word' id='word_1_515' title='bbox 903 3645 999 3709; x_wconf 91' lang='lat' dir='ltr'>idolis</span> <span class='ocrx_word' id='word_1_516' title='bbox 1025 3645 1173 3709; x_wconf 86' lang='lat' dir='ltr'>suffitum</span> <span class='ocrx_word' id='word_1_517' title='bbox 1223 3647 1310 3709; x_wconf 92' lang='lat' dir='ltr'>enim</span> <span class='ocrx_word' id='word_1_518' title='bbox 1334 3646 1417 3709; x_wconf 82' lang='lat' dir='ltr'>dixit</span> <span class='ocrx_word' id='word_1_519' title='bbox 1429 3647 1583 3728; x_wconf 90' lang='lat' dir='ltr'>plaustris</span> <span class='ocrx_word' id='word_1_520' title='bbox 1605 3657 1638 3709; x_wconf 93' lang='lat' dir='ltr'>et</span> <span class='ocrx_word' id='word_1_521' title='bbox 1657 3646 1815 3710; x_wconf 84' lang='lat' dir='ltr'>vehiculis</span> <span class='ocrx_word' id='word_1_522' title='bbox 1834 3645 2010 3709; x_wconf 89' lang='lat' dir='ltr'>trahendos</span> <span class='ocrx_word' id='word_1_523' title='bbox 2022 3666 2092 3710; x_wconf 93' lang='lat' dir='ltr'>esse</span> <span class='ocrx_word' id='word_1_524' title='bbox 2114 3644 2191 3711; x_wconf 93' lang='lat' dir='ltr'>deos</span> 
     </span>
     <span class='ocr_line' id='line_1_39' title="bbox 204 3729 2192 3815; baseline -0.001 -16"><span class='ocrx_word' id='word_1_525' title='bbox 204 3736 366 3809; x_wconf 78' lang='lat' dir='ltr'>facientes,</span> <span class='ocrx_word' id='word_1_526' title='bbox 397 3752 623 3814; x_wconf 89' lang='lat' dir='ltr'>summamque</span> <span class='ocrx_word' id='word_1_527' title='bbox 656 3733 836 3797; x_wconf 89' lang='lat' dir='ltr'>tribuentes</span> <span class='ocrx_word' id='word_1_528' title='bbox 861 3730 1051 3812; x_wconf 89' lang='lat' dir='ltr'>potentiam,</span> <span class='ocrx_word' id='word_1_529' title='bbox 1082 3730 1174 3812; x_wconf 91' lang='lat' dir='ltr'>quasi</span> <span class='ocrx_word' id='word_1_530' title='bbox 1223 3729 1439 3815; x_wconf 83' lang='lat' dir='ltr'>babylonicos,</span> <span class='ocrx_word' id='word_1_531' title='bbox 1462 3732 1537 3812; x_wconf 91' lang='lat' dir='ltr'>quia</span> <span class='ocrx_word' id='word_1_532' title='bbox 1560 3740 1707 3796; x_wconf 89' lang='lat' dir='ltr'>eonsteut</span> <span class='ocrx_word' id='word_1_533' title='bbox 1728 3751 1769 3796; x_wconf 83' lang='lat' dir='ltr'>ex</span> <span class='ocrx_word' id='word_1_534' title='bbox 1787 3742 1914 3796; x_wconf 92' lang='lat' dir='ltr'>mortua</span> <span class='ocrx_word' id='word_1_535' title='bbox 1932 3731 2081 3795; x_wconf 91' lang='lat' dir='ltr'>materia:</span> <span class='ocrx_word' id='word_1_536' title='bbox 2104 3751 2192 3797; x_wconf 90' lang='lat' dir='ltr'>nune</span> 
     </span>
     <span class='ocr_line' id='line_1_40' title="bbox 204 3814 2192 3900; baseline -0.001 -16"><span class='ocrx_word' id='word_1_537' title='bbox 204 3839 331 3885; x_wconf 91' lang='lat' dir='ltr'>summa</span> <span class='ocrx_word' id='word_1_538' title='bbox 353 3838 461 3881; x_wconf 90' lang='lat' dir='ltr'>rerum</span> <span class='ocrx_word' id='word_1_539' title='bbox 481 3818 520 3881; x_wconf 91' lang='lat' dir='ltr'>ab</span> <span class='ocrx_word' id='word_1_540' title='bbox 538 3818 578 3883; x_wconf 92' lang='lat' dir='ltr'>iis</span> <span class='ocrx_word' id='word_1_541' title='bbox 595 3818 762 3900; x_wconf 87' lang='lat' dir='ltr'>penderet.</span> <span class='ocrx_word' id='word_1_542' title='bbox 799 3816 891 3881; x_wconf 91' lang='lat' dir='ltr'>Deus</span> <span class='ocrx_word' id='word_1_543' title='bbox 909 3828 1017 3880; x_wconf 91' lang='lat' dir='ltr'>autem</span> <span class='ocrx_word' id='word_1_544' title='bbox 1037 3814 1173 3879; x_wconf 90' lang='lat' dir='ltr'>Iudaeo·</span> <span class='ocrx_word' id='word_1_545' title='bbox 1221 3815 1319 3899; x_wconf 91' lang='lat' dir='ltr'>louge</span> <span class='ocrx_word' id='word_1_546' title='bbox 1352 3816 1433 3880; x_wconf 89' lang='lat' dir='ltr'>alias</span> <span class='ocrx_word' id='word_1_547' title='bbox 1465 3826 1574 3898; x_wconf 90' lang='lat' dir='ltr'>partes</span> <span class='ocrx_word' id='word_1_548' title='bbox 1608 3817 1757 3882; x_wconf 88' lang='lat' dir='ltr'>attribuit</span> <span class='ocrx_word' id='word_1_549' title='bbox 1790 3817 1861 3882; x_wconf 93' lang='lat' dir='ltr'>Deo</span> <span class='ocrx_word' id='word_1_550' title='bbox 1894 3815 2039 3899; x_wconf 86' lang='lat' dir='ltr'>Israelis,</span> <span class='ocrx_word' id='word_1_551' title='bbox 2075 3837 2192 3898; x_wconf 91' lang='lat' dir='ltr'>nempe</span> 
     </span>
     <span class='ocr_line' id='line_1_41' title="bbox 204 3901 2191 3986; baseline -0.002 -17"><span class='ocrx_word' id='word_1_552' title='bbox 204 3926 276 3969; x_wconf 91' lang='lat' dir='ltr'>rum</span> <span class='ocrx_word' id='word_1_553' title='bbox 299 3902 440 3967; x_wconf 92' lang='lat' dir='ltr'>ludibrio</span> <span class='ocrx_word' id='word_1_554' title='bbox 462 3902 650 3980; x_wconf 90' lang='lat' dir='ltr'>habebatur,</span> <span class='ocrx_word' id='word_1_555' title='bbox 673 3903 764 3986; x_wconf 92' lang='lat' dir='ltr'>quasi</span> <span class='ocrx_word' id='word_1_556' title='bbox 786 3901 943 3985; x_wconf 90' lang='lat' dir='ltr'>populum</span> <span class='ocrx_word' id='word_1_557' title='bbox 972 3921 1067 3966; x_wconf 93' lang='lat' dir='ltr'>suum</span> <span class='ocrx_word' id='word_1_558' title='bbox 1090 3903 1173 3965; x_wconf 88' lang='lat' dir='ltr'>tueri</span> <span class='ocrx_word' id='word_1_559' title='bbox 1224 3901 1310 3984; x_wconf 92' lang='lat' dir='ltr'>quod</span> <span class='ocrx_word' id='word_1_560' title='bbox 1333 3903 1487 3985; x_wconf 89' lang='lat' dir='ltr'>populum</span> <span class='ocrx_word' id='word_1_561' title='bbox 1516 3922 1610 3965; x_wconf 90' lang='lat' dir='ltr'>suum</span> <span class='ocrx_word' id='word_1_562' title='bbox 1640 3904 1752 3967; x_wconf 90' lang='lat' dir='ltr'>vehat:</span> <span class='ocrx_word' id='word_1_563' title='bbox 1783 3906 1847 3968; x_wconf 91' lang='lat' dir='ltr'>imo</span> <span class='ocrx_word' id='word_1_564' title='bbox 1875 3904 1979 3967; x_wconf 89' lang='lat' dir='ltr'>instar</span> <span class='ocrx_word' id='word_1_565' title='bbox 2011 3903 2125 3966; x_wconf 89' lang='lat' dir='ltr'>matris</span> <span class='ocrx_word' id='word_1_566' title='bbox 2156 3903 2191 3966; x_wconf 91' lang='lat' dir='ltr'>in</span> 
     </span>
     <span class='ocr_line' id='line_1_42' title="bbox 204 3988 2190 4072; baseline -0.002 -17"><span class='ocrx_word' id='word_1_567' title='bbox 204 4012 269 4055; x_wconf 90' lang='lat' dir='ltr'>uon</span> <span class='ocrx_word' id='word_1_568' title='bbox 301 4000 428 4071; x_wconf 90' lang='lat' dir='ltr'>posset,</span> <span class='ocrx_word' id='word_1_569' title='bbox 466 3996 522 4050; x_wconf 91' lang='lat' dir='ltr'>aut</span> <span class='ocrx_word' id='word_1_570' title='bbox 554 3994 784 4054; x_wconf 78' lang='lat' dir='ltr'>rontemneret.</span> <span class='ocrx_word' id='word_1_571' title='bbox 840 3988 1017 4071; x_wconf 88' lang='lat' dir='ltr'>Propterea</span> <span class='ocrx_word' id='word_1_572' title='bbox 1048 3995 1173 4050; x_wconf 90' lang='lat' dir='ltr'>tantam</span> <span class='ocrx_word' id='word_1_573' title='bbox 1224 3996 1315 4051; x_wconf 90' lang='lat' dir='ltr'>utero</span> <span class='ocrx_word' id='word_1_574' title='bbox 1336 3989 1524 4070; x_wconf 87' lang='lat' dir='ltr'>gestaverit,</span> <span class='ocrx_word' id='word_1_575' title='bbox 1555 4000 1587 4051; x_wconf 91' lang='lat' dir='ltr'>et</span> <span class='ocrx_word' id='word_1_576' title='bbox 1610 3988 1686 4053; x_wconf 93' lang='lat' dir='ltr'>inde</span> <span class='ocrx_word' id='word_1_577' title='bbox 1709 4010 1874 4072; x_wconf 86' lang='lat' dir='ltr'>egressum</span> <span class='ocrx_word' id='word_1_578' title='bbox 1898 3998 2054 4072; x_wconf 90' lang='lat' dir='ltr'>perpetuo</span> <span class='ocrx_word' id='word_1_579' title='bbox 2083 3997 2190 4071; x_wconf 87' lang='lat' dir='ltr'>gestet</span> 
     </span>
     <span class='ocr_line' id='line_1_43' title="bbox 203 4071 2191 4156; baseline -0.002 -16"><span class='ocrx_word' id='word_1_580' title='bbox 203 4096 313 4140; x_wconf 90' lang='lat' dir='ltr'>rerum</span> <span class='ocrx_word' id='word_1_581' title='bbox 347 4073 594 4139; x_wconf 80' lang='lat' dir='ltr'>conversionem</span> <span class='ocrx_word' id='word_1_582' title='bbox 626 4075 694 4139; x_wconf 86' lang='lat' dir='ltr'>fore</span> <span class='ocrx_word' id='word_1_583' title='bbox 727 4074 886 4152; x_wconf 89' lang='lat' dir='ltr'>ostendit,</span> <span class='ocrx_word' id='word_1_584' title='bbox 925 4083 962 4137; x_wconf 92' lang='lat' dir='ltr'>ut</span> <span class='ocrx_word' id='word_1_585' title='bbox 995 4073 1040 4137; x_wconf 93' lang='lat' dir='ltr'>dii</span> <span class='ocrx_word' id='word_1_586' title='bbox 1073 4071 1172 4137; x_wconf 93' lang='lat' dir='ltr'>Chal·</span> <span class='ocrx_word' id='word_1_587' title='bbox 1222 4074 1255 4136; x_wconf 93' lang='lat' dir='ltr'>iu</span> <span class='ocrx_word' id='word_1_588' title='bbox 1279 4074 1352 4137; x_wconf 91' lang='lat' dir='ltr'>sinu</span> <span class='ocrx_word' id='word_1_589' title='bbox 1374 4092 1442 4136; x_wconf 84' lang='lat' dir='ltr'>suo.</span> <span class='ocrx_word' id='word_1_590' title='bbox 1487 4071 1669 4156; x_wconf 89' lang='lat' dir='ltr'>Compellat</span> <span class='ocrx_word' id='word_1_591' title='bbox 1695 4087 1801 4138; x_wconf 88' lang='lat' dir='ltr'>autem</span> <span class='ocrx_word' id='word_1_592' title='bbox 1825 4074 1963 4138; x_wconf 87' lang='lat' dir='ltr'>Iudaeos</span> <span class='ocrx_word' id='word_1_593' title='bbox 1993 4083 2030 4137; x_wconf 88' lang='lat' dir='ltr'>ut</span> <span class='ocrx_word' id='word_1_594' title='bbox 2058 4093 2191 4155; x_wconf 89' lang='lat' dir='ltr'>respon·</span> 
     </span>
     <span class='ocr_line' id='line_1_44' title="bbox 204 4157 2190 4241; baseline -0.001 -16"><span class='ocrx_word' id='word_1_595' title='bbox 204 4162 362 4226; x_wconf 92' lang='lat' dir='ltr'>daeorum</span> <span class='ocrx_word' id='word_1_596' title='bbox 396 4158 586 4239; x_wconf 89' lang='lat' dir='ltr'>eonoidaut,</span> <span class='ocrx_word' id='word_1_597' title='bbox 627 4161 683 4240; x_wconf 92' lang='lat' dir='ltr'>qui</span> <span class='ocrx_word' id='word_1_598' title='bbox 724 4168 892 4241; x_wconf 89' lang='lat' dir='ltr'>tantopere</span> <span class='ocrx_word' id='word_1_599' title='bbox 932 4157 1171 4224; x_wconf 88' lang='lat' dir='ltr'>evehebantur:</span> <span class='ocrx_word' id='word_1_600' title='bbox 1223 4158 1321 4222; x_wconf 91' lang='lat' dir='ltr'>deaut</span> <span class='ocrx_word' id='word_1_601' title='bbox 1343 4179 1402 4222; x_wconf 90' lang='lat' dir='ltr'>sua</span> <span class='ocrx_word' id='word_1_602' title='bbox 1423 4160 1632 4240; x_wconf 83' lang='lat' dir='ltr'>experientia.</span> <span class='ocrx_word' id='word_1_603' title='bbox 1676 4159 1750 4224; x_wconf 91' lang='lat' dir='ltr'>Hoo</span> <span class='ocrx_word' id='word_1_604' title='bbox 1778 4160 1863 4223; x_wconf 93' lang='lat' dir='ltr'>euim</span> <span class='ocrx_word' id='word_1_605' title='bbox 1886 4157 2112 4223; x_wconf 89' lang='lat' dir='ltr'>vehementius</span> <span class='ocrx_word' id='word_1_606' title='bbox 2135 4179 2190 4223; x_wconf 92' lang='lat' dir='ltr'>eos</span> 
     </span>
     <span class='ocr_line' id='line_1_45' title="bbox 201 4243 2189 4327; baseline -0.002 -18"><span class='ocrx_word' id='word_1_607' title='bbox 201 4246 293 4312; x_wconf 87' lang='lat' dir='ltr'>Deus</span> <span class='ocrx_word' id='word_1_608' title='bbox 315 4252 434 4323; x_wconf 93' lang='lat' dir='ltr'>autem,</span> <span class='ocrx_word' id='word_1_609' title='bbox 458 4244 514 4327; x_wconf 89' lang='lat' dir='ltr'>qui</span> <span class='ocrx_word' id='word_1_610' title='bbox 537 4243 709 4309; x_wconf 88' lang='lat' dir='ltr'>videbatur</span> <span class='ocrx_word' id='word_1_611' title='bbox 724 4247 842 4324; x_wconf 90' lang='lat' dir='ltr'>iaoere,</span> <span class='ocrx_word' id='word_1_612' title='bbox 865 4254 1020 4327; x_wconf 85' lang='lat' dir='ltr'>exsurgat</span> <span class='ocrx_word' id='word_1_613' title='bbox 1041 4257 1074 4308; x_wconf 90' lang='lat' dir='ltr'>et</span> <span class='ocrx_word' id='word_1_614' title='bbox 1097 4264 1172 4308; x_wconf 90' lang='lat' dir='ltr'>suos</span> <span class='ocrx_word' id='word_1_615' title='bbox 1222 4246 1350 4310; x_wconf 80' lang='lat' dir='ltr'>afficere</span> <span class='ocrx_word' id='word_1_616' title='bbox 1372 4244 1498 4323; x_wconf 90' lang='lat' dir='ltr'>debuit,</span> <span class='ocrx_word' id='word_1_617' title='bbox 1526 4265 1625 4327; x_wconf 91' lang='lat' dir='ltr'>quum</span> <span class='ocrx_word' id='word_1_618' title='bbox 1655 4266 1690 4309; x_wconf 92' lang='lat' dir='ltr'>re</span> <span class='ocrx_word' id='word_1_619' title='bbox 1718 4247 1788 4326; x_wconf 90' lang='lat' dir='ltr'>ipsa</span> <span class='ocrx_word' id='word_1_620' title='bbox 1817 4244 1979 4308; x_wconf 89' lang='lat' dir='ltr'>sentirent</span> <span class='ocrx_word' id='word_1_621' title='bbox 2007 4266 2041 4310; x_wconf 87' lang='lat' dir='ltr'>se</span> <span class='ocrx_word' id='word_1_622' title='bbox 2070 4253 2102 4309; x_wconf 90' lang='lat' dir='ltr'>et</span> <span class='ocrx_word' id='word_1_623' title='bbox 2130 4263 2189 4308; x_wconf 91' lang='lat' dir='ltr'>sua</span> 
     </span>
     <span class='ocr_line' id='line_1_46' title="bbox 202 4330 2188 4413; baseline 0 -19"><span class='ocrx_word' id='word_1_624' title='bbox 202 4332 353 4396; x_wconf 89' lang='lat' dir='ltr'>vindioet.</span> <span class='ocrx_word' id='word_1_625' title='bbox 1223 4350 1323 4393; x_wconf 92' lang='lat' dir='ltr'>onera</span> <span class='ocrx_word' id='word_1_626' title='bbox 1345 4350 1420 4393; x_wconf 91' lang='lat' dir='ltr'>eum</span> <span class='ocrx_word' id='word_1_627' title='bbox 1443 4332 1613 4394; x_wconf 90' lang='lat' dir='ltr'>sustinere.</span> <span class='ocrx_word' id='word_1_628' title='bbox 1649 4330 1828 4411; x_wconf 88' lang='lat' dir='ltr'>Aptissima</span> <span class='ocrx_word' id='word_1_629' title='bbox 1850 4350 1927 4413; x_wconf 88' lang='lat' dir='ltr'>ergo</span> <span class='ocrx_word' id='word_1_630' title='bbox 1945 4330 2101 4395; x_wconf 89' lang='lat' dir='ltr'>antithesi</span> <span class='ocrx_word' id='word_1_631' title='bbox 2123 4330 2188 4394; x_wconf 88' lang='lat' dir='ltr'>uti·</span> 
     </span>
     <span class='ocr_line' id='line_1_47' title="bbox 288 4414 2189 4500; baseline -0.001 -20"><span class='ocrx_word' id='word_1_632' title='bbox 288 4417 317 4480; x_wconf 82' lang='lat'>2.</span> <span class='ocrx_word' id='word_1_633' title='bbox 351 4415 436 4500; x_wconf 84' lang='lat' dir='ltr'>(Non</span> <span class='ocrx_word' id='word_1_634' title='bbox 460 4419 632 4495; x_wconf 67' lang='lat' dir='ltr'>pararant</span> <span class='ocrx_word' id='word_1_635' title='bbox 662 4433 695 4478; x_wconf 84' lang='lat' dir='ltr'>se</span> <span class='ocrx_word' id='word_1_636' title='bbox 729 4414 931 4499; x_wconf 78' lang='lat' dir='ltr'>subtrahere.)</span> <span class='ocrx_word' id='word_1_637' title='bbox 980 4414 1171 4477; x_wconf 87' lang='lat' dir='ltr'>Vanitatem</span> <span class='ocrx_word' id='word_1_638' title='bbox 1223 4424 1286 4494; x_wconf 90' lang='lat' dir='ltr'>tur,</span> <span class='ocrx_word' id='word_1_639' title='bbox 1308 4422 1404 4497; x_wconf 92' lang='lat' dir='ltr'>atque</span> <span class='ocrx_word' id='word_1_640' title='bbox 1427 4435 1468 4479; x_wconf 84' lang='lat' dir='ltr'>ex</span> <span class='ocrx_word' id='word_1_641' title='bbox 1490 4415 1712 4497; x_wconf 89' lang='lat' dir='ltr'>superioribus</span> <span class='ocrx_word' id='word_1_642' title='bbox 1734 4415 1912 4481; x_wconf 91' lang='lat' dir='ltr'>eonoludit:</span> <span class='ocrx_word' id='word_1_643' title='bbox 1936 4417 2112 4498; x_wconf 79' lang='lat' dir='ltr'>Agnoscite</span> <span class='ocrx_word' id='word_1_644' title='bbox 2135 4436 2189 4479; x_wconf 94' lang='lat' dir='ltr'>me</span> 
     </span>
     <span class='ocr_line' id='line_1_48' title="bbox 202 4499 2188 4583; baseline -0.001 -17"><span class='ocrx_word' id='word_1_645' title='bbox 202 4502 319 4568; x_wconf 90' lang='lat' dir='ltr'>talium</span> <span class='ocrx_word' id='word_1_646' title='bbox 341 4501 473 4566; x_wconf 90' lang='lat' dir='ltr'>deorum</span> <span class='ocrx_word' id='word_1_647' title='bbox 497 4499 598 4582; x_wconf 92' lang='lat' dir='ltr'>ridet,</span> <span class='ocrx_word' id='word_1_648' title='bbox 629 4500 683 4582; x_wconf 91' lang='lat' dir='ltr'>qui</span> <span class='ocrx_word' id='word_1_649' title='bbox 714 4499 842 4564; x_wconf 89' lang='lat' dir='ltr'>nullum</span> <span class='ocrx_word' id='word_1_650' title='bbox 869 4513 925 4564; x_wconf 90' lang='lat' dir='ltr'>aut</span> <span class='ocrx_word' id='word_1_651' title='bbox 949 4501 1092 4582; x_wconf 86' lang='lat' dir='ltr'>vigorem</span> <span class='ocrx_word' id='word_1_652' title='bbox 1115 4510 1172 4563; x_wconf 90' lang='lat' dir='ltr'>aut</span> <span class='ocrx_word' id='word_1_653' title='bbox 1222 4519 1336 4563; x_wconf 91' lang='lat' dir='ltr'>verum</span> <span class='ocrx_word' id='word_1_654' title='bbox 1357 4521 1427 4565; x_wconf 90' lang='lat' dir='ltr'>esse</span> <span class='ocrx_word' id='word_1_655' title='bbox 1451 4500 1570 4576; x_wconf 89' lang='lat' dir='ltr'>Deum,</span> <span class='ocrx_word' id='word_1_656' title='bbox 1592 4510 1624 4563; x_wconf 92' lang='lat' dir='ltr'>et</span> <span class='ocrx_word' id='word_1_657' title='bbox 1646 4499 1741 4564; x_wconf 88' lang='lat' dir='ltr'>valde</span> <span class='ocrx_word' id='word_1_658' title='bbox 1764 4500 1952 4567; x_wconf 87' lang='lat' dir='ltr'>dissimilem</span> <span class='ocrx_word' id='word_1_659' title='bbox 1975 4501 2080 4579; x_wconf 92' lang='lat' dir='ltr'>idolis,</span> <span class='ocrx_word' id='word_1_660' title='bbox 2103 4521 2188 4583; x_wconf 89' lang='lat' dir='ltr'>quae</span> 
     </span>
     <span class='ocr_line' id='line_1_49' title="bbox 201 4584 2188 4670; baseline -0.002 -16"><span class='ocrx_word' id='word_1_661' title='bbox 201 4599 328 4654; x_wconf 90' lang='lat' dir='ltr'>motum</span> <span class='ocrx_word' id='word_1_662' title='bbox 349 4584 484 4662; x_wconf 92' lang='lat' dir='ltr'>habeut,</span> <span class='ocrx_word' id='word_1_663' title='bbox 514 4607 574 4650; x_wconf 90' lang='lat' dir='ltr'>neo</span> <span class='ocrx_word' id='word_1_664' title='bbox 596 4606 631 4650; x_wconf 92' lang='lat' dir='ltr'>se</span> <span class='ocrx_word' id='word_1_665' title='bbox 652 4584 737 4650; x_wconf 88' lang='lat' dir='ltr'>tueri</span> <span class='ocrx_word' id='word_1_666' title='bbox 758 4594 815 4649; x_wconf 88' lang='lat' dir='ltr'>aut</span> <span class='ocrx_word' id='word_1_667' title='bbox 836 4587 996 4651; x_wconf 89' lang='lat' dir='ltr'>sustinere</span> <span class='ocrx_word' id='word_1_668' title='bbox 1017 4594 1170 4667; x_wconf 91' lang='lat' dir='ltr'>possunt:</span> <span class='ocrx_word' id='word_1_669' title='bbox 1220 4585 1333 4650; x_wconf 90' lang='lat' dir='ltr'>inania</span> <span class='ocrx_word' id='word_1_670' title='bbox 1347 4594 1423 4650; x_wconf 91' lang='lat' dir='ltr'>sunt</span> <span class='ocrx_word' id='word_1_671' title='bbox 1445 4596 1477 4649; x_wconf 87' lang='lat' dir='ltr'>st</span> <span class='ocrx_word' id='word_1_672' title='bbox 1494 4595 1623 4649; x_wconf 87' lang='lat' dir='ltr'>mortua</span> <span class='ocrx_word' id='word_1_673' title='bbox 1639 4585 1796 4668; x_wconf 90' lang='lat' dir='ltr'>pondera:</span> <span class='ocrx_word' id='word_1_674' title='bbox 1819 4586 2079 4670; x_wconf 92' lang='lat' dir='ltr'>quandoquidem</span> <span class='ocrx_word' id='word_1_675' title='bbox 2098 4587 2188 4651; x_wconf 89' lang='lat' dir='ltr'>vobis</span> 
     </span>
     <span class='ocr_line' id='line_1_50' title="bbox 201 4669 2186 4758; baseline -0.002 -19"><span class='ocrx_word' id='word_1_676' title='bbox 201 4675 258 4758; x_wconf 91' lang='lat' dir='ltr'>qui</span> <span class='ocrx_word' id='word_1_677' title='bbox 288 4671 427 4752; x_wconf 91' lang='lat' dir='ltr'>denique</span> <span class='ocrx_word' id='word_1_678' title='bbox 455 4672 675 4735; x_wconf 88' lang='lat' dir='ltr'>iumentorum</span> <span class='ocrx_word' id='word_1_679' title='bbox 706 4669 830 4736; x_wconf 89' lang='lat' dir='ltr'>viribus</span> <span class='ocrx_word' id='word_1_680' title='bbox 857 4683 966 4754; x_wconf 85' lang='lat' dir='ltr'>egent,</span> <span class='ocrx_word' id='word_1_681' title='bbox 1003 4691 1022 4733; x_wconf 92' lang='lat' dir='ltr'>a</span> <span class='ocrx_word' id='word_1_682' title='bbox 1054 4671 1171 4752; x_wconf 92' lang='lat' dir='ltr'>quibus</span> <span class='ocrx_word' id='word_1_683' title='bbox 1221 4682 1299 4736; x_wconf 90' lang='lat' dir='ltr'>nota</span> <span class='ocrx_word' id='word_1_684' title='bbox 1320 4678 1369 4736; x_wconf 90' lang='lat' dir='ltr'>eat</span> <span class='ocrx_word' id='word_1_685' title='bbox 1392 4690 1429 4735; x_wconf 89' lang='lat' dir='ltr'>ae</span> <span class='ocrx_word' id='word_1_686' title='bbox 1451 4679 1616 4753; x_wconf 88' lang='lat' dir='ltr'>eomperta</span> <span class='ocrx_word' id='word_1_687' title='bbox 1638 4691 1710 4734; x_wconf 92' lang='lat' dir='ltr'>mea</span> <span class='ocrx_word' id='word_1_688' title='bbox 1732 4672 1840 4736; x_wconf 91' lang='lat' dir='ltr'>virtus</span> <span class='ocrx_word' id='word_1_689' title='bbox 1866 4693 1907 4737; x_wconf 88' lang='lat' dir='ltr'>ex</span> <span class='ocrx_word' id='word_1_690' title='bbox 1929 4671 2068 4736; x_wconf 90' lang='lat' dir='ltr'>assiduis</span> <span class='ocrx_word' id='word_1_691' title='bbox 2091 4673 2186 4736; x_wconf 90' lang='lat' dir='ltr'>bene·</span> 
     </span>
     <span class='ocr_line' id='line_1_51' title="bbox 201 4754 2187 4840; baseline -0.002 -15"><span class='ocrx_word' id='word_1_692' title='bbox 201 4761 398 4825; x_wconf 83' lang='lat' dir='ltr'>deierantur.</span> <span class='ocrx_word' id='word_1_693' title='bbox 453 4754 572 4821; x_wconf 83' lang='lat' dir='ltr'>Subest</span> <span class='ocrx_word' id='word_1_694' title='bbox 604 4756 706 4840; x_wconf 87' lang='lat' dir='ltr'>igitur</span> <span class='ocrx_word' id='word_1_695' title='bbox 738 4756 838 4821; x_wconf 89' lang='lat' dir='ltr'>taeita</span> <span class='ocrx_word' id='word_1_696' title='bbox 874 4756 1045 4821; x_wconf 90' lang='lat' dir='ltr'>antithesis</span> <span class='ocrx_word' id='word_1_697' title='bbox 1084 4756 1172 4821; x_wconf 94' lang='lat' dir='ltr'>iuter</span> <span class='ocrx_word' id='word_1_698' title='bbox 1221 4757 1303 4823; x_wconf 88' lang='lat' dir='ltr'>fieiis</span> <span class='ocrx_word' id='word_1_699' title='bbox 1324 4756 1442 4839; x_wconf 91' lang='lat' dir='ltr'>quibus</span> <span class='ocrx_word' id='word_1_700' title='bbox 1464 4778 1529 4821; x_wconf 92' lang='lat' dir='ltr'>uon</span> <span class='ocrx_word' id='word_1_701' title='bbox 1549 4756 1656 4820; x_wconf 91' lang='lat' dir='ltr'>destiti</span> <span class='ocrx_word' id='word_1_702' title='bbox 1678 4777 1735 4822; x_wconf 90' lang='lat' dir='ltr'>vos</span> <span class='ocrx_word' id='word_1_703' title='bbox 1753 4757 1794 4821; x_wconf 89' lang='lat' dir='ltr'>ab</span> <span class='ocrx_word' id='word_1_704' title='bbox 1812 4765 1906 4821; x_wconf 94' lang='lat' dir='ltr'>utero</span> <span class='ocrx_word' id='word_1_705' title='bbox 1923 4758 2085 4840; x_wconf 89' lang='lat' dir='ltr'>prosequi.</span> <span class='ocrx_word' id='word_1_706' title='bbox 2119 4755 2187 4822; x_wconf 88' lang='lat' dir='ltr'>Neo</span> 
     </span>
     <span class='ocr_line' id='line_1_52' title="bbox 201 4841 2187 4925; baseline -0.002 -16"><span class='ocrx_word' id='word_1_707' title='bbox 201 4844 287 4909; x_wconf 90' lang='lat' dir='ltr'>idola</span> <span class='ocrx_word' id='word_1_708' title='bbox 310 4852 342 4906; x_wconf 93' lang='lat' dir='ltr'>et</span> <span class='ocrx_word' id='word_1_709' title='bbox 363 4860 479 4906; x_wconf 88' lang='lat' dir='ltr'>verum</span> <span class='ocrx_word' id='word_1_710' title='bbox 501 4841 619 4920; x_wconf 91' lang='lat' dir='ltr'>Deum,</span> <span class='ocrx_word' id='word_1_711' title='bbox 641 4842 697 4923; x_wconf 92' lang='lat' dir='ltr'>qui</span> <span class='ocrx_word' id='word_1_712' title='bbox 720 4841 840 4906; x_wconf 87' lang='lat' dir='ltr'>nullius</span> <span class='ocrx_word' id='word_1_713' title='bbox 862 4843 993 4906; x_wconf 92' lang='lat' dir='ltr'>omnino</span> <span class='ocrx_word' id='word_1_714' title='bbox 1016 4842 1064 4905; x_wconf 90' lang='lat' dir='ltr'>rei</span> <span class='ocrx_word' id='word_1_715' title='bbox 1088 4852 1170 4924; x_wconf 87' lang='lat' dir='ltr'>eget.</span> <span class='ocrx_word' id='word_1_716' title='bbox 1221 4844 1308 4907; x_wconf 92' lang='lat' dir='ltr'>enim</span> <span class='ocrx_word' id='word_1_717' title='bbox 1331 4842 1393 4907; x_wconf 94' lang='lat' dir='ltr'>sibi</span> <span class='ocrx_word' id='word_1_718' title='bbox 1415 4851 1542 4906; x_wconf 89' lang='lat' dir='ltr'>tautum</span> <span class='ocrx_word' id='word_1_719' title='bbox 1563 4853 1678 4925; x_wconf 90' lang='lat' dir='ltr'>potens</span> <span class='ocrx_word' id='word_1_720' title='bbox 1701 4852 1752 4908; x_wconf 90' lang='lat' dir='ltr'>est</span> <span class='ocrx_word' id='word_1_721' title='bbox 1768 4844 1947 4907; x_wconf 88' lang='lat' dir='ltr'>Dominus:</span> <span class='ocrx_word' id='word_1_722' title='bbox 1970 4844 2026 4907; x_wconf 91' lang='lat' dir='ltr'>sed</span> <span class='ocrx_word' id='word_1_723' title='bbox 2044 4851 2187 4924; x_wconf 88' lang='lat' dir='ltr'>potesta·</span> 
     </span>
     <span class='ocr_line' id='line_1_53' title="bbox 201 4926 2188 5010; baseline -0.001 -17"><span class='ocrx_word' id='word_1_724' title='bbox 201 4930 253 4995; x_wconf 90' lang='lat' dir='ltr'>De</span> <span class='ocrx_word' id='word_1_725' title='bbox 281 4927 436 4993; x_wconf 89' lang='lat' dir='ltr'>iumentis</span> <span class='ocrx_word' id='word_1_726' title='bbox 464 4926 592 5007; x_wconf 91' lang='lat' dir='ltr'>quidem</span> <span class='ocrx_word' id='word_1_727' title='bbox 621 4927 835 5010; x_wconf 90' lang='lat' dir='ltr'>interpretor:</span> <span class='ocrx_word' id='word_1_728' title='bbox 872 4926 928 4991; x_wconf 91' lang='lat' dir='ltr'>sed</span> <span class='ocrx_word' id='word_1_729' title='bbox 957 4927 1171 5010; x_wconf 87' lang='lat' dir='ltr'>ignominiam</span> <span class='ocrx_word' id='word_1_730' title='bbox 1220 4939 1286 4993; x_wconf 89' lang='lat' dir='ltr'>tem</span> <span class='ocrx_word' id='word_1_731' title='bbox 1310 4948 1403 4993; x_wconf 89' lang='lat' dir='ltr'>suam</span> <span class='ocrx_word' id='word_1_732' title='bbox 1426 4926 1579 4991; x_wconf 88' lang='lat' dir='ltr'>diffundit</span> <span class='ocrx_word' id='word_1_733' title='bbox 1600 4946 1658 5010; x_wconf 88' lang='lat' dir='ltr'>per</span> <span class='ocrx_word' id='word_1_734' title='bbox 1680 4947 1793 4994; x_wconf 90' lang='lat' dir='ltr'>omnes</span> <span class='ocrx_word' id='word_1_735' title='bbox 1814 4936 1988 5004; x_wconf 77' lang='lat' dir='ltr'>creaturas,</span> <span class='ocrx_word' id='word_1_736' title='bbox 2011 4939 2048 4991; x_wconf 85' lang='lat' dir='ltr'>ut</span> <span class='ocrx_word' id='word_1_737' title='bbox 2066 4927 2131 4992; x_wconf 89' lang='lat' dir='ltr'>vim</span> <span class='ocrx_word' id='word_1_738' title='bbox 2155 4935 2188 4992; x_wconf 93' lang='lat' dir='ltr'>et</span> 
     </span>
     <span class='ocr_line' id='line_1_54' title="bbox 203 5011 1732 5098; baseline 0.001 -20"><span class='ocrx_word' id='word_1_739' title='bbox 203 5013 381 5098; x_wconf 87' lang='lat' dir='ltr'>amplifieat</span> <span class='ocrx_word' id='word_1_740' title='bbox 394 5011 561 5096; x_wconf 88' lang='lat' dir='ltr'>propheta,</span> <span class='ocrx_word' id='word_1_741' title='bbox 584 5012 738 5078; x_wconf 90' lang='lat' dir='ltr'>iumentis</span> <span class='ocrx_word' id='word_1_742' title='bbox 753 5032 881 5096; x_wconf 92' lang='lat' dir='ltr'>quoque</span> <span class='ocrx_word' id='word_1_743' title='bbox 902 5013 980 5094; x_wconf 90' lang='lat' dir='ltr'>ipsis</span> <span class='ocrx_word' id='word_1_744' title='bbox 998 5011 1171 5077; x_wconf 88' lang='lat' dir='ltr'>molestum</span> <span class='ocrx_word' id='word_1_745' title='bbox 1221 5014 1397 5080; x_wconf 85' lang='lat' dir='ltr'>eifieaoiam</span> <span class='ocrx_word' id='word_1_746' title='bbox 1419 5013 1521 5096; x_wconf 90' lang='lat' dir='ltr'>ipsius</span> <span class='ocrx_word' id='word_1_747' title='bbox 1543 5014 1732 5080; x_wconf 87' lang='lat' dir='ltr'>sentiamus.</span> 
     </span>
     <span class='ocr_line' id='line_1_55' title="bbox 201 5097 2186 5185; baseline -0.002 -19"><span class='ocrx_word' id='word_1_748' title='bbox 201 5101 302 5166; x_wconf 82' lang='lat' dir='ltr'>luisse</span> <span class='ocrx_word' id='word_1_749' title='bbox 325 5119 423 5175; x_wconf 87' lang='lat' dir='ltr'>onus,</span> <span class='ocrx_word' id='word_1_750' title='bbox 460 5107 493 5161; x_wconf 89' lang='lat' dir='ltr'>et</span> <span class='ocrx_word' id='word_1_751' title='bbox 521 5097 606 5180; x_wconf 89' lang='lat' dir='ltr'>quod</span> <span class='ocrx_word' id='word_1_752' title='bbox 633 5097 772 5164; x_wconf 91' lang='lat' dir='ltr'>libenter</span> <span class='ocrx_word' id='word_1_753' title='bbox 793 5100 1031 5164; x_wconf 87' lang='lat' dir='ltr'>exeussisseut:</span> <span class='ocrx_word' id='word_1_754' title='bbox 1060 5099 1171 5179; x_wconf 87' lang='lat' dir='ltr'>itaque</span> <span class='ocrx_word' id='word_1_755' title='bbox 1304 5097 1498 5184; x_wconf 76' lang='lat' dir='ltr'>(Certamini</span> <span class='ocrx_word' id='word_1_756' title='bbox 1529 5097 1569 5163; x_wconf 83' lang='lat' dir='ltr'>ab</span> <span class='ocrx_word' id='word_1_757' title='bbox 1600 5098 1708 5185; x_wconf 75' lang='lat' dir='ltr'>retero).</span> <span class='ocrx_word' id='word_1_758' title='bbox 1759 5099 1954 5182; x_wconf 80' lang='lat' dir='ltr'>Expressior</span> <span class='ocrx_word' id='word_1_759' title='bbox 1986 5106 2036 5162; x_wconf 89' lang='lat' dir='ltr'>est</span> <span class='ocrx_word' id='word_1_760' title='bbox 2071 5098 2186 5162; x_wconf 93' lang='lat' dir='ltr'>simili·</span> 
     </span>
     <span class='ocr_line' id='line_1_56' title="bbox 201 5181 2186 5268; baseline 0 -19"><span class='ocrx_word' id='word_1_761' title='bbox 201 5185 301 5252; x_wconf 87' lang='lat' dir='ltr'>falsos</span> <span class='ocrx_word' id='word_1_762' title='bbox 323 5184 409 5262; x_wconf 88' lang='lat' dir='ltr'>deos,</span> <span class='ocrx_word' id='word_1_763' title='bbox 432 5183 486 5248; x_wconf 91' lang='lat' dir='ltr'>ubi</span> <span class='ocrx_word' id='word_1_764' title='bbox 509 5181 641 5248; x_wconf 82' lang='lat' dir='ltr'>inutiles</span> <span class='ocrx_word' id='word_1_765' title='bbox 665 5185 798 5250; x_wconf 85' lang='lat' dir='ltr'>fuerunt</span> <span class='ocrx_word' id='word_1_766' title='bbox 819 5184 886 5250; x_wconf 91' lang='lat' dir='ltr'>suis</span> <span class='ocrx_word' id='word_1_767' title='bbox 909 5183 1098 5264; x_wconf 73' lang='lat' dir='ltr'>emtoribus,</span> <span class='ocrx_word' id='word_1_768' title='bbox 1119 5185 1170 5247; x_wconf 94' lang='lat' dir='ltr'>iu·</span> <span class='ocrx_word' id='word_1_769' title='bbox 1220 5184 1308 5265; x_wconf 88' lang='lat' dir='ltr'>tudo,</span> <span class='ocrx_word' id='word_1_770' title='bbox 1331 5205 1397 5267; x_wconf 91' lang='lat' dir='ltr'>qua</span> <span class='ocrx_word' id='word_1_771' title='bbox 1414 5183 1507 5249; x_wconf 87' lang='lat' dir='ltr'>Deus</span> <span class='ocrx_word' id='word_1_772' title='bbox 1529 5186 1626 5249; x_wconf 89' lang='lat' dir='ltr'>matri</span> <span class='ocrx_word' id='word_1_773' title='bbox 1649 5186 1769 5250; x_wconf 86' lang='lat' dir='ltr'>foetum</span> <span class='ocrx_word' id='word_1_774' title='bbox 1788 5186 1823 5249; x_wconf 91' lang='lat' dir='ltr'>iu</span> <span class='ocrx_word' id='word_1_775' title='bbox 1841 5193 1933 5248; x_wconf 89' lang='lat' dir='ltr'>utero</span> <span class='ocrx_word' id='word_1_776' title='bbox 1955 5185 2098 5268; x_wconf 86' lang='lat' dir='ltr'>gestanti</span> <span class='ocrx_word' id='word_1_777' title='bbox 2115 5205 2186 5249; x_wconf 87' lang='lat' dir='ltr'>sese</span> 
     </span>
     <span class='ocr_line' id='line_1_57' title="bbox 201 5269 2186 5354; baseline -0.002 -16"><span class='ocrx_word' id='word_1_778' title='bbox 201 5281 312 5338; x_wconf 89' lang='lat' dir='ltr'>monta</span> <span class='ocrx_word' id='word_1_779' title='bbox 333 5289 461 5354; x_wconf 91' lang='lat' dir='ltr'>quoque</span> <span class='ocrx_word' id='word_1_780' title='bbox 484 5269 646 5353; x_wconf 84' lang='lat' dir='ltr'>fatigasse.</span> <span class='ocrx_word' id='word_1_781' title='bbox 1220 5280 1395 5353; x_wconf 89' lang='lat' dir='ltr'>eomparat.</span> <span class='ocrx_word' id='word_1_782' title='bbox 1439 5270 1602 5353; x_wconf 86' lang='lat' dir='ltr'>Loquitur</span> <span class='ocrx_word' id='word_1_783' title='bbox 1623 5281 1732 5336; x_wconf 91' lang='lat' dir='ltr'>autem</span> <span class='ocrx_word' id='word_1_784' title='bbox 1760 5270 1799 5335; x_wconf 91' lang='lat' dir='ltr'>de</span> <span class='ocrx_word' id='word_1_785' title='bbox 1828 5271 2002 5352; x_wconf 86' lang='lat' dir='ltr'>praeterito</span> <span class='ocrx_word' id='word_1_786' title='bbox 2029 5278 2186 5353; x_wconf 90' lang='lat' dir='ltr'>tempore,</span> 
     </span>
    </p>
   </div>
   <div class='ocr_carea' id='block_1_3' title="bbox 0 0 2398 5970">
    <p class='ocr_par' dir='ltr' id='par_1_3' title="bbox 0 0 2398 5970">
     <span class='ocr_line' id='line_1_58' title="bbox 0 0 2398 5970; baseline 0 0"><span class='ocrx_word' id='word_1_787' title='bbox 0 0 2398 5970; x_wconf 95' lang='lat' dir='ltr'> </span> 
     </span>
    </p>
   </div>
  </div>
 </body>
</html>
