4784 5970
206 385 268 450 149
1065 383 1215 452 carus
1236 382 1346 450 ιιι.
1739 453 1743 466 ,
2138 385 2202 452 150
2240 343 2242 345 ’

201 578 261 649 est,
292 594 334 638 ne
355 573 389 637 in
417 570 636 655 iureiurando,
666 592 767 654 quum
794 573 836 638 ad
866 573 974 657 ipsum
1003 573 1175 658 adigimur,
1225 590 1314 638 esse:
1345 569 1400 637 sed
1424 569 1464 634 ad
1488 577 1591 634 totum
1621 570 1691 636 eius
1719 590 1852 638 cursum
1879 576 1999 655 patere,
2027 570 2130 638 donec
2159 570 2202 637 cd

202 659 266 724 alia
288 659 421 724 nomina
443 667 500 724 aut
527 657 678 723 divorum
708 671 765 724 aut
793 658 892 725 ullius
920 669 1089 725 creaturae
1117 659 1174 723 ad·
1225 656 1393 724 cumulum
1422 661 1456 720 et
1486 657 1715 738 perfectionem
1745 662 1883 722 ventum
1913 657 1986 723 erit
2037 656 2201 723 Flectitur

202 746 411 811 misceamus:
444 742 501 810 sed
522 763 586 827 qua
607 741 700 810 dccet
721 745 908 811 reverentia
929 763 1048 810 nomen
1070 745 1174 828 ipsius
1225 763 1311 824 genu
1345 743 1478 807 Christo
1510 742 1589 806 dum
1621 751 1757 825 paretur
1788 742 1858 808 eins
1891 740 2067 821 doctrinae,
2100 752 2201 826 atque

202 839 398 913 usurpantes
419 831 585 915 integrum
608 830 637 895 ei
658 843 691 895 et
712 829 876 896 illibatum
898 830 1055 896 honorem
1078 850 1175 896 suum
1225 828 1386 913 evangelii
1413 826 1610 910 praedicatio
1639 827 1833 893 admittitur.
1876 826 1944 894 Sed
1973 828 2068 893 multi
2089 827 2199 895 adhuc

202 935 379 981 servemus.
1225 922 1421 997 repugnant,
1455 921 1488 976 et
1519 934 1633 979 secure
1660 914 1767 996 ipsum
1796 922 2028 980 contemnunt:
2055 913 2201 997 plurima

287 1000 472 1085 (Epressam
501 1005 544 1067 esi
575 1001 725 1086 vebum.)
774 999 948 1086 Significat
976 1002 1107 1066 firmum
1141 1008 1175 1065 ct
1225 999 1359 1064 molitur
1382 997 1495 1076 Satan,
1529 1006 1562 1064 et
1583 996 1711 1066 assidue
1737 998 1858 1065 bellum
1893 1018 1968 1063 cum
1999 999 2070 1082 ipso
2102 1001 2198 1084 gerit.

201 1086 317 1151 stabile
344 1106 415 1151 esse
437 1086 523 1168 quod
546 1086 747 1171 promulgari
768 1087 864 1154 iussit
884 1108 904 1152 a
925 1087 1084 1169 propheta
1106 1106 1174 1163 suo,
1225 1086 1343 1170 Longe
1364 1104 1442 1234 erffio
1464 1085 1619 1151 absumus
1641 1083 1683 1150 ab
1713 1083 1812 1149 huius
1839 1084 2028 1168 prophetiae
2056 1086 2199 1169 comple·

202 1192 239 1236 ao
268 1172 296 1237 si
325 1170 448 1237 diceret
475 1192 538 1236 non
571 1181 693 1238 temere
721 1172 774 1238 vel
796 1172 1033 1239 inconsiderate
1055 1194 1096 1237 ex
1118 1192 1174 1237 ore
1225 1182 1346 1236 mento.
1431 1189 1494 1234 unc
1527 1191 1603 1253 ergo
1636 1190 1714 1237 vere
1749 1170 1901 1237 flectetur
1933 1169 2066 1235 Christe
2100 1191 2200 1237 omne

201 1276 260 1322 suo
282 1257 418 1322 fluxisse
441 1256 503 1324 hoc
525 1256 674 1324 edictum.
716 1260 821 1341 Atque
843 1257 905 1323 hoc
927 1279 1024 1323 sensu
1047 1257 1174 1323 iustitia
1224 1276 1321 1340 genu,
1362 1277 1461 1339 quum
1501 1256 1597 1321 victis
1635 1265 1669 1322 et
1707 1256 1857 1322 funditus
1897 1255 2011 1322 deletis
2049 1253 2199 1322 hostibus

201 1342 331 1425 saepius
363 1343 520 1424 accipitur
551 1343 586 1408 in
616 1343 803 1427 scripturis:
838 1364 954 1426 nempe
985 1364 1043 1425 pro
1072 1343 1173 1408 verbo
1225 1340 1456 1425 triumphabit,
1495 1343 1764 1424 maiestatemque
1803 1361 1896 1408 suam
1936 1340 2090 1406 omnibus
2121 1361 2199 1407 con·

200 1449 266 1492 non
296 1428 412 1507 fallaci,
441 1429 533 1493 cuius
555 1429 736 1494 certissima
755 1428 918 1496 constabit
937 1429 1033 1494 fides:
1063 1428 1173 1511 itaque
1224 1428 1369 1510 spicuam
1399 1425 1522 1509 reddet,
1552 1447 1634 1510 quae
1660 1448 1748 1493 nunc
1769 1448 1790 1492 a
1811 1426 1936 1493 Satana
1957 1435 1991 1491 et
2011 1425 2121 1511 impiis
2141 1448 2199 1511 op-

200 1513 410 1579 irrevooabile
432 1512 598 1580 decretum
621 1535 692 1580 esse
715 1516 770 1581 ait.
816 1515 891 1596 Quo
914 1517 1013 1579 etiam
1031 1515 1173 1598 pertinet
1223 1523 1397 1597 pugnatur.
1441 1511 1559 1595 Itaque
1581 1512 1675 1578 docet
1696 1512 1830 1591 Paulus,
1860 1512 1937 1578 dum
1959 1511 2115 1578 Christus
2138 1514 2198 1577 tri·

199 1599 301 1663 altera
330 1598 485 1681 loquutio,
517 1599 590 1665 Non
613 1611 806 1666 revertetur.
851 1600 977 1682 Nempe
999 1601 1075 1682 quia
1096 1619 1172 1665 suos
1224 1596 1322 1663 bunal
1345 1598 1385 1662 ad
1408 1596 1616 1664 iudicandum
1639 1597 1749 1664 orbem
1771 1598 1977 1678 conscendet,
1999 1598 2197 1680 completum

201 1683 333 1749 habebit
354 1704 545 1767 progressus
568 1685 671 1751 donec
685 1687 802 1753 effectu
817 1687 887 1769 ipso
901 1694 1020 1767 pateat,
1044 1685 1172 1763 alneto,
1223 1684 1264 1747 iri
1287 1683 1372 1765 quod
1396 1684 1465 1748 fieri
1495 1684 1602 1766 coepit
1631 1685 1671 1749 ab
1698 1683 1860 1768 evangelii
1887 1681 2028 1763 exordio,
2057 1692 2090 1748 et
2118 1703 2199 1766 quo·

199 1789 312 1834 verace
341 1780 375 1834 et
401 1771 621 1853 omnipotente
644 1770 716 1836 Deo
745 1791 954 1856 progressum
981 1791 1061 1837 esse.
1106 1770 1172 1835 Re·
1224 1769 1303 1833 tidie
1326 1769 1431 1835 adhuc
1452 1770 1524 1834 fieri
1547 1770 1720 1835 cernimus.
1760 1768 1908 1835 Verbum
1927 1767 2059 1833 iurandi
2081 1789 2198 1848 synec-

199 1856 337 1920 vertitur
359 1854 448 1919 enim
470 1857 588 1938 aliquis
611 1876 713 1939 quum
737 1858 865 1942 longius
888 1855 1041 1941 progredi
1063 1854 1172 1937 aliqua
1224 1854 1358 1921 dochice
1379 1876 1437 1937 pro
1459 1854 1559 1929 cultu,
1589 1856 1784 1931 reverentia,
1807 1856 1859 1921 vel
1886 1853 2086 1920 subiectione
2117 1856 2200 1938 posi·

199 1940 392 2006 difficultate
425 1940 631 2023 prohibetur:
664 1952 699 2007 ιι
727 1943 805 2025 quia
834 1941 918 2007 nihil
948 1941 1077 2006 obstare
1099 1943 1170 2006 Deo
1224 1948 1295 2005 tum
1333 1949 1390 2005 est.
1446 1940 1679 2005 Iusiurandum
1719 1941 1842 2023 species
1881 1950 1932 2007 est
1972 1939 2105 2006 honoris
2142 1941 2198 2024 qui

198 2035 305 2110 potest
334 2028 509 2109 quominus
538 2038 737 2108 exsequatur
765 2029 850 2111 quod
874 2028 1028 2109 decrevit,
1056 2028 1172 2092 merito
1224 2024 1359 2091 debetur
1391 2025 1472 2091 Deo.
1529 2026 1578 2090 Eo
1611 2027 1700 2091 enim
1736 2027 1877 2091 fatemur
1916 2033 1949 2091 et
1988 2026 2199 2110 agnoscimus

197 2111 322 2195 colligit
360 2113 522 2195 propheta
563 2112 645 2177 nihil
684 2134 754 2180 esse
787 2112 873 2196 quod
906 2134 1040 2179 cursum
1074 2112 1171 2178 huius
1222 2111 1329 2193 ipsum
1360 2122 1506 2177 autorem
1536 2131 1607 2176 esse
1640 2120 1673 2177 et
1705 2121 1832 2193 patrem
1861 2110 2021 2191 veritatis,
2054 2120 2087 2177 et
2118 2112 2199 2197 logi·

198 2197 288 2261 verbi
318 2196 483 2280 impediat,
512 2208 569 2263 aut
597 2199 750 2264 retardet.
795 2213 826 2267 ³2
848 2198 910 2264 hoc
940 2198 1009 2265 loco
1032 2219 1091 2281 pro
1113 2219 1170 2262 ex·
1223 2198 1339 2260 timum
1384 2197 1455 2262 eius
1497 2196 1676 2273 vindicem,
1721 2197 1893 2280 omniaque
1932 2193 2021 2262 nuda
2060 2197 2122 2280 ipsi
2161 2202 2197 2264 et

198 2284 338 2365 positiva
355 2283 515 2364 particule
536 2285 638 2366 accipi
660 2282 769 2351 debet:
797 2304 924 2367 nempe,
948 2283 1010 2348 hoo
1033 2286 1169 2350 verbum
1223 2287 1337 2365 aperta
1369 2304 1449 2348 esse.
1501 2283 1614 2364 Quum
1647 2284 1748 2367 igitur
1777 2283 1831 2348 hic
1863 2282 1966 2348 honos
1999 2283 2198 2350 transfertur

198 2374 257 2446 est,
281 2368 359 2433 mihi
377 2370 512 2448 ίὶεειειιιν
533 2388 620 2435 ornae
638 2390 728 2452 penu.
762 2370 835 2436 Hac
857 2370 1047 2453 loquutione
1069 2370 1170 2454 signi·
1223 2367 1264 2432 ad
1293 2367 1398 2450 idola,
1432 2368 1630 2433 exsecrando
1664 2368 1834 2452 sacrilegio
1867 2368 2009 2433 violatur
2042 2370 2197 2436 maiestas

198 2456 275 2519 fioat
296 2464 411 2538 gentes
433 2474 546 2521 omnes
568 2457 636 2519 fore
653 2455 726 2520 Deo
744 2455 916 2540 supplices,
938 2457 1016 2538 quia
1033 2457 1170 2520 mirifica
1222 2453 1297 2517 Dei.
1342 2454 1431 2538 Ergo
1462 2476 1519 2538 per
1542 2455 1645 2537 ipsius
1666 2453 1868 2520 solummodo
1890 2474 2009 2519 nomen
2031 2455 2055 2518 ii
2076 2454 2197 2534 iurant,

195 2539 349 2605 ecclesiae
378 2538 527 2604 liberatio
555 2543 681 2607 cunctis
708 2542 845 2607 incutiet
875 2550 1041 2607 terrorem.
1086 2540 1169 2607 Inde
1222 2540 1277 2622 qui
1300 2560 1381 2623 pure
1403 2540 1511 2623 ipsum
1534 2540 1653 2606 colunt.
1698 2538 1765 2604 Sed
1795 2539 1835 2604 de
1863 2539 1925 2604 hac
1956 2560 1991 2604 re
2021 2539 2099 2605 alibi
2129 2538 2197 2606 dio·

197 2637 305 2689 tamen
328 2625 425 2689 etiam
447 2626 595 2708 sequitur
615 2625 739 2691 cultum
763 2628 833 2691 cius
856 2627 896 2690 ad
919 2647 1031 2691 omnes
1055 2636 1169 2710 gentes
1222 2634 1291 2689 tum
1314 2637 1373 2689 est.

200 2710 447 2792 propagandum
469 2731 549 2776 esse.
582 2712 650 2777 Nec
672 2714 758 2776 anim
778 2733 855 2776 vere
871 2732 1044 2793 possumus
1058 2732 1166 2778 coram
1306 2709 1359 2775 24.
1392 2709 1522 2793 (Utique
1549 2712 1585 2775 in
1617 2709 1777 2794 Destino.)
1829 2706 1984 2773 Ostendit
2016 2708 2122 2790 qualis
2154 2708 2196 2773 sit

196 2795 268 2859 Deo
291 2815 428 2859 curvare
450 2816 547 2877 genu,
571 2798 634 2863 nisi
653 2798 743 2879 prius
762 2797 855 2862 nobis
873 2798 1062 2861 innotuerit.
1097 2794 1168 2860 Deo
1221 2816 1302 2860 vera
1323 2794 1412 2873 fides,
1433 2816 1594 2878 verusque
1616 2795 1681 2860 Dei
1704 2796 1826 2861 cultus:
1856 2815 1972 2877 nempe
1995 2814 2097 2876 quum
2128 2813 2195 2858 non

197 2880 327 2961 quidem
359 2881 469 2963 ignoto
500 2880 649 2947 homines
683 2882 808 2948 cultum
841 2882 982 2965 aliquem
1015 2880 1169 2946 exhibere
1221 2889 1349 2945 tantum
1383 2881 1603 2964 agnoscimus,
1644 2890 1700 2945 aut
1740 2890 1849 2946 mente
1889 2879 2195 2962 comprehendimus

197 2975 349 3046 possunt:
380 2965 436 3029 sed
466 2966 567 3030 fallax
597 2977 648 3031 est
677 2977 774 3050 atque
802 2968 921 3033 inanis.
968 2967 1033 3032 Hic
1059 2980 1167 3031 autem
1221 2965 1364 3049 aliquem
1386 2987 1456 3032 esse
1474 2965 1595 3050 Deum,
1618 2966 1674 3033 sed
1692 2966 1791 3030 etiam
1811 2966 1971 3031 sentimus
1989 2965 2094 3048 qualis
2115 2986 2195 3115 erfia

196 3050 340 3133 loquitur
370 3050 409 3115 de
438 3071 519 3115 vera
547 3052 755 3135 professione,
785 3074 867 3136 quae
895 3074 937 3118 ex
966 3053 1083 3117 notitia
1106 3053 1168 3117 Dei
1220 3072 1281 3117 nos
1302 3072 1373 3118 esse
1395 3051 1484 3119 velit.
1530 3052 1689 3135 Quisquis
1718 3054 1804 3117 enim
1827 3058 1998 3118 contentus
2020 3050 2083 3115 erit
2105 3071 2194 3116 nna

197 3137 327 3218 penitus
349 3137 466 3201 animis
489 3138 589 3203 insita
610 3140 761 3204 nascitur.
806 3139 891 3203 Nam
920 3138 975 3203 ubi
1005 3137 1095 3203 nulla
1117 3143 1168 3202 est
1220 3138 1345 3217 notitia,
1368 3137 1545 3220 plurimum
1568 3139 1739 3204 aberrata
1761 3138 1833 3215 fide,
1863 3157 1945 3218 quae
1968 3156 2028 3202 noe
2050 3135 2122 3200 Deo
2145 3137 2195 3201 ita

197 3222 288 3301 fides,
311 3222 423 3287 nullus
446 3223 508 3287 Dei
530 3222 637 3288 cultus
666 3245 737 3289 esse
766 3233 881 3306 potest.
927 3224 1027 3289 Fides
1056 3235 1168 3288 autem
1220 3223 1417 3307 coniungere
1450 3222 1546 3289 debet
1578 3232 1615 3289 ut
1654 3224 1762 3308 ipsum
1795 3224 1975 3289 sentiamus
2008 3222 2044 3286 in
2085 3221 2196 3287 nobis:

196 3327 263 3371 non
293 3318 342 3373 est
369 3309 415 3371 rei
438 3308 569 3391 ignotae
598 3321 655 3373 aut
682 3310 836 3375 incertae.
880 3309 1023 3375 Proinde
1053 3329 1122 3374 rem
1149 3329 1168 3374 a
1219 3309 1318 3375 sicuti
1345 3309 1470 3375 Paulus
1498 3308 1667 3375 Christum
1698 3309 1769 3374 vult
1804 3308 1953 3373 habitare
1980 3308 2014 3371 in
2043 3306 2195 3373 cordibus

196 3394 291 3476 signo
313 3395 449 3475 notavit,
476 3404 514 3458 ut
543 3394 672 3477 saepius
702 3395 773 3460 fieri
801 3396 893 3462 solet.
939 3393 1036 3461 Unde
1062 3395 1169 3460 obser·
1220 3395 1348 3476 piorum
1378 3394 1562 3477 perfidem
1593 3393 1870 3480 (Ephes.3,ll).
1921 3393 1990 3458 Neo
2020 3393 2106 3457 enim
2136 3393 2195 3475 qui

198 3478 340 3543 vandum
362 3488 421 3556 eet,
445 3491 618 3544 externum
640 3482 737 3545 etiam
756 3482 880 3547 cultum
902 3481 1025 3562 requiri
1047 3479 1167 3545 aDeo.
1219 3479 1328 3545 Deum
1344 3481 1544 3564 imaginatur
1558 3481 1699 3546 otiosum
1720 3482 1754 3545 in
1770 3480 1858 3546 coelo
1873 3478 1996 3556 sedere,
2016 3477 2067 3541 vel
2082 3497 2194 3542 coram

198 3564 267 3629 Nec
288 3567 374 3629 enim
397 3565 557 3649 propheta
579 3574 748 3631 externam
776 3568 1008 3649 professionem
1037 3565 1168 3648 religio-
1219 3565 1289 3647 ipso
1306 3565 1431 3632 sincere
1450 3565 1685 3645 humiliabitur,
1701 3564 1755 3631 vol
1770 3565 1804 3629 in
1822 3564 1940 3630 seriam
1958 3563 2194 3645 professionem

197 3652 249 3714 nis
279 3651 318 3714 ab
348 3651 502 3716 interiore
529 3652 629 3715 animi
662 3653 780 3719 affectu
813 3652 980 3735 disiungit.
1028 3652 1168 3716 Frustra
1219 3659 1379 3734 erumpet.

196 3735 298 3817 igitur
327 3737 458 3801 fanatici
489 3736 621 3818 quidam
644 3758 679 3802 ee
701 3737 809 3804 Deum
835 3738 941 3803 colere
963 3742 998 3800 et
1019 3738 1168 3801 venerari
1303 3736 1464 3820 (Iustitiae
1495 3740 1523 3802 et
1554 3735 1670 3820 robur.)
1714 3734 1801 3817 Quia
1831 3734 1911 3800 haec
1933 3732 1998 3800 duo
2019 3735 2128 3817 praeci
2152 3754 2195 3800 ua

196 3820 330 3899 iactant,
355 3821 432 3885 dum
455 3842 563 3887 coram
581 3822 675 3886 idolis
691 3844 762 3889 sese
778 3826 998 3906 prosternunt.
1018 3821 1166 3901 Ilrustra,
1218 3829 1297 3884 sunt
1324 3821 1439 3886 salutis
1468 3829 1599 3886 nostrae
1626 3821 1743 3905 capita,
1773 3821 1852 3887 dum
1882 3829 2059 3902 utrumque
2081 3842 2100 3885 a
2123 3756 2195 3886 fleo

196 3907 341 3988 inquam,
364 3906 545 3971 obtendunt
566 3917 710 3973 mentem
733 3909 880 3973 suumin
898 3905 1007 3972 Deum
1026 3915 1166 3971 erectam
1218 3926 1254 3970 se
1276 3905 1396 3972 habere
1426 3906 1538 3972 fideles
1568 3908 1774 3990 profitentur,
1802 3906 1940 3972 solidam
1969 3905 2082 3995 beatae
2105 3906 2194 3972 ritae

130 3997 132 3999 ’
196 4011 284 4055 esse:
315 3992 469 4074 quoniam
492 3992 592 4056 animi
614 3992 722 4058 cultus
744 3996 785 4059 ab
807 4002 946 4059 externa
969 3993 1168 4074 professione
1218 3990 1348 4057 laudem
1381 3993 1416 4056 in
1444 4013 1519 4057 eum
1546 3994 1795 4060 transscribant.
1850 3990 1948 4074 Quod
1982 4000 2092 4057 autem
2126 3993 2196 4058 eius

196 4076 299 4140 dividi
323 4096 387 4140 non
411 4085 534 4159 potest:
564 4077 661 4143 sicuti
691 4079 800 4143 anima
829 4078 931 4145 dicari
953 4078 1025 4143 Deo
1056 4088 1089 4142 et
1114 4077 1169 4142 ad·
1218 4078 1343 4161 gratiae
1363 4078 1474 4143 ferunt
1496 4086 1673 4162 acceptum,
1696 4079 1759 4146 sibi
1780 4078 1892 4145 deesse
1914 4083 2087 4143 testantur.
2126 4077 2196 4143 Ita·

195 4160 260 4227 dici
295 4163 418 4244 nequit,
451 4173 487 4226 ut
516 4163 648 4228 interim
680 4184 796 4247 corpus
830 4165 956 4230 diabolo
989 4163 1166 4229 addicatur.
1219 4183 1280 4245 que
1303 4174 1485 4246 agnoscunt
1507 4164 1569 4230 sibi
1591 4164 1675 4229 nihil
1697 4177 1754 4231 aut
1776 4166 1916 4231 iustitiae
1936 4168 1993 4227 ιιιι
2010 4163 2130 4229 virium
2152 4183 2195 4229 ex

195 4246 380 4330 Utrumque
410 4248 499 4310 enim
532 4247 604 4313 Dec
636 4250 819 4316 consecrari
853 4249 959 4330 debet,
992 4258 1089 4332 atque
1122 4249 1168 4314 ιιι
1218 4269 1253 4313 se
1282 4249 1362 4330 ipsis
1390 4268 1474 4314 esse:
1505 4248 1562 4315 sed
1590 4250 1627 4315 in
1655 4251 1723 4318 solo
1746 4252 1816 4316 Deo
1846 4254 2019 4334 quaerunt,
2053 4258 2091 4315 ut
2122 4249 2195 4316 iure

193 4353 271 4397 cum
294 4333 392 4396 animi
414 4333 504 4398 cultu
527 4343 665 4399 externa
682 4355 807 4418 quoque
828 4335 984 4418 professio
1001 4335 1167 4420 coniungi.
1219 4354 1277 4399 suo
1300 4355 1365 4398 non
1389 4334 1568 4400 fraudetur.

195 4416 306 4483 Corde
328 4417 414 4481 enim
437 4416 582 4483 creditur
603 4418 643 4483 ad
666 4421 842 4486 iustitiam:
871 4441 926 4487 ora
954 4430 1065 4486 autem
1094 4442 1169 4486 con-
1304 4418 1373 4505 (Aa
1394 4440 1463 4485 eum
1485 4440 1583 4503 usqae
1602 4419 1724 4506 ιιιιιι.)
1758 4422 1823 4487 Hic
1840 4422 1970 4489 variant
1985 4424 2192 4507 interpretes.

195 4501 294 4567 fessio
323 4504 361 4567 fit
384 4503 424 4567 ad
446 4503 592 4568 salutem.
637 4504 733 4571 Unde
761 4507 858 4570 etiam
880 4505 1042 4572 Dominus
1064 4505 1167 4590 pieta·
1218 4505 1248 4570 lt
1324 4517 1435 4570 tamen
1468 4507 1659 4590 simpliciter
1696 4508 1844 4593 intelligo
1883 4508 1972 4573 hunc
2013 4509 2119 4574 locum
2153 4507 2194 4574 de

196 4598 263 4653 tem
284 4608 420 4653 suorum
439 4601 534 4673 atque
552 4590 773 4676 integritatem
792 4592 932 4674 probans
951 4593 1006 4675 ait,
1028 4612 1084 4657 eos
1102 4613 1167 4657 non
1219 4591 1371 4657 fislibus
1399 4591 1455 4675 qui
1484 4613 1520 4658 se
1548 4591 1621 4658 Deo
1651 4592 1843 4675 subiiciunt,
1877 4605 1914 4660 ut
1946 4602 2074 4661 constat
2106 4594 2192 4658 ratio

195 4674 325 4739 flexisse
357 4693 445 4757 genu
477 4683 554 4740 ante
587 4677 679 4742 Baal.
730 4676 855 4743 Paulus
887 4676 998 4762 (Rom.
1029 4677 1081 4758 14,
1114 4677 1168 4764 11)
1218 4675 1419 4743 antitheseos
1450 4678 1537 4742 inter
1569 4679 1657 4761 ipsos
1686 4689 1719 4744 et
1748 4679 1901 4758 rebelles,
1935 4681 1992 4763 qui
2024 4690 2194 4745 contuma-

197 4758 286 4826 hunc
319 4758 424 4824 Isaiae
456 4758 562 4827 locum
596 4772 742 4828 extremo
782 4762 903 4829 iudicio
935 4762 1167 4844 accommodat,
1219 4763 1300 4827 citer
1327 4760 1398 4828 Deo
1427 4762 1583 4829 obsistere
1612 4785 1678 4828 non
1707 4764 1870 4832 desinunt.
1922 4765 1978 4832 Sic
2006 4766 2108 4850 igitur
2134 4784 2194 4830 ex·

196 4844 273 4908 dum
306 4844 347 4909 ad
376 4845 520 4910 tribunal
554 4846 677 4913 Christi
717 4846 868 4914 omnibus
907 4848 1062 4914 standum
1095 4869 1167 4916 esse
1218 4867 1320 4930 pono:
1362 4847 1429 4929 Qui
1460 4849 1617 4913 iustitiam
1650 4869 1744 4915 suam
1777 4852 1810 4916 in
1844 4852 1916 4917 Deo
1949 4851 2088 4917 locatam
2120 4871 2193 4918 esse

196 4929 288 4996 dicit:
322 4950 424 5012 quum
453 4940 562 4996 tamen
592 4931 645 4999 hic
667 4933 708 4999 de
736 4933 847 5018 populi
864 4933 1101 5019 'redemptione
1134 4943 1168 5001 et
1217 4933 1417 5011 fatebuntur,
1442 4933 1483 4999 ad
1511 4954 1586 4999 corn
1615 4934 1779 5003 accedent.
1823 4937 1995 5021 Significat
2021 4935 2109 5002 enim
2138 4956 2193 5005 uc-

195 5013 413 5098 publicatione
441 5037 526 5082 evan
551 5017 604 5082 elii
633 5028 665 5084 et
694 5019 888 5086 stabiliendo
910 5019 1037 5087 Christi
1064 5041 1166 5105 regno
1217 5039 1345 5086 cessum
1370 5028 1483 5102 patere
1508 5018 1548 5084 ad
1573 5018 1682 5086 Deum
1707 5043 1765 5105 per
1789 5023 1904 5090 fidem:
1928 5030 1967 5087 ιιι
1985 5029 2192 5105 praesentem

194 5109 322 5184 agatur.
366 5101 491 5167 Verum
514 5038 551 5167 id
569 5122 630 5185 pro
657 5105 803 5172 confesso
831 5105 932 5172 sumit
953 5105 1038 5190 quod
1061 5107 1167 5172 omni·
1217 5125 1293 5170 eum
1308 5105 1452 5185 sentiant
1466 5105 1649 5191 quicunque
1665 5108 1824 5174 iustitiam
1843 5127 1937 5174 suam
1955 5108 1991 5173 in
2009 5109 2080 5192 ipso
2094 5109 2193 5177 sitam

196 5185 256 5252 bus
287 5191 402 5253 notum
435 5208 506 5253 esse
539 5186 644 5267 debet,
677 5212 760 5274 quae
792 5190 834 5257 ad
866 5211 1007 5276 regnum
1040 5190 1167 5259 Ohristi
1218 5210 1289 5257 esse
1312 5198 1502 5276 agnoscunt.
1535 5192 1581 5258 ldt
1601 5202 1691 5261 certe
1712 5214 1809 5260 nemo
1827 5195 1889 5259 nisi
1908 5193 1980 5259 Deo
2000 5194 2192 5263 reconcilia·

194 5273 359 5354 pertinent
381 5268 422 5339 ad
443 5272 584 5357 aliquam
603 5276 676 5342 eius
701 5285 829 5362 partem
851 5276 1077 5362 restringenda
1099 5296 1167 5343 non
1215 5282 1271 5343 tus
1292 5277 1433 5344 libenter
1453 5296 1595 5362 unquam
1624 5278 1664 5344 ad
1693 5300 1767 5346 eum
1798 5278 1944 5346 accedet:
1974 5280 2052 5364 quin
2080 5281 2192 5367 potius

1973 5383 1988 5414 ί

1936 5382 1973 5439 10
