4784 5970
200 364 263 430 105
761 396 763 401 ·
1045 359 1196 427 OAPUP
1217 360 1347 426 XLIV.
1822 404 1827 411 -
2132 360 2194 427 106

285 552 316 616 2.
355 550 424 638 (Sic
458 551 535 617 dicit
571 549 684 614 Iebooa
719 550 819 632 factor
853 547 949 633 tace.)
1011 548 1171 630 Quamvis
1222 548 1417 616 consolatio:
1447 547 1498 613 Ne
1520 547 1636 614 timeas
1658 548 1775 631 pusille
1797 569 1890 634 grex,
1915 547 1991 631 quia
2011 547 2100 631 patri
2121 570 2194 615 meo

200 639 347 721 asperius
370 637 560 702 tractaverit
581 636 729 712 Iudaeos,
759 644 796 700 ut
817 656 919 719 prava
941 636 1031 700 omni
1052 634 1171 700 fiducia
1223 635 1257 699 in
1276 642 1309 699 te
1327 633 1554 717 complacitum
1576 642 1626 700 est
1647 633 1741 720 (Luc.
1761 636 1810 716 12,
1825 632 1891 719 32).
1931 633 1977 698 Et
1998 639 2086 700 certe
2108 635 2194 700 inter

200 723 361 789 exinaniti
393 722 584 806 suppliciter
611 721 652 786 ad
682 721 746 786 Dei
776 721 915 805 gratiam
948 721 1170 805 confugerent,
1222 719 1413 793 discrimina
1448 740 1530 801 quae
1566 718 1711 803 undique
1747 731 1886 787 mertem
1923 720 2090 785 minantur
2126 741 2193 786 non

199 831 287 876 nuno
319 809 424 874 amico
456 807 641 888 blandoque
674 826 825 871 sermone
853 827 909 872 eos
936 807 1086 872 suaviter
1115 807 1169 872 de·
1222 805 1310 871 aliud
1340 819 1390 871 eat
1412 804 1454 870 ad
1475 804 1636 872 sedandos
1657 817 1764 872 metue
1786 805 1982 885 remedium,
2015 805 2078 870 nisi
2107 807 2193 889 quod

199 897 329 972 mulcet,
364 906 400 959 ut
427 896 533 959 sciant
563 891 687 957 nullam
715 912 750 957 se
778 893 884 958 facere
917 892 1077 958 iacturam
1108 892 1170 956 sibi
1222 892 1313 957 Deus
1334 892 1449 956 favore
1471 911 1529 956 suc
1552 912 1612 958 nos
1633 892 1805 975 complecti
1833 893 2071 975 dignatusest,
2100 906 2136 957 ut
2158 896 2192 956 in

199 981 279 1065 ipsis
312 979 540 1045 renuntiando.
584 978 702 1060 Itaque
735 977 976 1044 subaudiendus
1009 978 1062 1043 hio
1091 987 1170 1043 sunt
1220 986 1417 1060 perpetuum
1446 986 1565 1043 servet.
1607 975 1723 1042 Delecti
1752 999 1830 1063 ergo
1857 977 1990 1042 nomine
2016 979 2120 1061 magis
2141 978 2192 1041 in-

199 1066 394 1131 antitheses:
429 1066 479 1130 su
509 1063 639 1147 quidem
662 1060 760 1128 Iacob
789 1063 902 1129 nullus
924 1065 959 1128 in
982 1073 1015 1129 te
1036 1084 1081 1141 ea,
1111 1061 1168 1128 sed
1220 1062 1338 1142 calcat,
1367 1062 1430 1128 hoc
1452 1083 1471 1127 a
1493 1065 1599 1145 gratia
1627 1070 1660 1127 et
1688 1062 1837 1130 libertate
1859 1061 1923 1126 Dei
1944 1061 2096 1145 pendere.
2140 1062 2193 1127 Ad

198 1152 290 1218 Deus
312 1151 407 1217 fictor
430 1162 507 1216 tuus
529 1172 595 1215 non
618 1153 804 1214 contemnet
830 1169 912 1232 opus
933 1170 1045 1215 suum:
1076 1148 1169 1213 nulla
1220 1169 1254 1213 ss
1277 1148 1362 1212 enim
1386 1159 1527 1227 revocat,
1557 1149 1682 1232 sibique
1704 1151 1837 1214 omnino
1860 1146 2014 1213 adscribit
2037 1147 2194 1231 quidquid

198 1247 232 1303 te
254 1236 407 1303 nobilitas
429 1237 558 1319 generis
581 1234 621 1300 ab
642 1232 779 1300 interitu
802 1237 969 1313 eximeret,
992 1234 1048 1300 sed
1069 1233 1167 1316 adop·
1219 1234 1339 1315 populo
1360 1235 1469 1298 inerat
1490 1233 1576 1298 honi.

198 1324 254 1402 tio,
277 1344 341 1407 qna
363 1331 397 1388 te
415 1321 568 1405 dignatus
590 1329 639 1385 est
660 1320 809 1386 coelestis
831 1330 932 1405 pater,
954 1321 1035 1386 satis
1057 1339 1167 1401 super·
1305 1319 1336 1385 3.
1370 1317 1469 1405 (Quia
1501 1319 1659 1401 effundam
1691 1319 1816 1406 aquas.)
1869 1319 1985 1404 Pergit
2017 1319 2051 1382 in
2080 1318 2192 1384 eodem

198 1429 261 1491 que
288 1408 411 1473 valebit
440 1407 481 1472 ad
509 1422 541 1471 te
570 1405 805 1471 redimendum.
855 1405 958 1472 Porro
991 1405 1166 1470 tenendum
1219 1413 1431 1487 argumento:
1466 1426 1503 1470 ac
1536 1405 1634 1469 simul
1666 1405 1809 1487 explieat
1842 1404 1938 1487 quale
1970 1406 2116 1470 futurum
2150 1406 2194 1470 sit

198 1502 247 1558 est
270 1494 355 1577 quod
377 1513 472 1576 saepe
494 1492 633 1557 antehae
661 1492 743 1574 dixi,
774 1512 839 1556 non
861 1492 951 1574 loqui
973 1491 1167 1574 prophetam
1219 1491 1380 1555 auxilium
1403 1489 1485 1554 illud
1511 1488 1597 1572 quod
1625 1492 1785 1573 promisit.
1832 1489 1970 1573 Semper
1993 1499 2100 1554 autem
2124 1511 2192 1556 me·

198 1581 239 1643 ds
260 1580 366 1662 prima
387 1579 550 1644 creatione
573 1598 638 1660 qua
660 1578 807 1642 homines
835 1579 1016 1642 nascimur:
1048 1576 1104 1643 sed
1128 1575 1167 1640 de
1219 1577 1323 1640 moria
1346 1576 1522 1641 tenendum
1545 1585 1603 1653 est,
1634 1576 1669 1640 in
1692 1575 1771 1641 illud
1795 1577 1890 1642 triste
1913 1585 1946 1641 et
1967 1575 2192 1641 calamitosum

198 1665 447 1748 regeneratione
477 1682 560 1746 quae
582 1673 633 1728 est
655 1664 767 1729 electis
789 1664 920 1745 proprie
942 1674 975 1727 at
996 1662 1168 1747 peculiaris
1220 1672 1351 1744 tempus
1373 1662 1512 1728 conferri
1531 1661 1590 1727 has
1607 1662 1797 1746 prophetias
1818 1662 1912 1728 ouius
1930 1671 2005 1726 ante
2024 1661 2191 1725 meminit:

198 1760 235 1815 ut
256 1751 362 1816 locum
396 1751 429 1814 in
457 1749 594 1814 ecclesia
615 1750 678 1814 Dei
709 1749 886 1813 obtineant.
930 1748 981 1815 Nc
1003 1768 1081 1813 vero
1110 1747 1167 1811 ho·
1220 1767 1338 1830 nempe
1364 1768 1470 1831 ¹quum
1502 1747 1760 1830 deploratissimo
1793 1767 1905 1812 rerum
1935 1753 2023 1813 statu
2053 1747 2193 1830 populus

197 1837 301 1901 mines
323 1834 386 1900 sibi
407 1835 582 1916 quidquam
606 1847 777 1919 arrogent,
807 1835 898 1916 quasi
921 1834 1027 1917 ipsum
1051 1853 1167 1916 provo·
1220 1833 1352 1897 omnino
1385 1853 1420 1898 se
1450 1831 1641 1897 destitutum
1670 1832 1822 1898 arbitrari
1851 1841 1987 1916 poterat,
2018 1853 2193 1917 omnesque

197 1922 302 1988 carim
332 1931 370 1985 ut
398 1923 444 1986 eis
476 1921 693 1996 benefaceret,
728 1918 818 1984 addit
848 1920 1000 2002 fmmotor
1027 1925 1102 1985 taus
1129 1917 1168 1982 ab
1219 1916 1284 1982 Dei
1305 1918 1537 2001 promissiones
1559 1919 1673 1984 inanes
1695 1940 1775 1984 esse.
1816 1919 1905 1984 Huic
1927 1917 2122 1983 dubitationi
2144 1938 2193 1984 oe·

194 2013 286 2072 atero.
331 2005 461 2087 Quibus
495 2007 594 2071 etiam
623 2005 734 2070 verbis
765 2005 879 2070 foedus
912 2004 1167 2070 haereditarium
1220 2004 1322 2069 currit
1350 2004 1470 2068 Isaiae:
1508 2012 1604 2087 atque
1641 2003 1799 2088 populum
1828 2014 1996 2086 comparat
2023 2003 2132 2068 aridae
2160 2015 2194 2068 et

195 2092 261 2157 illis
291 2093 460 2175 proponit,
493 2111 558 2173 quo
588 2090 680 2156 Dens
708 2090 855 2155 nendum
884 2092 1011 2173 genitos
1041 2090 1102 2155 sibi
1131 2090 1166 2152 in
1219 2088 1402 2154 siticulosae
1425 2101 1540 2168 terrae,
1563 2088 1680 2173 cuique
1701 2090 1785 2155 nihil
1808 2091 1941 2154 omnino
1964 2102 2111 2172 superest
2133 2088 2193 2153 hu·

196 2178 359 2262 peculium
391 2187 629 2261 segregaverat.
675 2174 773 2256 Quod
801 2174 843 2241 ad
869 2195 1043 2260 personam
1070 2173 1167 2239 Iacob
1219 2177 1330 2240 moris.
1386 2174 1461 2255 Qua
1497 2175 1711 2240 similitudine
1743 2175 1855 2241 David
1892 2175 1991 2239 etiam
2027 2175 2192 2240 miseriam

196 2263 327 2344 quidam
351 2264 411 2328 hoc
434 2264 594 2337 referunt,
628 2263 705 2343 quia
735 2262 846 2326 fratris
879 2261 994 2344 pedem
1025 2260 1167 2325 tenendo
1219 2259 1763 2411 snamdeolarat(Psal.143,6ffl.
1799 2262 1889 2345 Ergo
1911 2269 2076 2343 utcunque
2098 2261 2193 2326 malie

195 2350 326 2432 insigne
354 2348 521 2413 electionis
543 2369 620 2412 suae
641 2347 806 2428 specimen
836 2346 987 2425 ediderit,
1017 2358 1166 2414 coactum
1219 2346 1394 2412 exhaustos
1423 2347 1574 2412 deficeret
1604 2347 1714 2412 vitalis
1765 2367 1875 2425 umor,
1909 2367 1950 2410 ne
1982 2358 2092 2412 tamen
2125 2346 2193 2410 ani·

196 2446 254 2500 est.
299 2435 371 2516 Ego
400 2434 509 2516 itaque
538 2433 637 2498 latius
665 2433 878 2515 interpretor:
914 2453 1030 2515 nempe
1052 2434 1165 2498 Domi·
1219 2451 1309 2495 mum
1339 2434 1373 2496 in
1402 2433 1560 2497 extremis
1589 2431 1753 2516 angustiis
1783 2433 1969 2509 obiicerent,
2004 2431 2089 2496 hanc
2123 2453 2194 2513 pro·

195 2541 276 2584 num
305 2520 423 2601 populo
451 2539 510 2584 suo
540 2517 724 2583 beneficum
754 2525 786 2583 et
813 2519 979 2582 liberalem
1010 2517 1050 2582 ab
1072 2519 1166 2581 initio
1220 2517 1337 2598 phetae
1360 2519 1559 2583 sententiam
1589 2519 1649 2583 sibi
1680 2538 1862 2600 proponere
1889 2516 2080 2582 debuerunt.
2125 2517 2193 2582 Nos

196 2606 303 2679 fuisse,
333 2617 365 2668 et
387 2605 602 2669 antevertisse
629 2606 737 2668 omnia
759 2606 892 2668 merita:
923 2604 999 2686 quia
1022 2604 1167 2686 gratuito
1219 2623 1346 2685 quoque
1368 2623 1469 2685 quum
1496 2604 1532 2666 in
1562 2624 1692 2668 summa
1722 2603 1867 2685 pericula
1892 2602 2102 2681 adducemur,
2131 2622 2192 2667 nec

195 2693 303 2773 ipsum
337 2690 507 2770 formavit,
548 2709 584 2754 ac
617 2690 769 2771 deinceps
805 2689 916 2753 omnia
948 2689 978 2753 ei
1012 2689 1167 2753 beneficia
1219 2689 1396 2769 quidquam
1425 2689 1513 2753 aliud
1547 2709 1644 2770 quam
1678 2700 1881 2769 praesentem
1915 2699 2053 2752 mortem
2084 2690 2191 2752 animo

195 2777 298 2859 gratis
321 2776 491 2857 praestitit.
1218 2772 1541 2856 comprehendemus,
1572 2772 1611 2836 ad
1635 2773 1716 2837 haec
1739 2775 1897 2855 promissa
1925 2793 2087 2855 peraeque
2114 2793 2191 2838 con·

281 2859 540 2946 (acuitatem.)
586 2860 651 2924 Alii
673 2857 873 2923 subaudiunt
894 2857 1071 2923 relativum
1095 2859 1167 2941 qai:
1218 2858 1330 2941 fugere
1357 2868 1493 2941 oportet,
1524 2858 1640 2940 quibus
1669 2858 1826 2923 adversus
1855 2879 1968 2924 omnes
1997 2858 2192 2924 tentationes

196 2966 233 3011 ao
262 2948 290 3012 si
321 2947 441 3010 diecret
473 2945 661 3010 Auxiliator
694 2954 786 3008 tuns:
821 2944 1022 3010 commodius
1055 2955 1166 3008 tamen
1219 2945 1447 3010 sustineamur.
1481 2944 1612 3010 Interea
1630 2944 1816 3009 ariditatem
1834 2953 1980 3009 nostram
1998 2954 2032 3009 et
2048 2944 2192 3026 inopiam

196 3032 326 3097 videtur
348 3051 495 3095 seorsum
517 3033 670 3112 accipere.
716 3029 846 3094 elarius
868 3029 982 3095 fuisset
1003 3031 1038 3093 in
1061 3031 1167 3111 prima
1219 3051 1238 3094 a
1271 3031 1362 3095 nobis
1393 3031 1507 3095 sentiri
1540 3051 1578 3096 ac
1610 3030 1733 3113 percipi
1766 3050 1898 3096 necesse
1931 3040 1993 3109 est,
2027 3041 2063 3094 ut
2095 3030 2191 3094 istam

195 3135 351 3201 persona:
380 3116 575 3181 Auxiliabor
597 3116 664 3180 tibi.
710 3113 777 3180 Sed
799 3115 833 3178 in
856 3115 984 3197 reipsa
1013 3114 1094 3178 nihil
1117 3122 1167 3179 cst
1219 3134 1374 3196 aquarum
1406 3115 1629 3200 irrigationem
1663 3115 1829 3182 famelicae
1862 3115 1990 3180 animae
2018 3115 2191 3197 excipiant.

197 3202 403 3268 discriminis.
439 3200 576 3267 Summa
599 3202 663 3267 huc
682 3198 795 3279 tendit,
818 3200 959 3265 eundem
981 3200 1036 3283 qui
1057 3199 1167 3282 populi
1219 3200 1308 3281 Quid
1331 3222 1389 3284 per
1411 3222 1512 3284 aquas
1535 3212 1568 3266 et
1589 3203 1715 3267 fluenta
1743 3201 1916 3285 intelligat,
1946 3201 2015 3284 ipse
2038 3201 2190 3283 exponit:

196 3299 322 3354 creator
344 3296 403 3362 est,
433 3297 563 3367 praesto
594 3288 660 3351 iore
682 3287 722 3350 ad
746 3287 817 3350 eius
848 3286 1008 3350 auxilium
1032 3286 1087 3351 uhi
1110 3306 1165 3368 op·
1219 3307 1336 3368 nempe
1365 3287 1515 3368 spiritum
1546 3309 1651 3354 suum.
1696 3287 1784 3353 Alibi
1814 3307 1943 3370 quoque
1972 3287 2105 3368 spiritus
2128 3287 2192 3351 Dei

195 3383 372 3456 portunum
404 3380 535 3455 tempus
569 3371 747 3437 advenerit.
801 3371 918 3453 Itaque
952 3370 1090 3436 liberum
1124 3373 1168 3435 sit
1219 3384 1354 3436 vocatur
1370 3392 1463 3454 aqua,
1479 3373 1535 3438 sed
1552 3372 1615 3438 alia
1630 3373 1879 3457 significatione.
1911 3372 2022 3451 Quum
2038 3372 2191 3437 Ezechiel

196 3459 371 3541 unicuique
410 3457 584 3522 lectionem
623 3458 743 3541 eligere
779 3477 876 3539 quam
910 3456 1006 3521 volet.
1061 3456 1166 3523 Malui
1219 3455 1285 3541 (36,
1315 3455 1370 3541 25)
1404 3459 1518 3523 tribuit
1550 3459 1679 3540 spiritui
1717 3468 1829 3524 sancto
1862 3478 2021 3539 aquarum
2062 3478 2192 3536 nomen,

196 3554 305 3609 tamen
335 3544 515 3625 simplicem
537 3564 575 3609 ac
596 3545 707 3608 minus
733 3552 880 3608 coactum
895 3550 1036 3607 ‘sensum
1067 3543 1168 3625 sequi,
1220 3542 1318 3606 simul
1348 3543 1550 3626 purgationis
1579 3545 1701 3607 intuitu
1733 3563 1833 3625 aquas
1865 3541 2005 3606 mundas
2038 3542 2190 3625 appellat.

195 3638 232 3695 nt
255 3628 338 3694 nibil
361 3629 582 3695 subandiatur.
627 3628 736 3694 Dictio
760 3641 844 3716 βψ
867 3627 956 3692 varie
982 3628 1167 3709 exponitur.
1220 3628 1340 3694 Postea
1376 3629 1474 3692 etiam
1505 3628 1609 3693 Isaiae
1642 3629 1795 3710 spiritum
1828 3647 1928 3709 aquas
1957 3629 2099 3708 vocabit,
2134 3627 2191 3692 sed

195 3715 263 3780 Alii
286 3717 373 3779 enim
401 3727 504 3781 aaut
532 3714 647 3780 deduci
675 3714 805 3794 volunt,
839 3713 924 3795 quod
955 3723 1004 3777 est
1025 3713 1167 3779 Rectum
1218 3714 1282 3779 alia
1304 3713 1445 3777 ratione:
1468 3715 1553 3796 quod
1572 3713 1694 3779 scilicet
1712 3732 1830 3778 arcanc
1848 3712 1979 3778 virtutis
1996 3734 2075 3778 auae
2096 3734 2191 3780 succo

196 3823 275 3881 esse,
307 3802 359 3863 vel
387 3800 537 3864 Placere:
572 3801 627 3865 alii
657 3822 677 3864 a
704 3812 782 3867 titt:
817 3799 872 3864 alii
901 3799 940 3863 ab
969 3811 1055 3866 ἰιιιι
1100 3796 1166 3864 Sed
1219 3799 1344 3863 animas
1377 3821 1416 3862 ve
1440 3807 1515 3864 etet.
1570 3798 1695 3863 Verum
1730 3799 1828 3864 latius
1861 3807 1973 3881 patent
2005 3799 2085 3865 haec
2117 3820 2191 3883 pro·

194 3889 303 3969 potius
325 3885 366 3950 iis
389 3887 550 3950 assentior
572 3886 628 3967 qui
651 3885 815 3950 Dilectum
839 3894 981 3961 vertunt,
1006 3906 1043 3950 ac
1065 3884 1166 3949 dedu·
1218 3882 1336 3967 phetae
1364 3820 1474 3961 verita,
1506 3884 1582 3966 quia
1611 3884 1664 3950 hic
1693 3906 1761 3949 non
1790 3884 1982 3967 simpliciter
2013 3885 2122 3969 agitur
2152 3885 2192 3950 de

195 3984 274 4037 cuut
295 3991 315 4034 a
336 3970 446 4036 radice
468 3982 546 4036 ttt':
569 3972 748 4052 quostiam
769 3969 991 4035 titulollloses
1013 3969 1166 4053 populum
1218 3970 1333 4052 spiritu
1356 3970 1622 4053 regenerationis,
1652 3970 1710 4035 sed
1738 3969 1853 4035 allusio
1882 3981 1932 4036 est
1953 3970 1993 4036 ad
2022 3973 2192 4036 universa·

194 4057 290 4121 illum
323 4056 463 4139 insignit
494 4057 528 4119 in
561 4057 685 4120 cantico
716 4076 791 4132 suo,
824 4055 922 4120 Dant.
953 4056 995 4120 32
1029 4054 1073 4140 (v.
1103 4054 1166 4141 15).
1218 4055 1282 4121 lem
1306 4056 1446 4138 gratiam
1461 4075 1544 4137 quae
1562 4077 1619 4138 per
1634 4077 1747 4122 omnes
1770 4065 1936 4122 creaturas
1957 4077 2104 4138 expansa
2126 4066 2190 4121 est:

196 4140 358 4222 Quamvis
387 4142 475 4206 enim
506 4140 573 4205 illic
595 4153 719 4205 rectum
750 4141 881 4223 quidam
904 4149 1052 4218 vertant,
1082 4141 1168 4207 siout
1219 4153 1251 4205 et
1284 4141 1376 4205 cuiue
1414 4143 1535 4205 mentio
1568 4143 1606 4205 fit
1639 4141 1771 4207 Psalmo
1802 4141 1865 4206 104
1891 4140 1935 4226 (v.
1958 4141 2023 4226 30).
2067 4142 2192 4206 Emitte

196 4237 231 4292 et
261 4229 322 4293 hoe
352 4229 431 4305 loco,
466 4226 582 4291 melius
612 4226 767 4290 convenit
795 4236 892 4292 vetus
923 4227 1165 4309 interpretatio:
1220 4227 1371 4308 spiritum
1395 4240 1486 4291 tuum
1516 4236 1550 4292 et
1579 4228 1785 4305 creabuntur,
1814 4232 1847 4291 et
1873 4228 2047 4292 renovabis
2076 4227 2192 4292 faciem

195 4313 400 4379 Incrassatus
430 4323 479 4379 est
508 4312 654 4377 dilectus.
703 4311 767 4376 His
796 4323 905 4377 autem
939 4313 1043 4376 titulis
1073 4322 1168 4376 ornat
1219 4321 1336 4376 terrae.
1382 4311 1477 4378 Sicut
1506 4313 1592 4377 enim
1621 4313 1689 4378 illio
1718 4312 1884 4395 praedicat
1912 4311 2023 4378 David
2052 4313 2192 4378 animari

195 4399 349 4480 populum
374 4421 477 4477 suum,
501 4407 538 4462 ut
561 4419 603 4462 ex
625 4397 811 4479 praeteritis
835 4396 999 4464 beneficiis
1021 4418 1111 4479 spem
1132 4397 1167 4460 in
1219 4417 1332 4462 omnes
1354 4398 1469 4462 mundi
1498 4407 1606 4481 partes
1636 4406 1798 4482 quatenus
1828 4418 1983 4463 arcanum
2012 4397 2077 4462 illis
2100 4399 2190 4483 vigo·

194 4494 361 4566 posterum
390 4484 503 4549 Iudaei
534 4483 727 4564 concipiant
770 4481 862 4548 Hace
891 4484 978 4547 enim
1008 4489 1168 4565 perpetua
1218 4503 1288 4548 rem
1310 4483 1401 4548 Deus
1423 4484 1570 4567 inspirat,
1601 4484 1695 4550 deine
1723 4483 1859 4548 instruit
1881 4482 1991 4548 Deum
2015 4486 2137 4549 virtute
2159 4493 2192 4550 et

195 4570 309 4652 regula
342 4570 428 4650 apud
461 4590 574 4634 omnes
606 4571 676 4652 pies
710 4566 820 4651 vigere
853 4568 962 4650 debet,
996 4581 1033 4633 ut
1066 4589 1166 4649 quum
1219 4569 1372 4652 potentia,
1391 4588 1455 4653 qua
1472 4580 1607 4653 repente
1625 4570 1752 4652 quoties
1772 4569 1878 4634 visum
1897 4569 1997 4634 luerit
2015 4569 2190 4652 collapsum

195 4655 441 4719 beneficentiam
466 4655 528 4720 Dei
552 4675 630 4739 erga
652 4675 687 4719 se
708 4654 833 4736 experti
856 4663 941 4733 sunt,
964 4654 998 4719 in
1021 4654 1167 4718 futurum
1218 4652 1299 4720 coeli
1329 4662 1361 4718 et
1391 4665 1499 4719 tarrae
1529 4665 1652 4720 statum
1680 4656 1856 4720 instauret:
1884 4654 1932 4719 ita
1959 4675 2049 4720 nunc
2078 4655 2190 4719 eadem

196 4761 324 4823 quoque
350 4739 456 4821 ipsam
479 4746 677 4823 exspectent.
723 4739 855 4821 Alioqui
886 4740 1021 4804 nimium
1045 4739 1167 4822 ingrati
1218 4741 1342 4804 ratione
1366 4761 1484 4822 equam
1506 4750 1603 4806 vocat
1623 4740 1726 4804 Isaiae
1748 4740 1887 4804 subitam
1915 4740 2066 4805 ecclesiae
2096 4760 2190 4804 reno-

196 4837 308 4904 erunt,
342 4846 401 4892 nec
429 4845 463 4889 se
485 4827 520 4889 in
543 4826 711 4908 promissis
734 4825 798 4891 Dei
827 4827 1030 4907 acquiescere
1057 4834 1166 4890 oeten·
1217 4827 1402 4892 vationem:
1432 4847 1469 4890 ao
1492 4828 1519 4891 si
1543 4826 1665 4893 diceret
1686 4824 1720 4890 in
1744 4825 1878 4890 arbitrio
1901 4827 1964 4891 Dei
1993 4845 2063 4890 esse
2093 4825 2190 4890 eccle-

196 4912 291 4976 deut:
325 4932 407 4994 quae
429 4932 530 4993 quum
558 4913 676 4976 animis
706 4911 827 4977 nestris
856 4912 1044 4990 inhaerent,
1076 4909 1167 4975 hand
1218 4911 1286 4976 siae
1319 4912 1574 4989 restitutionem,
1607 4932 1673 4977 non
1707 4911 1831 4990 minus,
1866 4931 1965 4994 quam
1999 4909 2125 4975 steriles
2157 4920 2191 4976 et

197 4997 294 5063 dubie
317 4997 585 5079 tranquillitatem
609 5007 641 5062 et
663 4998 871 5062 securitatem
901 4997 1069 5062 adierunt:
1100 5016 1166 5061 non
1218 5017 1317 5080 prope
1339 5007 1430 5062 aestu
1453 4998 1593 5063 torridas
1615 5006 1719 5063 terras
1743 5018 1816 5062 rore
1837 4996 1893 5062 vel
1921 4996 2032 5080 pluvia
2061 4997 2191 5062 foecun-

196 5094 233 5148 ut
255 5085 346 5148 omni
369 5083 495 5148 timoris
518 5103 616 5147 sensu
638 5084 733 5149 vacui
755 5084 866 5160 simus,
896 5082 953 5146 sed
976 5088 1013 5147 ut
1035 5103 1166 5147 omnem
1220 5081 1283 5146 dat.
1336 5083 1388 5146 lta
1418 5083 1552 5164 spiritus
1579 5105 1682 5166 aquae
1712 5085 1886 5161 confertur,
1916 5082 1994 5164 quia
2022 5081 2092 5148 sine
2119 5083 2190 5166 ipso

196 5178 320 5233 metum
343 5189 381 5234 ac
404 5168 619 5234 diffidentiam
649 5168 837 5234 eluctemur.
882 5167 1024 5251 Ideoque
1053 5188 1168 5234 rursus
1220 5167 1371 5232 ariditate
1413 5169 1522 5233 omnia
1559 5168 1714 5234 deficiunt
1753 5191 1790 5234 ac
1828 5174 1983 5251 pereunt:
2022 5175 2190 5251 totumque

195 5253 352 5321 inculcat:
374 5255 425 5320 Ne
448 5256 571 5337 timeas,
594 5254 699 5319 Iacob.
738 5255 862 5320 Eodem
883 5256 1025 5337 pertinet
1041 5253 1168 5319 Christi
1220 5253 1380 5319 mundum
1409 5273 1529 5319 arcana
1556 5255 1688 5321 virtutis
1717 5274 1794 5319 suae
1823 5253 2012 5338 irrigatione
2035 5254 2189 5321 vivificat.
