4784 5970
92 368 155 434 521
829 367 880 434 IN
902 367 1153 436 leuamen.
1198 367 1297 435 OAP.
1319 367 1366 434 II.
2038 372 2104 439 522

95 575 194 640 quem
226 554 411 621 haereditas
439 554 522 620 mihi
549 555 701 640 pretiosa,
729 564 887 639 tanquam
910 557 988 624 vitis
1015 577 1072 623 ex·
1125 555 1208 622 nihil
1237 555 1394 639 proficitis
1423 576 1522 638 quum
1552 556 1728 622 obtenditis
1757 558 1865 624 varios
1893 558 2017 626 oolores
2045 581 2103 627 ex·

94 642 226 725 quisita,
257 648 290 706 ιι
312 660 481 790 {onerosa
524 640 594 726 Epo
622 641 722 725 igitur
751 647 779 707 te
803 641 950 727 plantavi
979 655 1072 727 pitu),
1126 640 1290 708 ousandue
1311 642 1490 724 impietatis
1511 652 1641 708 vestrae
1663 662 1778 709 eausa:
1812 644 1938 710 Lavate
1958 665 2028 725 vos,
2049 648 2104 715 aed

95 728 156 793 hoo
189 735 257 806 est,
296 726 445 809 pantavi
477 735 510 792 te
539 728 639 792 vitem
674 747 880 810 generosam,
921 736 957 792 ut
989 728 1073 795 mihi
1125 728 1280 810 iniquitas
1300 732 1405 793 oseba
1425 747 1533 793 eoram
1553 748 1602 792 me
1629 728 1756 814 signeto
1783 735 1897 796 mouet.
1939 731 2104 814 Iroquitur

94 813 229 878 afferres
254 811 409 879 fructum.
455 812 576 892 Totam,
604 813 723 896 inquit,
752 832 854 881 semera
881 812 979 895 fidolo,
1011 814 1073 880 hoo
1126 824 1234 878 autem
1263 813 1423 897 propheta
1452 812 1487 878 in
1515 833 1656 898 persona
1686 813 1760 895 Dei,
1789 834 1852 897 quo
1881 816 1957 900 plus
1984 816 2104 883 habeat

94 907 154 979 est,
175 906 208 962 te
228 896 377 981 plantavi
401 898 436 963 in
465 897 554 964 huno
582 898 692 979 finem,
722 905 759 964 ιιι
792 898 874 963 mihi
909 899 1073 981 proferres
1125 897 1281 982 ponderis
1313 899 1487 976 sententia,
1526 920 1591 982 qua
1622 899 1823 965 damnantur
1856 899 2036 983 Israelitaa,
2069 912 2103 969 ιι

95 990 205 1068 gratos
227 990 260 1048 ιι
280 1002 435 1049 amoenos
456 983 593 1049 fruetus.
637 983 786 1067 Respicit
807 983 861 1050 hio
883 984 975 1051 Deus
997 1006 1072 1068 gra·
1125 1004 1190 1067 qua
1211 1004 1325 1049 omnes
1347 1004 1458 1050 eorum
1482 983 1659 1050 blanditiae
1680 986 1714 1050 in
1733 985 1874 1052 nihilum
1896 986 2102 1070 rediguntur,

94 1070 175 1134 ιιιιιι
198 1087 302 1146 susm,
324 1088 392 1132 non
415 1078 569 1134 naturam
591 1067 714 1152 populi.
759 1069 872 1152 Neque
902 1071 991 1135 enim
1014 1089 1072 1154 po·
1126 1069 1401 1153 quemadmodum
1425 1070 1548 1137 dietum
1571 1070 1644 1135 tuit.
1677 1069 1774 1137 Nitro
1796 1079 1830 1137 ιι
1852 1070 1959 1137 borith
1982 1093 2102 1157 purga·

94 1154 192 1240 pulus
225 1174 370 1236 unquam
404 1155 467 1219 luit
498 1174 611 1219 semen
644 1173 764 1238 verax,
797 1155 1073 1237 quemadmodum
1125 1154 1204 1220 baut
1226 1154 1370 1221 maoulas
1416 1175 1594 1222 annorum:
1628 1164 1663 1222 et
1694 1155 1766 1222 ideo
1795 1157 1975 1223 fullonibus
2005 1179 2103 1242 saepo

94 1241 175 1306 satis
197 1248 311 1304 notum
334 1248 400 1304 est:
424 1239 481 1304 sed
503 1239 556 1306 hie
579 1239 671 1305 Deus
693 1240 836 1306 ostendit
854 1261 918 1324 quo
936 1240 1073 1308 oonsilio
1124 1238 1283 1305 tribuitur
1312 1177 1430 1306 boritz.
1475 1239 1542 1308 Sed
1572 1261 1639 1306 non
1660 1254 1709 1307 est
1731 1244 1830 1308 anxie
1859 1242 2102 1325 disputandum,

94 1324 271 1390 redemerit
304 1326 478 1408 populum,
520 1345 639 1408 nempe
672 1330 710 1389 ut
742 1334 827 1391 esset
859 1326 980 1393 similis
1012 1326 1073 1391 viti
1124 1326 1265 1392 fueritne
1290 1325 1400 1406 herba,
1433 1326 1576 1393 tueritne
1599 1327 1717 1410 pulvis,
1746 1328 1798 1394 rel
1827 1327 1952 1411 aliquid
1981 1327 2100 1395 simile.

94 1411 225 1476 eleotae.
276 1410 430 1491 Quomodo
448 1410 572 1494 igitur?
602 1410 656 1476 hio
679 1411 719 1476 de
747 1412 940 1496 corruptelis
970 1411 1074 1494 loqui·
1125 1411 1178 1477 De
1207 1432 1244 1477 re
1274 1411 1362 1477 enim
1393 1413 1474 1478 satis
1504 1413 1668 1479 eonvenit.
1716 1411 1782 1480 Sed
1812 1413 1971 1497 propheta
1999 1422 2102 1478 meta·

94 1505 150 1562 tur
173 1497 265 1562 Deus
285 1517 344 1580 per
361 1495 620 1575 admirationem,
644 1498 722 1579 quia
743 1497 819 1563 talis
839 1508 910 1562 erat
930 1497 1072 1582 indigui·
1125 1497 1258 1580 phorioe
1289 1499 1393 1582 dooet,
1429 1497 1512 1563 nihil
1543 1499 1625 1564 luori
1653 1499 1761 1566 faeere
1790 1499 1989 1583 hypocritas,
2023 1497 2102 1564 dum

95 1591 163 1658 tas,
223 1601 283 1646 uae
316 1589 425 1663 posset
457 1582 548 1663 quasi
585 1583 740 1647 attonitos
773 1603 886 1648 omnes
917 1581 1072 1648 reddere:
1125 1592 1296 1666 opponunt
1317 1605 1393 1649 suos
1414 1591 1614 1668 praetextus,
1643 1597 1680 1650 ut
1701 1585 1952 1669 subterfugiant,
1975 1585 2103 1666 quoties

94 1602 242 1749 quomogo
269 1667 367 1750 igitur
393 1686 539 1732 muuerso
568 1687 602 1733 es
629 1667 710 1732 miii
738 1668 773 1733 iu
800 1668 1073 1752 degmeratiouee?
1125 1668 1214 1752 ipsos
1238 1669 1348 1754 arguit
1369 1669 1471 1735 Deus.
1515 1668 1606 1735 Dieit
1628 1690 1705 1752 ergo
1734 1690 1847 1736 omnes
1869 1689 1983 1735 eorum
2005 1688 2103 1734 oons-

95 1765 188 1820 n’lto
215 1772 277 1836 ego
298 1752 498 1835 interpretor
520 1751 581 1818 hoo
602 1751 717 1817 modo:
746 1774 932 1837 quanquam
955 1775 1072 1819 nomen
1126 1766 1181 1820 tus
1203 1774 1274 1821 esse
1297 1775 1409 1832 vanos,
1431 1759 1465 1819 ιι
1494 1754 1638 1821 inutiles.
1684 1755 1816 1835 Quare?
1865 1754 2021 1837 Quoniam
2042 1755 2103 1819 iai-

95 1837 182 1922 apud
206 1838 343 1903 Latinos
364 1859 432 1902 non
459 1842 511 1903 eet
539 1838 575 1902 iu
605 1839 770 1904 eommuni
797 1860 876 1905 usu:
906 1838 963 1905 sed
992 1840 1074 1905 mihi
1125 1841 1230 1922 quitos
1251 1841 1393 1921 ipsorum
1413 1841 1673 1924 mememorato,
1695 1840 1833 1918 honest,
1856 1838 2013 1923 quoniam
2035 1859 2102 1904 non

95 1925 174 1988 satis
197 1929 255 2002 est,
284 1923 312 1987 si
346 1931 514 1988 teneamus
543 1923 722 2006 prophetae
749 1934 902 1990 mentem.
946 1925 1074 1990 Nomen
1126 1934 1282 2008 poterunt
1303 1924 1414 1990 eluere
1436 1924 1577 1990 lavando
1595 1924 1682 2007 quod
1703 1927 1900 2008 impressum
1921 1933 1980 1990 est.
2015 1923 2101 1989 Nam

95 2006 157 2074 hoo
186 2006 353 2074 deseendit
380 2020 493 2087 a'tto,
523 2006 609 2091 quod
638 2020 689 2074 est
716 2029 751 2075 se
780 2018 940 2076 avertere.
984 2011 1075 2094 Ergo
1127 2009 1273 2076 maoulae
1295 2018 1432 2094 possunt
1461 2009 1592 2092 quidem
1621 2012 1774 2095 abstergi,
1806 2022 1863 2075 aut
1893 2011 2026 2094 purgari
2049 2010 2101 2075 vel

94 2093 227 2177 proprie
261 2092 435 2159 dicendum
464 2103 561 2177 esset,
589 2095 622 2159 in
653 2096 850 2161 aversiones.
899 2094 966 2161 Sed
996 2116 1075 2179 quo·
1127 2115 1255 2178 sapone,
1273 2094 1326 2161 vel
1344 2096 1416 2160 aliis
1438 2095 1563 2160 herbis:
1585 2095 1641 2161 sed
1665 2096 1719 2161 uhi
1743 2095 1868 2161 maoula
1887 2103 1936 2160 est
1957 2095 2102 2174 interior,

95 2178 185 2243 niam
209 2178 271 2245 hoo
300 2187 387 2244 esset
412 2179 597 2257 obseurum,
628 2179 685 2245 ubi
708 2179 749 2246 de
770 2183 838 2247 vite
860 2182 979 2266 agitur,
1007 2201 1072 2246 nou
1126 2191 1160 2246 ιι
1191 2181 1283 2247 intus
1316 2184 1454 2264 signata,
1487 2179 1571 2245 nihil
1603 2180 1749 2263 proderit
1781 2180 1914 2260 ablutio,
1947 2180 2101 2263 quoniam

95 2261 245 2329 dubitavi
267 2264 388 2348 eligere
409 2265 498 2330 aliud
526 2285 656 2331 nomen.
704 2266 859 2348 Quormo
886 2268 985 2351 igitur
1005 2287 1075 2333 uon·
1127 2274 1222 2331 notae
1244 2265 1320 2332 illae
1341 2267 1390 2330 ita
1410 2266 1589 2348 impressae
1616 2275 1704 2346 sunt,
1733 2276 1771 2331 ut
1793 2286 1875 2348 opus
1897 2265 1940 2332 sit
1962 2264 2027 2329 alio
2049 2285 2101 2329 re·

94 2369 188 2415 uerso
209 2369 242 2415 ee
263 2349 344 2415 mibi
372 2351 407 2414 ia
434 2352 683 2434 deomerutioues
710 2352 784 2418 vitis
814 2352 961 2419 olimae?
1006 2352 1074 2418 Alii
1125 2351 1233 2416 medio
1256 2352 1361 2436 magis
1378 2351 1510 2418 effioaoi.
1549 2349 1606 2418 Sio
1624 2370 1702 2437 ergo
1716 2351 1878 2435 propheta
1895 2350 1976 2415 dioit
1995 2351 2102 2434 ripau-

96 2445 247 2515 rertuut,
283 2437 319 2500 in
355 2446 522 2502 sarmenta
557 2436 707 2501 inutilia:
745 2436 803 2503 sed
840 2438 948 2504 neseio
986 2437 1074 2504 unde
1126 2442 1177 2502 toa
1197 2457 1263 2503 sese
1283 2437 1435 2520 morulas,
1457 2445 1491 2502 et
1512 2435 1585 2503 ideo
1603 2457 1671 2502 non
1689 2457 1784 2522 posse
1802 2437 1944 2520 abstergi
1961 2435 2013 2501 rel
2035 2434 2100 2500 elui

96 2522 306 2604 sumpserint.
353 2522 424 2605 Ego
445 2522 549 2606 igitur
570 2522 698 2587 retineo
721 2522 807 2605 quod
829 2523 935 2607 magis
957 2524 1071 2607 genui·
1126 2541 1256 2606 sapone,
1280 2523 1333 2586 vel
1355 2521 1474 2587 borith.
1520 2520 1586 2588 Sed
1615 2522 1692 2587 dioit
1713 2523 1857 2606 sipuotm
1877 2541 1943 2586 esee
1963 2521 2103 2585 maculas

78 2607 176 2671 'num
200 2616 259 2687 ιιι,
282 2626 401 2690 nempe
422 2608 525 2671 vitem
548 2628 630 2690 quae
653 2616 810 2690 generosa
831 2628 903 2674 esse
926 2607 1073 2689 debebat,
1124 2608 1340 2692 incompacta
1361 2607 1435 2685 Dei,
1456 2608 1610 2689 quoniam
1632 2607 1726 2679 saoile
1749 2617 1819 2673 erat
1840 2606 2001 2671 Israelitis
2024 2628 2043 2671 a
2065 2625 2100 2669 se

95 2692 144 2758 sio
178 2691 402 2775 degenerasse,
439 2703 478 2758 ut
513 2713 580 2757 non
616 2693 762 2775 proferat
797 2693 861 2758 uisi
897 2692 1073 2773 labrusoas,
1124 2692 1286 2775 depellere
1308 2712 1439 2757 omnem
1470 2692 1618 2774 eulpam:
1646 2693 1712 2756 imo
1735 2703 1827 2756 tanta
1849 2689 1984 2757 audaoia
2006 2711 2100 2773 prae·

97 2775 373 2860 quemadmodum
389 2777 486 2843 etiam
507 2775 571 2843 alio
588 2777 659 2843 loeo
674 2777 867 2844 videbimus.
912 2779 958 2843 ιιι
980 2791 1074 2844 rooat
1126 2778 1186 2842 diti
1209 2785 1312 2859 erant,
1340 2787 1378 2841 ut
1404 2777 1513 2859 palam
1535 2777 1744 2861 insurgerent
1772 2787 1888 2842 eontra
1916 2775 2102 2858 prophetas,

97 2863 286 2928 aversiones
300 2864 379 2929 ritis
395 2862 532 2940 alienae,
549 2883 633 2946 quae
647 2861 744 2928 desiit
758 2860 965 2930 soilioetesse
979 2877 1072 2957 p'tltr,
1126 2863 1220 2945 quasi
1243 2864 1336 2929 fieret
1358 2861 1423 2926 illis
1444 2881 1565 2946 magna
1586 2861 1725 2926 iniuria:
1750 2866 1784 2926 ιι
1805 2859 1980 2945 prophetas
2004 2862 2102 2925 etiam

95 2957 131 3012 ιι
149 2967 307 3014 eonversa
329 2957 380 3014 ιιι
400 2950 434 3013 in
458 2950 559 3014 vitem
579 2950 781 3034 sylvestrem,
804 2968 888 3032 quae
911 2970 976 3015 non
999 2971 1073 3033 pro·
1125 2947 1289 3013 vooabant
1310 2947 1545 3023 eonvioiatores
1564 2951 1598 3011 ιι
1614 2946 1807 3012 maledioos:
1829 2946 1902 3012 ideo
1920 2945 2008 3022 dioit,
2033 2945 2103 3009 Iri*

97 3031 187 3098 duoit
208 3034 335 3100 fruetus
365 3034 428 3100 nisi
459 3035 591 3101 aoerbos
614 3033 666 3098 vel
696 3053 842 3100 amaros:
872 3042 906 3100 ιι
934 3034 1073 3119 denique
1124 3034 1230 3114 quitos
1258 3038 1313 3097 tua
1340 3033 1466 3116 sipuoto
1488 3037 1532 3097 eet
1552 3051 1656 3098 eorum
1677 3053 1734 3109 ure,
1765 3033 1825 3098 boo
1848 3041 1906 3110 est,
1935 3039 2103 3113 uteunque

95 3117 152 3183 nbi
176 3119 268 3184 nulla
298 3127 347 3185 est
377 3119 510 3199 utilitas,
541 3119 661 3186 merito
689 3119 782 3187 Dens
808 3124 906 3186 vooat
933 3121 1073 3188 alienam
1126 3130 1159 3183 te
1179 3117 1275 3183 fallas
1295 3118 1360 3183 tuis
1383 3117 1557 3198 blanditiis,
1580 3124 1614 3183 et
1635 3116 1816 3184 abscondas
1833 3117 1931 3182 etiam
1950 3126 2009 3181 tua
2029 3134 2104 3199 peo-

95 3204 208 3269 vitem.
253 3202 422 3286 Sequitur,
1126 3212 1200 3269 oata
1222 3223 1332 3269 eoram
1355 3202 1488 3287 mundo,
1510 3211 1622 3269 ιιιιιιι
1652 3203 1735 3268 nihil
1764 3204 1904 3286 profluis.
1951 3200 2040 3267 Nom
2067 3202 2105 3265 iu

1124 3292 1285 3372 eorrepeetu
1312 3308 1378 3354 meo
1406 3308 1525 3371 ssurpsr
1556 3290 1713 3370 iniquitas
1744 3295 1800 3354 tuo
1831 3290 1958 3372 signato
1990 3291 2105 3352 mouet.

104 3412 107 3417 -
183 3374 235 3438 22.
270 3372 379 3438 Etiam
407 3375 438 3440 si
465 3375 582 3442 laveris
608 3379 637 3441 te
663 3375 748 3442 uitro
780 3374 832 3461 (ut
854 3377 1014 3463 vertum),
1047 3383 1077 3442 et
1126 3375 1246 3440 Postea
1268 3373 1369 3454 addit,

95 3459 355 3542 multiplicaveris
375 3459 433 3524 tibi
454 3459 554 3526 borith
575 3459 644 3546 (alii
662 3470 831 3544 exponunt
853 3462 988 3529 herbam
1012 3463 1074 3529 ful·
1095 3507 1097 3511 v

96 3544 220 3625 lunum,
243 3545 298 3609 alii
321 3564 494 3627 saponem:
517 3544 603 3629 quod
625 3545 668 3612 ad
689 3548 736 3612 rei
758 3566 919 3613 summam
939 3556 1074 3632 speetat
1212 3543 1263 3610 23.
1292 3543 1445 3624 Quomodo
1462 3543 1546 3609 diues
1566 3540 1641 3629 (hoo
1656 3556 1713 3621 est,
1729 3540 1889 3624 quomodo
1908 3541 2002 3607 diois:
2026 3560 2105 3605 nam

95 3630 187 3694 nulla
211 3638 261 3696 est
283 3630 487 3713 ambiguitas,
514 3632 667 3714 quoniam
688 3631 845 3714 intelligit
866 3631 959 3699 Deus
981 3632 1074 3698 nullo
1125 3630 1273 3694 futurum
1297 3639 1425 3709 tempus
1447 3647 1545 3709 saepe
1566 3627 1725 3709 aooipitur
1746 3627 1831 3709 apud
1854 3625 2023 3691 Hebraeos
2045 3645 2105 3708 pro

96 3716 244 3792 artifieio,
266 3714 367 3780 nullis
390 3714 499 3781 herbis
514 3736 610 3802 posse
625 3716 771 3783 maoulas
785 3717 898 3800 populi
914 3718 1074 3804 purgari),
1126 3722 1201 3780 aotu
1223 3711 1585 3810 eontinuoaquomodo
1607 3712 1709 3795 igitur
1732 3711 1834 3862 diois),
1864 3732 1925 3810 uon
1946 3730 2018 3809 sum
2034 3709 2105 3793 pol—

96 3801 255 3881 irupreoao
276 3805 330 3883 art,
351 3801 455 3881 iuquit
483 3800 549 3885 (vel
571 3802 736 3884 insoulpta
763 3809 823 3880 est,
852 3802 907 3868 vel
936 3804 1074 3886 signata,
1125 3799 1201 3879 luto,
1216 3804 1291 3881 poet
1304 3797 1446 3864 *Baalim
1473 3816 1536 3861 uon
1558 3797 1698 3879 profecto
1723 3818 1796 3862 sum
1850 3798 2011 3863 ordeum
2031 3801 2105 3861 tuus

96 3893 136 3949 ut
157 3884 215 3950 alii
237 3884 396 3969 vertunt),
415 3886 571 3966 iniquitas
598 3891 654 3951 tuo
674 3905 778 3952 eorum
798 3886 881 3968 forie
898 3907 978 3968 meu,
1000 3889 1077 3954 dicit
1125 3886 1161 3950 ia
1181 3885 1437 3968 nullumquam
1457 3882 1535 3965 quid
1562 3881 1674 3962 feceris
1702 3884 1902 3950 dromedarie
1930 3881 2018 3947 vetos
2038 3901 2105 3947 oor·

97 3969 256 4036 Dominus
277 3969 423 4036 Ielrooab.
1124 3970 1247 4052 ripieus
1279 3971 1351 4034 aios
1377 3988 1456 4034 euos
1486 3965 1555 4053 (vel
1585 3968 1796 4033 oiroumiens:
1825 3988 1903 4034 nam
1933 3964 2104 4033 deduoitur

1125 4075 1192 4120 vox
1214 4056 1280 4120 ista
1300 4075 1321 4119 a
1342 4055 1482 4137 oorrigia
1503 4052 1737 4138 oaloeamenti).

183 4140 256 4206 Iam
278 4141 431 4220 vidimus,
452 4147 486 4206 et
507 4142 637 4225 saepius
655 4143 744 4210 idem
760 4150 887 4227 repetet
903 4143 1074 4227 propheta,

96 4227 255 4309 populum
277 4226 370 4291 illum
393 4227 439 4290 ita
460 4225 561 4292 fuisse
578 4229 808 4311 praefraotum,
831 4239 870 4292 ut
887 4250 953 4294 non
970 4227 1074 4294 liben-
1211 4223 1278 4289 Ηιι
1299 4223 1508 4307 prosequitur
1529 4222 1686 4288 Ieremias
1707 4241 1800 4287 suam
1832 4220 2102 4307 obiurgationem,

97 4322 151 4377 ter
172 4310 301 4378 eederet
322 4311 399 4377 ullis
415 4311 707 4396 obiurgationibus.
737 4308 826 4379 Nam
847 4325 942 4380 erant
959 4332 1074 4379 omnes
1126 4318 1161 4373 ιι
1182 4308 1316 4374 disoutit
1335 4308 1474 4374 nebulas
1495 4308 1569 4374 illas
1592 4308 1783 4392 hypooritis,
1813 4307 1874 4372 sub
1895 4309 2014 4391 quibus
2043 4326 2100 4389 pu·

96 4397 166 4461 iere
177 4398 351 4479 perfriotae
359 4396 485 4478 frontis,
493 4406 528 4462 ιι
537 4399 585 4463 ιιι
593 4398 816 4465 obduruerant
825 4399 860 4464 in
871 4420 932 4466 sua
940 4400 1074 4483 malitis,
1126 4392 1241 4459 tabant
1262 4414 1298 4458 se
1320 4393 1402 4459 bene
1422 4394 1533 4460 latere.
1579 4392 1663 4457 Nam
1691 4392 1891 4476 hypooritae,
1921 4392 1977 4457 ubi
1999 4390 2102 4455 obdu·

97 4489 138 4547 ut
158 4481 317 4547 auderent
335 4483 516 4566 proeaoiter
540 4484 690 4566 exoipere
710 4484 868 4551 adversus
888 4485 1075 4568 prophetas,
1125 4488 1207 4546 eunt
1229 4497 1305 4545 suas
1327 4478 1481 4559 lallaoias,
1510 4482 1628 4561 putant
1649 4497 1685 4543 ιι
1706 4479 1770 4542 iam
1793 4485 1827 4540 ιι
1848 4477 1890 4543 ab
1912 4476 2014 4542 oeulis
2036 4473 2100 4540 Dei

96 4568 224 4651 quoties
233 4587 347 4633 ιιιιιι
357 4587 431 4633 oum
444 4566 512 4632 illis
526 4568 677 4653 agebant,
689 4568 798 4651 Quid?
815 4568 871 4635 An
882 4591 948 4635 nou
960 4590 1075 4649 sumus
1125 4574 1160 4631 ιι
1181 4563 1224 4630 ab
1245 4565 1389 4630 omnium
1418 4563 1548 4629 iudioiis
1576 4583 1647 4628 esse
1675 4560 1890 4629 absoonditos.
1934 4559 2102 4642 Propheta

97 4672 191 4718 saoer
207 4652 273 4717 Dei
290 4651 455 4736 populus?
477 4652 531 4718 An
550 4674 617 4719 non
634 4655 685 4720 ele
710 4656 735 4720 't
750 4655 831 4721 nos?
853 4654 906 4721 Au
930 4676 997 4720 non
1019 4676 1074 4721 su·
1127 4670 1206 4734 ergo
1230 4649 1283 4716 hio
1305 4650 1424 4714 aeriter
1445 4647 1613 4713 invehitur
1633 4648 1669 4713 in
1691 4647 1783 4712 illam
1806 4648 1958 4729 supinam
1980 4646 2101 4711 seouri·

96 4758 173 4804 mus
187 4748 338 4803 sanetum
353 4757 464 4803 semen
480 4738 658 4805 Abrahae‘l
701 4739 760 4806 deo
775 4760 908 4807 neeesse
922 4739 985 4805 tuit
1000 4761 1075 4822 pro·
1126 4740 1237 4817 tatem,
1259 4752 1298 4799 ao
1320 4734 1407 4812 dioit,
1434 4733 1587 4815 Quomodo
1616 4733 1714 4800 audes
1742 4734 1860 4798 iaotora
1890 4736 1919 4796 le
1945 4750 2007 4828 nou
2035 4749 2103 4795 esse

96 4822 216 4907 photis,
238 4843 403 4907 opponere
425 4822 508 4889 duro
529 4824 616 4890 nodo
637 4823 756 4890 durum
781 4846 933 4909 onneum,
962 4845 1075 4908 quem·
1112 4818 1303 4901 polluam?
1333 4819 1480 4900 quomodo
1505 4818 1602 4884 audes
1620 4819 1731 4897 dicare,
1758 4836 1822 4883 raon
1847 4814 2007 4915 ombuhm
2029 4818 2103 4897 post

97 4907 275 4974 admodum
309 4908 498 4991 loquuntur.
553 4909 665 4991 Quum
699 4931 777 4995 ergo
808 4910 932 4977 similes
965 4918 1077 4976 essent
1125 4903 1286 4971 Baalim?
1309 4902 1371 4968 hoo
1391 4911 1451 4979 est,
1472 4910 1547 4986 post
1569 4902 1647 4969 deos
1670 4903 1802 4967 alienos.
1846 4901 1927 4965 Drxr
1949 4920 2038 4966 enum
2057 4898 2102 4998 de

97 4994 267 5059 Israelitaa
300 4994 391 5078 ligno
431 4994 568 5073 nodoso,
608 4997 753 5079 oportuit
791 4994 918 5061 duriter
949 4996 1075 5079 pereuti
1125 4989 1184 5055 illa
1205 5009 1293 5068 vose,
1316 4986 1402 5070 quod
1424 4985 1603 5087 emutuit
1624 4988 1776 5053 minores.
1813 4985 1990 5069 Utouuque
2011 5004 2102 5050 emm

97 5079 189 5144 illam
207 5080 434 5162 pervioaoiam.
468 5080 541 5146 Hae
556 5081 683 5147 ratione
701 5101 790 5147 nuno
807 5079 888 5145 dioit
907 5080 1075 5161 Ieremias,
1126 5073 1241 5141 Iudaei
1268 5081 1483 5157 ugnosoerent
1510 5073 1651 5155 aliquem
1686 5092 1756 5138 esse
1788 5090 1954 5136 summum
1981 5068 2102 5149 Deum,

98 5165 210 5233 Etiam
230 5166 261 5230 ei
281 5165 400 5231 laveris
420 5170 449 5230 te
467 5167 559 5245 uitro,
588 5167 846 5249 multiplicaveris
875 5165 934 5232 tibi
961 5166 1076 5233 torius:
1125 5168 1235 5225 tamen
1253 5157 1453 5241 quaerebant
1470 5157 1532 5224 sibi
1550 5171 1721 5244 patronos:
1739 5158 1785 5221 ita
1801 5154 1968 5222 oriebatur
1982 5173 2102 5254 magna

97 5256 202 5318 mmm
221 5252 377 5335 iniquitas
398 5255 454 5318 trra
478 5271 583 5318 eorum
611 5270 660 5318 me
688 5253 814 5337 ιιριιιιιι
841 5256 897 5331 est,
925 5250 986 5318 hoo
1014 5260 1075 5336 est,
1126 5247 1260 5314 deorum
1284 5241 1391 5324 turbu,
1413 5244 1544 5309 utheri
1571 5243 1661 5310 solet.
1705 5243 1752 5307 Et
1781 5261 1948 5325 nunquam
1970 5259 2008 5306 eo
2038 5259 2101 5305 un·
