4784 5970
193 360 256 427 179
1071 364 1121 431 IN
1144 364 1308 434 ISAIAM
2136 361 2198 430 180

192 553 273 637 eipit
289 571 348 636 pro
364 549 559 618 dieeernere.
588 551 853 636 Itligimusenim
869 552 956 636 qnod
971 573 1164 620 ooneervare
1216 552 1303 632 dieit,
1334 555 1431 620 taeite
1457 555 1591 639 opponit
1620 554 1705 619 bano
1733 552 1929 619 sententiam
1959 549 2192 637 reprobationi,

193 649 228 706 et
260 638 344 703 tueri
373 637 532 720 onpimne,
564 637 837 721 quemadmodum
867 639 959 722 prins
986 639 1021 704 in
1050 639 1163 705 eadem
1215 641 1308 707 euius
1328 641 1478 706 meminit
1507 640 1601 707 initio
1625 637 1751 722 eapitis.
1796 636 2001 705 Ostendebat
2022 637 2117 705 enim
2138 637 2192 703 In·

194 724 432 809 signifieatione
448 723 542 803 dixit,
564 723 685 807 eligere
708 722 830 789 benum
848 736 884 791 et
904 726 1075 808 reprobare
1097 747 1164 791 ma·
1215 725 1313 791 daeos
1335 724 1394 792 sibi
1412 725 1493 793 falso
1510 745 1663 809 arrogare
1685 723 1746 789 hoo
1767 743 2027 809 nemeamque
2047 723 2192 790 inaniter

192 810 270 877 lum.
322 810 394 875 Hoe
426 810 529 910 igitur
561 809 660 875 verbo
692 808 786 876 dooet
818 820 977 891 quantum
1010 810 1165 877 differant
1237 811 1363 889 loriari,
1393 811 1479 894 quod
1506 832 1599 878 veros
1626 830 1662 875 se
1690 808 1857 876 Israeliten
1884 831 1949 876 non
1980 810 2190 893 praeberent

192 916 316 980 poenae
338 915 422 977 quae
442 903 629 980 irrogantur
646 894 718 978 piis,
741 896 781 960 ab
798 895 839 960 iis
857 916 938 979 quas
955 897 1048 979 impii
1065 897 1163 962 susti·
1253 898 1280 963 'o
1301 918 1379 962 vero
1409 898 1598 981 pronuntiet
1619 894 1777 961 Israelem
1805 915 1876 961 esee
1896 908 2056 962 voeatnm
2085 916 2189 962 enum.

192 990 284 1046 nent.
328 979 400 1046 Illis
422 981 510 1046 enim
531 981 566 1044 in
585 981 722 1045 exitium
741 980 877 1047 endunt:
900 1002 962 1047 nes
978 1001 1059 1049 vero
1081 992 1164 1048 tam·
1215 982 1357 1049 Perinde
1379 1002 1417 1049 ae
1438 983 1467 1050 si
1488 993 1580 1066 pater
1609 981 1725 1064 aliquis
1751 981 1855 1047 filium
1883 1002 1979 1047 suum
2011 982 2190 1065 obiurgans

193 1068 255 1135 etei
275 1076 352 1133 urat
373 1070 469 1149 atque
491 1074 577 1132 secet
599 1066 772 1145 Dominus,
794 1074 906 1131 tamen
935 1075 1084 1151 eoeeptos
1105 1068 1164 1134 ba·
1214 1069 1363 1152 spurium
1385 1079 1525 1150 voearet,
1553 1088 1592 1133 ao
1615 1066 1732 1133 deinde
1753 1065 1967 1133 nihilominus
1995 1066 2111 1151 ipsum
2133 1086 2189 1149 pro

194 1153 259 1231 bet,
282 1164 379 1234 atque
401 1151 661 1218 benevolentiam
685 1173 763 1235 erga
785 1173 843 1217 nos
865 1174 958 1219 suam
983 1155 1100 1219 retinet
1129 1155 1163 1219 in
1214 1174 1273 1218 suo
1300 1166 1505 1238 agnosceret:
1535 1154 1582 1219 ita
1611 1151 1773 1220 Dominae
1804 1152 1944 1219 Iudaeos
1971 1151 2022 1219 aio
2049 1151 2187 1238 degene-

195 1237 311 1304 mediis
339 1238 583 1304 afflietionibus:
618 1240 683 1302 imo
712 1237 813 1303 effieit
842 1247 876 1303 ut
906 1240 981 1304 inde
1009 1260 1164 1305 exeamus
1214 1259 1304 1304 rasse
1326 1240 1475 1320 ostendit,
1499 1251 1535 1304 nt
1554 1241 1670 1305 merito
1687 1237 1776 1321 ipsos
1795 1238 1936 1304 reiieiat:
1957 1237 2018 1305 sed
2036 1239 2188 1321 quamvis

193 1321 401 1407 probatiores,
423 1333 521 1406 atque
537 1324 732 1389 saorifioium
750 1324 824 1388 boni
843 1324 952 1390 odoris
969 1325 1031 1408 ipsi
1051 1325 1163 1390 simus.
1214 1325 1342 1409 indigui
1364 1327 1429 1390 siut
1451 1335 1543 1390 tanto
1573 1326 1704 1399 honore,
1735 1332 1844 1388 temen
1872 1322 1996 1389 babere
2025 1324 2187 1389 rationem

192 1408 345 1490 Denique
363 1409 519 1492 intelligit
538 1407 647 1474 Deum
666 1411 763 1474 etiam
784 1408 839 1473 ubi
853 1410 983 1476 videtur
996 1431 1072 1476 sues
1088 1430 1163 1476 oon·
1215 1431 1293 1475 suae
1322 1412 1510 1487 venationis,
1540 1430 1637 1493 quam
1667 1409 1757 1474 nulla
1787 1408 1955 1475 hominum
1983 1408 2187 1493 ingratitudo

192 1495 373 1578 sumptioni
390 1494 549 1574 addieere,
567 1494 781 1560 nihilomiuus
801 1516 871 1560 esse
889 1495 953 1562 illis
974 1496 1163 1580 propitium.
1214 1506 1273 1560 aut
1294 1497 1439 1578 nequitia
1461 1497 1588 1561 irritam
1610 1497 1715 1560 faeere
1737 1503 1854 1578 puteat.
1897 1508 1943 1585 ‘pt
1964 1496 2186 1561 eontinuatio-

280 1581 330 1643 11.
363 1579 512 1665 (Propter
540 1579 621 1665 ma).
675 1579 768 1645 Idem
802 1582 919 1664 repetit
952 1581 1035 1665 quod
1069 1592 1164 1648 autea
1215 1602 1290 1647 nem
1317 1582 1482 1665 signifieat
1510 1582 1571 1646 hoe
1600 1581 1678 1645 loeo.
1723 1579 1815 1645 Nihil
1844 1580 1931 1645 euim
1961 1579 2055 1646 aliud
2086 1579 2187 1653 dooet,

193 1664 331 1743 dixerat,
352 1664 410 1730 sed
433 1667 721 1750 interrogationem
742 1667 920 1751 subiungit,
942 1688 1007 1750 qua
1026 1675 1164 1734 utuntur
1215 1687 1315 1749 quam
1348 1668 1456 1733 Deum
1488 1667 1550 1733 sibi
1583 1675 1739 1750 perpetuo
1772 1675 1931 1743 eonstare,
1963 1687 2028 1733 ueo
2061 1665 2188 1733 variare

192 1749 346 1830 Hebraei,
379 1772 478 1834 quum
512 1751 552 1816 de
585 1751 682 1816 rebus
714 1751 863 1817 absurdis
892 1754 994 1818 verba
1021 1753 1162 1819 faciunt:
1215 1773 1305 1818 more
1337 1752 1517 1832 hominum,
1546 1762 1602 1817 sut
1631 1752 1801 1817 eonsilium
1830 1760 1966 1817 mutare.
2011 1750 2187 1834 Propterea

191 1836 326 1902 Fierine
345 1844 451 1921 potest
469 1849 504 1902 ut
522 1837 716 1919 profanetur
733 1857 852 1903 nomen
871 1837 1002 1903 meum?
1037 1837 1163 1905 Seeun·
1215 1838 1295 1904 dioit
1324 1859 1358 1903 ee
1391 1840 1533 1921 primum
1562 1859 1634 1903 esse
1663 1858 1701 1904 ae
1730 1836 1956 1903 novissimum.
2002 1835 2186 1914 (laetarum,

193 1921 272 1987 dum
303 1923 483 1989 membrum
514 1921 598 2005 quod
632 1922 732 2002 addit,
762 1923 896 2006 pieriam
929 1944 1035 1990 meam
1069 1925 1163 1990 alteri
1214 1924 1268 1990 hie
1290 1924 1387 1989 etiam
1410 1924 1589 1989 notandum
1611 1932 1670 2000 est,
1700 1923 1821 1988 Isaiam
1843 1941 1910 1986 non
1939 1923 2130 1989 oonoionari
2151 1922 2188 1987 de

191 2028 259 2073 nou
283 2007 372 2087 dabo,
395 2021 446 2073 est
467 2009 538 2074 viee
567 2009 786 2092 expositionis.
830 2009 927 2074 Nune
954 2030 1031 2093 ergo
1060 2011 1163 2092 pluri·
1214 2019 1347 2074 aeterna
1367 2010 1433 2074 Dei
1454 2010 1603 2084 essentia,
1625 2008 1681 2074 sed
1705 2009 1789 2074 hane
1811 2006 1993 2073 doctrinam
2023 2007 2066 2074 ad
2095 2029 2186 2073 usum

192 2093 252 2159 bus
274 2103 412 2159 exornat
432 2093 536 2159 Isaiae
559 2094 645 2177 quod
663 2104 759 2159 antea
781 2096 1021 2176 perstrinxerat
1042 2098 1162 2178 paneis,
1214 2104 1363 2160 nostrum
1384 2095 1637 2178 accommodare,
1667 2102 1704 2159 ut
1734 2092 1874 2158 eundem
1895 2113 1974 2178 erga
1996 2112 2059 2159 nos
2081 2094 2185 2177 ipsum

190 2187 291 2262 atque
314 2180 413 2244 altius
439 2179 538 2263 paulo
568 2181 719 2264 assurgit.
770 2180 839 2244 Nee
867 2191 916 2245 est
944 2181 1033 2246 nuda
1060 2182 1164 2265 expli·
1214 2182 1281 2246 lore
1303 2182 1443 2246 seiamus
1464 2181 1520 2263 qui
1542 2200 1671 2262 semper
1698 2179 1776 2244 fnit:
1807 2177 1923 2245 deinde
1944 2187 1981 2244 ut
2003 2176 2186 2245 disoernere

192 2264 280 2331 oatio
312 2265 431 2348 prioris
464 2267 659 2345 sententiae,
692 2266 748 2331 sed
782 2265 890 2347 potius
922 2267 1090 2331 exornatio
1122 2269 1164 2333 ad
1214 2287 1290 2331 eum
1323 2265 1364 2332 ab
1396 2265 1492 2331 idolis
1524 2266 1783 2343 meminerimus,
1821 2285 1863 2329 ne
1895 2272 2025 2330 mentes
2056 2271 2186 2329 nostrae

192 2351 350 2414 maiorem
373 2351 661 2415 oontirmatiouem.
696 2350 870 2434 Signifieat
887 2359 996 2416 autem
1019 2351 1072 2417 his
1091 2373 1163 2417 ver·
1215 2353 1306 2435 vagis
1328 2353 1492 2434 figmentis
1520 2350 1703 2417 abstraetae
1731 2351 1771 2415 ab
1792 2350 1863 2416 eius
1885 2351 2003 2415 timore
2024 2350 2186 2415 exeidant

193 2435 253 2515 bis,
276 2434 424 2501 homines
446 2449 604 2518 quantum
627 2438 660 2500 iu
683 2437 762 2518 ipsis
779 2444 830 2500 est
850 2437 1022 2518 profanare
1045 2457 1162 2503 nomen
1301 2438 1351 2502 13.
1382 2436 1513 2521 (Utique
1533 2457 1647 2501 munus
1667 2435 1759 2521 ereo.)
1802 2435 1868 2501 Hie
1896 2434 2018 2501 elarius
2046 2434 2185 2518 explieat

192 2520 267 2600 Dei,
290 2531 323 2586 et
344 2521 480 2604 gloriam
499 2522 602 2604 ipsius
618 2521 681 2586 alio
699 2522 890 2587 transferre:
913 2521 970 2588 sed
985 2522 1164 2589 Dominum
1215 2523 1372 2607 propheta
1397 2523 1475 2605 quid
1497 2522 1638 2587 voluerit
1667 2521 1833 2604 superiore
1855 2541 1963 2587 versu.
2008 2519 2183 2604 Postquam

192 2604 374 2672 admirabili
396 2607 601 2691 providentia
622 2627 681 2672 sua
703 2628 871 2673 oeourrere
894 2608 970 2673 huie
991 2608 1087 2688 malo,
1114 2614 1163 2673 at·
1215 2609 1303 2674 enim
1318 2609 1358 2674 de
1373 2617 1531 2691 perpetua
1545 2619 1578 2675 et
1592 2608 1754 2672 constanti
1773 2627 1851 2691 erga
1868 2626 1929 2671 nos
1942 2605 2006 2671 Dei
2017 2605 2185 2671 voluntate

191 2711 255 2775 qne
277 2693 405 2758 efficere
428 2713 470 2757 ne
490 2693 595 2777 gloria
623 2713 681 2758 sua
710 2693 867 2759 eoneidat.
912 2694 1057 2760 Tametsi
1085 2716 1162 2778 ergo
1215 2696 1421 2760 eoneionatus
1451 2699 1516 2772 est,
1555 2694 1625 2758 eius
1654 2713 1779 2776 quoque
1811 2693 1986 2776 potentiam
2021 2690 2184 2776 praeditat

189 2785 305 2844 nostra
320 2778 370 2844 eul
396 2780 668 2862 aprostituamus
683 2779 821 2862 gloriam
836 2779 909 2858 Dei,
931 2787 1041 2844 tamen
1060 2781 1164 2863 ipsam
1215 2781 1255 2844 ab
1287 2778 1438 2861 operibus
1470 2800 1552 2862 quae
1585 2779 1646 2862 ipsi
1673 2777 1819 2860 quotidie
1848 2779 2022 2844 intuemur.
2072 2776 2117 2841 In
2147 2776 2184 2841 iis

192 2864 345 2940 tuebitur,
369 2799 447 2929 gum
469 2865 571 2928 nostri
593 2863 715 2929 vindex
744 2865 815 2929 erit.
860 2865 949 2930 Hine
975 2866 1059 2929 mira
1088 2887 1162 2932 eon·
1214 2864 1381 2930 Dominus
1424 2885 1458 2929 se
1502 2862 1739 2947 quodammodo
1782 2864 1877 2929 nobie
1920 2883 1999 2928 eene
2023 2863 2183 2928 ioiendnm

191 2948 307 3014 solatio
322 2949 363 3012 ad
378 2969 437 3013 nos
456 2949 557 3013 redit:
580 2948 665 3032 quod
685 2950 844 3014 Dominus
861 2949 999 3015 salutem
1018 2959 1163 3017 nostram
1214 2952 1358 3033 praebet,
1381 2958 1477 3032 atque
1500 2971 1518 3013 e
1539 2949 1681 3015 saorario
1702 2968 1761 3014 eno
1784 2947 1943 3031 prodiens,
2037 2969 2098 3013 nos
2118 2947 2184 3031 ipse

191 3034 362 3116 ooniungit
383 3055 457 3099 eum
480 3055 539 3099 sua
560 3034 679 3118 gloria:
709 3035 833 3099 utiam
855 3035 928 3100 aliis
957 3035 1035 3101 loeis
1062 3058 1160 3101 anno·
1214 3056 1273 3117 per
1305 3058 1344 3101 eu
1372 3035 1619 3118 appropinquat.
1669 3047 1763 3103 nobb
1791 3035 1860 3101 sive
1887 3053 1996 3099 mersa
2025 3044 2091 3110 eet,
2119 3032 2184 3100 sive

191 3120 345 3184 terimus.
1214 3122 1365 3186 sustinuit
1385 3129 1560 3196 vertamus,
1588 3120 1672 3184 idem
1701 3140 1818 3185 sensns
1848 3120 1925 3185 erit:
1956 3139 2018 3185 neo
2046 3117 2183 3183 multum

280 3203 367 3289 (Non
388 3203 490 3289 deba)
528 3204 567 3268 ld
590 3213 649 3284 est,
672 3224 737 3268 nou
759 3206 865 3286 patiar
886 3205 966 3269 mihi
989 3206 1071 3289 eripi
1093 3207 1161 3289 glo·
1215 3207 1249 3269 in
1272 3206 1362 3271 verbi
1385 3207 1652 3287 interpretatione
1674 3204 1889 3270 laborandum
1911 3215 1970 3270 est.
2011 3202 2102 3270 Nam
2122 3224 2183 3269 me·

192 3292 276 3354 riam
300 3309 414 3354 meam.
459 3290 532 3354 Hoe
554 3289 702 3355 futurum
724 3303 803 3369 erat,
833 3292 860 3355 si
889 3290 994 3355 deleto
1022 3312 1059 3357 ao
1089 3313 1162 3375 per·
1214 3292 1316 3356 tioudi
1334 3291 1433 3356 verbo
1455 3291 1654 3357 admirabilis
1670 3290 1734 3355 Dei
1753 3290 1912 3373 sapientia
1933 3298 2079 3366 notatur,
2102 3288 2183 3373 qued

192 3374 260 3441 dito
281 3376 399 3460 populo
422 3376 548 3441 demens
570 3384 656 3441 asset
678 3375 770 3441 Deus
792 3375 905 3442 Israel.
949 3375 995 3441 Ut
1016 3377 1163 3442 solebant
1214 3378 1409 3442 immensum
1432 3376 1593 3442 coelorum
1615 3376 1756 3458 spatium
1782 3386 1849 3441 tam
1871 3385 1947 3459 apta
1975 3376 2184 3460 proportione

191 3461 284 3544 impii
315 3461 472 3527 eiusmodi
507 3460 716 3545 blasphemiis
748 3462 904 3527 insultare
936 3461 1054 3545 populo
1086 3463 1160 3542 Dei,
1214 3464 1357 3546 undique
1379 3464 1574 3546 aequaverit,
1601 3473 1764 3543 utusque
1792 3469 1899 3526 terrae
1927 3461 2063 3544 propius
2093 3470 2184 3543 esset,

191 3545 270 3613 dnm
293 3548 547 3631 opprimebatur,
574 3548 638 3614 Ubi
661 3559 713 3612 est
730 3547 822 3612 Deus
844 3546 978 3612 eorum?
1011 3546 1161 3614 Similem
1213 3569 1315 3630 neque
1345 3549 1385 3613 ab
1418 3569 1457 3612 ea
1486 3548 1651 3624 remotius,
1689 3567 1787 3629 quam
1817 3554 1855 3611 ut
1882 3547 1960 3611 utile
1989 3546 2032 3611 ad
2061 3546 2184 3611 ordinis

190 3654 288 3715 porro
310 3635 471 3698 rationem
498 3634 654 3698 efferebat
675 3634 785 3698 Moses
807 3631 920 3719 (Dent.
942 3633 994 3712 32,
1017 3633 1082 3720 27),
1104 3654 1162 3700 our
1213 3635 1491 3700 conservationem
1522 3643 1616 3710 esset,
1650 3654 1687 3698 ne
1718 3633 1752 3696 in
1787 3642 1879 3697 tanta
1912 3631 2067 3697 vastitate
2103 3630 2182 3695 nibil

190 3717 355 3783 Dominus
377 3719 532 3802 populum
554 3719 586 3781 in
610 3720 800 3784 universum
824 3718 932 3784 delere
961 3719 1078 3784 nollet:
1112 3720 1162 3786 Ne
1213 3729 1299 3785 esset
1322 3719 1464 3784 hiuleum
1487 3718 1540 3783 vel
1562 3717 1715 3783 deforme.
1759 3715 1797 3784 Si
1819 3718 1922 3801 magis
1944 3716 2091 3782 arrideat
2113 3738 2182 3784 ver·

192 3803 285 3883 forte,
308 3805 422 3886 inquit,
446 3804 556 3868 hostes
576 3825 687 3869 eorum
715 3805 748 3869 id
771 3805 833 3870 sibi
855 3810 1025 3888 arrogent:
1054 3824 1091 3869 ao
1113 3805 1161 3870 di·
1214 3804 1289 3869 bum
1310 3804 1502 3881 sustinendi,
1523 3813 1574 3869 est
1589 3804 1650 3869 boe
1665 3823 1791 3887 quoque
1813 3824 1880 3868 non
1895 3801 2034 3887 vulgare
2055 3802 2185 3887 sapien·

191 3898 277 3966 eant,
298 3889 418 3954 Manus
441 3896 551 3954 nostra
580 3890 717 3972 excelsa,
745 3899 778 3955 st
806 3910 871 3955 non
895 3890 1058 3955 Dominus
1078 3889 1161 3955 ¹feeit
1213 3892 1278 3955 tiae
1299 3902 1332 3956 et
1355 3890 1485 3954 virtutis
1507 3890 1570 3954 Dei
1600 3889 1751 3971 elogium,
1780 3887 1865 3971 quod
1890 3889 2060 3972 ingentem
2083 3887 2182 3953 ooele·

188 3973 270 4040 haee
290 3976 408 4039 omnia.
450 3976 493 4038 Et
515 3984 602 4038 oerte
621 3975 676 4039 ubi
695 3974 858 4040 Dominus
879 3977 946 4041 irae
967 3996 1044 4041 suae
1066 3977 1162 4058 signa
1213 3996 1287 4040 rum
1320 3976 1439 4040 molem
1479 3975 1513 4038 in
1554 3976 1708 4040 continua
1741 3974 1920 4057 agitatione
1951 3974 2114 4054 sustinet,
2145 3994 2185 4037 ne

188 4060 356 4143 proferens
388 4071 544 4125 terrorem
578 4061 693 4124 inoutit
732 4060 899 4138 fidelibus,
939 4063 1069 4127 unieum
1101 4061 1162 4126 hue
1212 4061 1356 4126 labaseat
1390 4059 1442 4126 vol
1475 4059 1611 4124 inolinet
1642 4061 1677 4124 in
1710 4058 1796 4125 bane
1827 4059 1878 4126 rel
1918 4058 2008 4124 illam
2049 4066 2183 4142 partem

189 4144 320 4230 asylum
343 4152 455 4225 restat,
477 4166 550 4209 eum
579 4144 761 4227 adoptionis
783 4166 862 4210 suae
884 4145 952 4210 fore
973 4167 1160 4223 memorem,
1214 4145 1281 4213 Sed
1314 4146 1473 4228 posteriue
1505 4145 1703 4223 membrum,
1745 4144 1800 4209 ubi
1837 4154 1967 4227 praesto
1999 4145 2115 4210 omnia
2145 4142 2183 4209 ad

191 4250 234 4296 ue
256 4232 300 4295 im
325 4230 430 4294 iorum
451 4230 632 4295 maledictis
650 4251 779 4296 eaerum
801 4251 896 4295 suum
919 4252 1038 4296 nomen
1060 4253 1158 4315 expo·
1214 4251 1310 4296 suum
1333 4228 1521 4295 mandatum
1543 4229 1656 4296 adesse
1679 4229 1765 4306 dieit,
1795 4230 1869 4313 plus
1922 4228 2057 4295 uiddam
2086 4229 2185 4296 babet

191 4326 257 4381 nat.
303 4251 417 4397 Deque
439 4317 543 4380 solum
570 4316 623 4380 his
646 4315 754 4380 verbis
776 4316 937 4400 propheta
957 4317 997 4381 ad
1019 4320 1160 4400 gratitu·
1214 4315 1431 4381 diffieultatis:
1456 4336 1531 4379 nam
1553 4321 1660 4398 potest
1677 4316 1791 4381 referri
1809 4315 1862 4381 vel
1880 4250 1921 4379 ab
1938 4316 2080 4398 primam
2098 4335 2186 4381 οτοο·

190 4401 302 4466 dinem
335 4400 484 4465 hortatus
516 4411 566 4466 est
598 4402 753 4484 populum
786 4421 898 4478 snum,
930 4410 968 4466 nt
1001 4402 1162 4469 fateretur
1213 4403 1348 4484 tionem,
1370 4402 1422 4466 vel
1445 4399 1486 4465 ad
1508 4410 1697 4484 perpetuam
1719 4400 2038 4467 administrationem
2061 4401 2183 4466 mnndi.

188 4506 281 4552 mera
302 4486 367 4550 Dei
394 4488 500 4570 gratia
527 4508 561 4551 se
590 4507 660 4551 esse
686 4487 892 4564 ineolumem,
921 4486 977 4551 sed
1007 4487 1161 4569 predandi
1213 4487 1251 4553 Si
1270 4487 1311 4552 ed
1329 4486 1467 4568 primam
1486 4487 1683 4551 oreationem
1706 4488 1896 4562 reseramus,
1917 4486 2068 4552 futurum
2086 4499 2185 4566 mlv,

188 4572 361 4638 materiam
384 4572 546 4655 suggessit
566 4572 638 4654 piis,
668 4584 700 4636 et
721 4572 871 4657 elypeum
894 4591 989 4654 quem
1011 4573 1161 4656 despera·
1214 4573 1277 4638 erit
1298 4572 1367 4638 loeo
1388 4573 1572 4655 praeteriti:
1598 4571 1702 4638 Simul
1726 4581 1826 4654 atque
1847 4571 1943 4638 iussit
1960 4571 2130 4638 Dominus
2151 4586 2184 4637 nt

190 4658 272 4723 tioni
295 4658 481 4723 oblinerent.
1214 4666 1390 4736 exstarent,
1413 4658 1560 4739 protinus
1581 4658 1760 4740 obsequuta
1788 4667 1877 4722 suut.
1922 4655 2016 4723 Siout
2044 4657 2185 4724 babetur

278 4744 328 4808 12.
367 4740 470 4827 (Audi
497 4762 545 4806 me
572 4741 687 4828 Iacob.)
738 4741 906 4822 Quorsum
938 4745 1161 4809 aeternitatem
1214 4744 1248 4808 iu
1276 4743 1407 4808 Psalmo
1437 4744 1605 4827 trigesimo
1633 4744 1732 4807 tertio
1760 4743 1805 4828 (v.
1828 4743 1876 4828 9):
1909 4741 2008 4808 Dixit
2036 4756 2073 4808 ot
2098 4743 2184 4810 faeta

189 4849 284 4894 suam
307 4827 471 4911 praeditet
493 4827 664 4909 Dominus,
686 4837 781 4892 antea
803 4828 925 4893 dietum
948 4835 1014 4893 ost:
1044 4849 1161 4911 nempe
1213 4838 1301 4895 sunt.
1345 4829 1445 4909 Atqui
1473 4832 1499 4894 si
1527 4828 1633 4911 pleoet
1663 4827 1716 4893 hie
1744 4849 1870 4905 sensus,
1902 4827 1988 4913 qued
2016 4828 2185 4913 subiungit

189 4923 228 4978 ut
248 4916 356 4997 ipsum
383 4913 445 4978 sibi
473 4922 628 4996 perpetuo
655 4921 805 4978 onustare
837 4913 1068 4998 intelligamus,
1102 4934 1161 4979 neo
1211 4914 1343 4994 pariter,
1377 4935 1443 4978 non
1471 4915 1550 4978 sutis
1578 4915 1753 4979 eonvenite
1781 4912 1913 4978 videtur
1940 4933 2016 4979 oum
2047 4913 2185 4980 historia

191 5017 266 5063 eum
289 5020 330 5064 ex
350 4999 482 5082 ingenio
504 5006 617 5063 nostro
639 4999 821 5063 metiamur.
865 4999 1029 5064 Admonet
1051 5006 1173 5064 eutem·
1213 4999 1385 5064 ereationis
1407 5020 1502 5081 quam
1518 4998 1628 5064 Moses
1646 5000 1756 5063 refert.
1801 4998 1831 5063 N
1835 5019 1871 5065 ee
1892 4999 1980 5065 enim
2002 4999 2132 5066 eoelum
2154 5008 2185 5065 et

191 5093 229 5148 ut
250 5085 356 5165 ipsum
379 5084 566 5149 audiamus:
590 5085 741 5165 quoniam
763 5083 835 5149 ideo
854 5084 1104 5161 ballueinnmur,
1127 5093 1161 5149 et
1213 5093 1302 5149 terra
1324 5104 1388 5149 uno
1410 5094 1574 5150 momente
1595 5091 1704 5148 ereata
1726 5089 1759 5147 et
1780 5093 1898 5150 ornata
1917 5094 2010 5151 eunt:
2040 5087 2184 5169 primum

191 5168 381 5234 abdueimur
402 5169 494 5236 falsis
515 5170 730 5253 opinionibus,
760 5170 845 5251 quod
868 5171 897 5236 ei
920 5191 1014 5236 auree
1036 5189 1160 5236 aeoom-
1213 5169 1300 5236 enim
1322 5191 1374 5235 res
1397 5180 1491 5235 erant
1512 5169 1697 5234 inoenditae
1726 5179 1759 5234 et
1785 5172 1938 5236 oonfueae
1964 5190 2048 5254 quas
2069 5170 2183 5237 Domi·

191 5253 325 5320 modare
357 5254 507 5321 nolimus.
563 5252 674 5336 Quum
707 5254 864 5321 Israelem
893 5275 912 5320 a
941 5277 976 5322 se
1005 5264 1158 5324 vooetum
1213 5274 1275 5322 nus
1297 5265 1409 5338 postea
1429 5255 1572 5340 digessit.
1617 5253 1744 5321 Solutio
1773 5255 1876 5322 laoilis
1903 5264 1963 5337 est,
1992 5257 2072 5341 quia
2100 5255 2185 5323 nihil
