4784 5970
196 368 258 433 237
1081 367 1232 435 cnPUu
1258 366 1317 433 Iil.
2137 366 2200 433 238

198 560 253 644 qui
276 559 404 623 somnia
432 578 490 623 sua
512 557 699 641 proterunt,
732 559 861 623 tametsi
892 578 1009 623 nomen
1032 556 1097 621 Dei
1119 557 1175 621 ob·
1199 558 1203 609 1
1227 556 1313 639 qnod
1329 553 1495 620 Dominus
1513 557 1692 638 praedicari
1710 556 1809 622 iubet.
1848 557 1897 622 llo
1916 557 2003 622 enim
2021 579 2087 622 nen
2106 558 2201 623 modo

201 644 347 725 tendant,
370 642 563 726 repudiandi
587 653 674 708 sunt.
722 644 896 709 Caeterum
927 642 1102 709 tenendum
1126 651 1176 706 est
1226 640 1456 725 praescribitur
1467 642 1553 707 ritae
1565 643 1679 727 regula
1691 643 1748 707 sed
1759 643 1857 707 etiam
1873 644 2093 709 testimonium
2106 642 2202 728 adop·

202 729 374 799 eonsssium
404 729 597 812 prophetae:
628 749 703 793 nam
732 750 832 811 quum
864 729 1027 813 trepidare
1048 749 1177 811 semper
1226 729 1326 793 tionis
1337 734 1468 792 nostrae
1480 726 1636 806 redditur,
1646 729 1680 792 in
1690 750 1753 810 quo
1761 729 1935 812 praecipue
1944 730 2091 795 censistit
2102 730 2200 797 salus.

204 817 372 882 hominum
407 816 622 881 conscientias
652 815 817 893 ostendat,
850 814 953 880 donee
985 835 1005 879 a
1032 813 1176 879 Domino
1314 814 1364 878 17.
1395 813 1656 900 (Expergiscere.)
1699 814 1861 895 Quoniam
1891 813 2039 879 iuturum
2068 827 2139 880 erat
2166 833 2201 881 ut

204 902 445 979 confirmentur,
464 900 526 966 hoe
541 902 734 984 principium
752 901 962 966 statuendum
983 920 1054 965 esse
1070 900 1175 965 docet:
1227 920 1345 983 graves
1365 919 1539 964 aerumnas
1562 901 1741 965 sustineret
1768 899 1905 966 eeclesia
1928 901 2001 984 Dei,
2030 900 2103 965 ideo
2125 920 2201 968 oon·

205 1006 321 1069 nempe
344 987 450 1051 Deum
473 1006 555 1062 esse,
578 987 633 1068 qui
655 1007 713 1070 per
735 987 912 1070 prophetas
934 985 1095 1067 loquitur:
1120 1006 1177 1050 an·
1228 984 1385 1051 solatione
1418 985 1523 1069 ipsam
1557 987 1677 1050 munit:
1710 991 1809 1069 atque
1837 988 1979 1052 occurrit
2008 985 2201 1051 dubitationi

203 1075 316 1157 cipites
345 1073 431 1135 enim
464 1072 584 1154 alioqui
606 1080 640 1137 et
662 1074 806 1138 incertae
828 1092 956 1155 semper
984 1072 1176 1137 haerebunt.
1229 1084 1313 1155 quae
1334 1072 1454 1136 oboriri
1482 1081 1620 1156 peterat,
1650 1093 1750 1156 quum
1780 1073 1905 1136 interea
1937 1073 2084 1155 oppressi
2107 1094 2126 1136 a
2148 1079 2200 1157 ty-

130 1214 132 1218 .
203 1159 400 1240 Quanquam
423 1159 529 1242 magis
551 1158 736 1241 emphatica
758 1168 808 1223 est
831 1157 988 1241 loquutio,
1011 1158 1065 1222 ubi
1088 1178 1179 1222 man·
1229 1157 1342 1223 rannis
1361 1157 1475 1221 ludaei
1493 1157 1620 1222 nullum
1639 1159 1774 1223 istarum
1787 1158 2039 1239 promissionum
2058 1159 2202 1224 fructum

206 1245 281 1310 data
299 1242 367 1305 ¹Dei
397 1245 525 1319 recitat,
560 1244 678 1325 quibus
707 1245 747 1309 ad
778 1243 1022 1324 exsequendum
1056 1264 1178 1308 munus
1229 1251 1411 1308 cernerent.
1454 1241 1627 1325 Significat
1649 1244 1751 1329 igitur
1769 1243 1937 1308 ecelesiam
1962 1245 2092 1308 tametsi
2111 1246 2202 1310 varie

204 1351 299 1396 suum
324 1328 394 1408 ipse
416 1330 580 1394 animatus
601 1330 673 1394 fuit.
1229 1330 1381 1393 afflictam
1411 1337 1510 1412 atque
1539 1330 1703 1412 agitatam,
1733 1329 1947 1395 nihilominus
1976 1339 2121 1396 ereetum
2152 1331 2203 1407 iri,

290 1414 349 1500 (Et
371 1415 405 1478 in
426 1415 560 1501 umbo.)
594 1416 738 1481 Tametsi
761 1415 823 1480 hoe
845 1426 942 1481 antea
964 1415 1085 1480 dietum
1110 1416 1178 1478 lue·
1230 1424 1268 1478 ut
1300 1413 1432 1498 plenum
1456 1416 1599 1498 vigerem
1630 1419 1809 1498 recuperet.
1853 1415 1903 1480 Ac
1926 1415 2024 1479 verbo
2052 1416 2202 1500 expergi-

204 1518 264 1582 rat,
289 1512 397 1565 tamen
421 1520 662 1583 supervacanea
689 1502 840 1583 repetitio
871 1510 1024 1566 nonest:
1055 1521 1095 1564 ne
1119 1499 1178 1563 du·
1231 1501 1342 1565 suendi
1364 1520 1435 1564 eam
1459 1501 1550 1582 quasi
1573 1523 1591 1565 e
1612 1510 1717 1565 morte
1739 1509 1772 1565 et
1789 1501 1937 1584 sepulcre
1955 1512 2086 1567 evocat:
2109 1503 2201 1583 quasi

204 1588 341 1653 bitsmus
364 1586 473 1652 Deum
496 1607 623 1670 semper
645 1587 826 1652 affuturum
857 1588 1014 1653 ministris
1037 1587 1113 1664 suis,
1142 1595 1179 1649 ut
1231 1587 1361 1666 diecret,
1384 1584 1493 1650 nullas
1513 1596 1580 1650 tam
1598 1607 1716 1670 graves
1734 1587 1854 1666 ruinas,
1877 1586 1985 1651 nullas
2005 1590 2202 1652 vastationes

203 1673 371 1759 praesenti
395 1693 455 1755 ope
478 1694 537 1737 sua
566 1673 717 1737 suffultos
747 1693 848 1755 supra
876 1674 985 1737 omnia
1012 1671 1178 1737 obstacula
1229 1683 1295 1737 tam
1330 1671 1510 1737 horrendas
1545 1671 1616 1736 fore
1649 1682 1687 1736 ut
1719 1672 1804 1737 hane
1837 1671 1900 1737 Dei
1934 1673 2202 1738 instaurationem

203 1759 340 1824 attollat.
391 1756 438 1824 Ut
467 1768 574 1822 autem
609 1760 672 1823 ista
699 1758 834 1823 Domini
868 1759 984 1823 umbra
1016 1767 1177 1842 tegantur,
1230 1757 1388 1840 impedire
1420 1756 1556 1840 possint.
1612 1758 1720 1840 Atque
1759 1759 1838 1824 haee
1871 1758 2050 1824 consolatio
2088 1779 2203 1843 perne-

204 1845 268 1911 duo
292 1844 476 1910 necessaria
497 1853 593 1907 sunt:
623 1845 762 1924 primum
792 1856 829 1907 ut
851 1845 931 1909 certi
954 1844 1020 1909 sint
1043 1844 1177 1909 verbum
1230 1843 1369 1908 cessaria
1390 1844 1461 1907 fuit.
1507 1844 1590 1908 Nam
1613 1846 1691 1908 dum
1714 1864 1861 1908 moerore
1882 1854 2081 1926 occupantur
2102 1845 2203 1909 animi

200 1932 265 1996 Dei
288 1930 465 2012 essequod
489 1929 658 1993 nuntiant:
689 1927 806 1994 deinde
836 1951 870 1995 se
893 1929 924 1992 id
954 1930 1060 1994 lacere
1089 1949 1177 1992 man·
1230 1930 1343 2012 nostri,
1372 1929 1602 2011 promissiones
1624 1930 1706 1994 nihil
1738 1929 1778 1995 ad
1809 1950 1868 1994 nos
1898 1932 2063 2014 pertinere
2091 1931 2203 1994 existi·

205 2019 279 2083 dato
302 2015 376 2080 Dei.
420 2016 504 2079 Nam
527 2016 583 2096 qui
612 2029 734 2079 temere
763 2035 834 2080 sese
862 2016 1026 2098 ingerunt,
1057 2016 1178 2080 iactare
1229 2036 1366 2080 mamus.
1410 2012 1552 2097 Ideoque
1574 2015 1655 2082 haee
1677 2015 1711 2079 in
1734 2016 1926 2080 memoriam
1953 2017 2083 2098 saepius
2112 2036 2203 2081 revo-

203 2103 334 2185 quidcm
358 2111 510 2182 poterunt
533 2121 650 2164 nornen
675 2101 748 2176 Dei,
780 2100 837 2166 sed
861 2102 993 2164 frustra:
1025 2102 1177 2183 quoniam
1230 2101 1343 2176 canda,
1364 2108 1461 2183 atque
1484 2099 1612 2165 assidue
1629 2101 1670 2165 ob
1688 2101 1798 2165 oculos
1816 2101 1967 2182 ponenda
1984 2112 2072 2185 sunt,
2095 2102 2203 2167 Deum

204 2190 261 2253 ubi
291 2188 376 2250 serio
405 2187 594 2251 certandum
626 2188 688 2250 erit
719 2187 877 2251 deficient.
923 2185 1017 2266 Quod
1048 2187 1077 2250 si
1106 2206 1178 2250 eon-
1231 2207 1300 2252 esse
1333 2187 1389 2269 qui
1423 2185 1580 2268 loquitur,
1621 2199 1654 2252 et
1686 2186 1859 2268 compellat
1893 2208 1957 2251 non
1991 2188 2113 2272 integri
2147 2205 2204 2253 aut

204 2273 360 2340 scientiae
382 2274 604 2336 testimonium
628 2270 720 2350 adsit,
747 2292 812 2337 nen
842 2282 893 2337 est
920 2293 979 2337 cur
1007 2271 1047 2336 de
1077 2272 1179 2336 tutela
1230 2272 1376 2337 florentis
1398 2281 1503 2336 status
1525 2272 1682 2350 homines,
1711 2270 1768 2337 sed
1790 2279 1970 2356 prostratos
1992 2294 2029 2340 ac
2052 2283 2206 2352 mortuos,

205 2360 270 2424 Dei
293 2368 326 2422 et
355 2378 416 2441 ope
446 2357 639 2440 dubitemus,
667 2378 730 2438 qua
760 2377 819 2422 nos
842 2361 981 2423 victores
1011 2378 1179 2441 emergere
1232 2379 1311 2441 quos
1333 2365 1442 2422 tamen
1466 2356 1565 2422 verbo
1595 2362 1655 2423 suo
1684 2358 1731 2423 eri
1755 2379 1809 2423 ere
1839 2380 1876 2424 ae
1904 2360 2061 2426 suscitare
2089 2371 2204 2443 petest.

204 2447 310 2510 faciat.
356 2445 450 2509 Finis
479 2443 652 2529 legationis
682 2443 821 2519 additur,
851 2449 887 2507 ut
911 2446 1048 2527 plantem
1075 2444 1178 2520 coelos,
1231 2444 1276 2508 Et
1294 2444 1380 2508 enim
1401 2443 1582 2508 destinatur
1600 2379 1812 2510 taessalatis
1831 2443 1977 2510 doctrina
2000 2466 2065 2511 nen
2089 2448 2128 2511 iis
2150 2447 2205 2529 qui

203 2533 324 2615 inquit:
347 2530 459 2608 idest,
482 2540 519 2593 ut
536 2530 645 2594 emnia
664 2530 698 2593 in
718 2528 866 2594 ordinem
884 2550 980 2593 sunm
999 2531 1178 2594 restituam.
1232 2538 1352 2595 statum
1376 2549 1468 2593 suum
1491 2530 1642 2605 retinent,
1665 2531 1721 2594 sed
1745 2531 1881 2595 mortuis
1904 2551 1940 2595 ac
1964 2531 2151 2614 desperatis.

203 2618 290 2682 Sunt
313 2616 443 2698 quidem
472 2616 526 2680 hic
548 2617 657 2679 variae
687 2617 988 2696 interpretationes:
1017 2614 1073 2679 sed
1096 2615 1178 2678 mihi
1318 2614 1419 2698 (Quae
1440 2613 1577 2700 ditasti).
1611 2614 1707 2681 Oelix
1726 2616 1845 2680 fureris
1864 2615 2013 2681 bifariam
2032 2619 2204 2700 accipitur:

204 2703 344 2784 simplex
373 2702 427 2766 hie
458 2700 587 2764 videtur
615 2721 685 2764 esse
715 2720 840 2772 sensus,
879 2700 963 2783 quod
993 2699 1116 2766 coelum
1146 2710 1179 2763 et
1233 2720 1307 2765 nam
1338 2699 1504 2764 interdum
1535 2698 1652 2764 dieitur
1674 2700 1840 2765 Dominus
1867 2702 2042 2783 propinare
2071 2703 2204 2769 calicem

205 2802 293 2853 terra
314 2787 428 2852 salutis
451 2786 598 2850 doctrina
627 2785 804 2851 instaurari
827 2786 994 2850 dicantur:
1025 2787 1178 2868 quoniam
1232 2787 1359 2859 furoris,
1390 2805 1486 2869 quum
1517 2806 1575 2849 nos
1603 2787 1763 2868 vertigine
1793 2787 1929 2869 quadam
1960 2787 2118 2870 percellit,
2148 2800 2206 2854 aut

205 2876 238 2938 in
271 2873 406 2938 Christo
435 2872 635 2954 colliguntur
665 2871 785 2953 omnia,
819 2892 903 2953 quae
930 2880 988 2935 aut
1016 2873 1049 2934 in
1081 2872 1179 2937 eoelis
1232 2880 1365 2954 stupore
1396 2871 1575 2935 dementat:
1606 2883 1644 2936 ut
1669 2871 1816 2937 videmus
1837 2873 2012 2938 afflictione
2041 2872 2204 2939 interdum

204 2972 259 3025 aut
286 2960 320 3023 in
351 2967 440 3022 terra
471 2966 557 3032 sunt,
586 2968 622 3021 ut
648 2958 745 3022 etiam
776 2957 823 3019 ait
852 2956 986 3035 Paulus,
1016 2957 1177 3039 Ephes.l
1232 2957 1332 3022 adimi
1355 2966 1496 3021 mentem
1528 2957 1724 3022 bominibus.
1767 2957 2007 3041 Nonnunquam
2033 2981 2108 3025 vero
2130 2961 2205 3026 sim·

204 3048 249 3132 (v.
276 3044 338 3130 10).
384 3043 467 3108 Nam
491 3064 589 3126 quum
614 3065 653 3106 ex
677 3043 770 3126 lapsu
800 3044 897 3125 primi
927 3043 1067 3107 hominis
1096 3044 1179 3107 nibil
1232 3043 1347 3126 plicius
1369 3042 1535 3126 accipitur,
1558 3062 1616 3125 pro
1639 3043 1762 3108 acerbis
1784 3064 1821 3110 ae
1840 3044 1929 3109 duris
1951 3047 2064 3127 poenis
2086 3045 2206 3128 quibus

204 3141 333 3216 praeter
371 3129 569 3194 horrendam
617 3130 840 3195 confusionem
885 3148 1069 3205 cernamus,
1117 3150 1180 3211 qua
1233 3130 1392 3193 Dominus
1414 3149 1528 3193 severe
1553 3129 1588 3193 in
1617 3149 1693 3193 sues
1721 3130 1964 3196 animadvertit.
2010 3131 2085 3212 Quo
2107 3153 2206 3198 sensu

203 3228 314 3282 mutae
337 3216 434 3279 etiam
457 3225 625 3280 creaturae
648 3213 829 3292 turbantur,
860 3225 893 3278 et
922 3214 1045 3296 peccati
1075 3216 1179 3279 nostri
1233 3216 1287 3280 hio
1317 3216 1415 3278 etiam
1445 3215 1668 3297 accipiendum
1696 3214 1814 3297 liquet:
1845 3218 1920 3298 quia
1948 3217 2047 3281 simul
2075 3216 2207 3282 additur

204 3300 444 3385 quodammodo
467 3320 588 3383 poenas
611 3300 722 3365 luunt:
744 3321 782 3364 ιι
806 3321 870 3364 non
890 3300 984 3364 aliter
1002 3319 1097 3382 quam
1122 3321 1180 3382 per
1232 3300 1403 3365 relativum
1435 3301 1511 3365 eius.
1563 3299 1632 3367 Nec
1664 3298 1772 3366 obstat
1804 3302 1890 3385 quod
1924 3303 2139 3386 stupefactam
2173 3316 2206 3370 et

205 3390 375 3454 Christum
411 3387 557 3469 reparari
589 3397 704 3468 potest.
756 3386 846 3469 Ergo
879 3406 980 3468 quum
1014 3385 1180 3451 horribilis
1232 3386 1354 3451 ebriam
1377 3386 1478 3450 fuisse
1500 3386 1668 3452 ecelesiam
1698 3385 1784 3452 dicit.
1829 3386 1902 3452 Hoc
1932 3390 2020 3452 enim
2050 3390 2205 3455 accidisse

205 3474 374 3555 dissipatio
397 3483 498 3537 totam
520 3471 634 3535 mundi
664 3472 801 3553 speeiem
835 3472 1002 3546 deformet,
1032 3492 1099 3535 non
1122 3473 1180 3537 abs
1232 3471 1391 3551 ostendit,
1429 3472 1513 3553 quod
1548 3472 1708 3536 Dominus
1747 3493 1818 3536 eam
1857 3473 1981 3537 duriter
2020 3475 2204 3557 castigaret.

205 3583 241 3625 re
268 3562 421 3623 dicuntur
450 3558 494 3642 pii
526 3558 674 3622 doctores
703 3558 861 3622 mundum
894 3577 1063 3636 renovare,
1091 3558 1179 3622 acsi
1231 3558 1293 3621 Est
1316 3565 1424 3621 autem
1447 3556 1592 3640 vulgaris
1622 3556 1820 3639 metaphora,
1852 3579 1915 3640 qua
1937 3559 2099 3623 Dominus
2128 3580 2204 3642 poe·

205 3645 297 3710 Deus
331 3665 442 3708 eornm
475 3665 576 3709 manu
610 3642 734 3707 coelum
764 3656 798 3706 et
826 3652 947 3707 terram
980 3642 1019 3706 de
1051 3644 1179 3725 integro
1232 3663 1308 3706 nam
1330 3663 1427 3724 quam
1450 3643 1569 3725 infligit
1591 3644 1657 3707 suis
1680 3644 1844 3725 potionem
1867 3653 1972 3722 voest,
2001 3654 2058 3708 aut
2079 3656 2204 3711 certam

204 3732 371 3796 formaret.
417 3730 527 3812 Atque
561 3729 638 3793 bine
671 3738 804 3812 apparet
838 3738 960 3810 quanta
986 3729 1027 3791 sit
1057 3729 1178 3809 peccati
1231 3748 1417 3792 mensuram
1433 3747 1529 3808 quam
1546 3729 1716 3811 unicnique
1732 3727 1911 3795 destribuit.
1942 3729 2077 3810 Quoties
2093 3740 2205 3797 tamen

205 3817 311 3881 nostri
333 3817 496 3888 atrocitas,
525 3838 565 3879 ex
595 3835 659 3897 quo
687 3826 753 3877 tam
785 3813 950 3878 horribilis
979 3813 1179 3896 perturbatio
1232 3815 1271 3878 de
1293 3813 1404 3878 electis
1427 3815 1544 3899 agitur,
1568 3813 1648 3878 haec
1677 3813 1786 3880 calicis
1816 3816 1991 3897 appellatio
2023 3815 2063 3879 ad
2094 3817 2205 3882 mode·

205 3904 239 3966 in
264 3920 370 3965 rerum
395 3912 511 3965 natura
533 3909 672 3982 sequuta
694 3911 753 3964 est.
799 3899 964 3966 Dicuntur
987 3920 1064 3982 ergo
1086 3899 1177 3982 plan·
1231 3901 1390 3964 rationem
1424 3900 1526 3963 divini
1559 3898 1669 3964 iudicii
1707 3902 1952 3982 exprimendam
1984 3903 2077 3967 fauit:
2118 3905 2203 3986 quod

205 3987 269 4051 tari
292 3986 374 4051 coeli
392 3995 425 4049 et
443 3986 573 4050 fundari
592 3998 689 4063 terra,
712 4005 810 4067 quum
830 3985 994 4050 Dominus
1011 3984 1178 4050 ecclesiam
1231 3985 1404 4064 Dominus,
1431 3986 1561 4050 tametsi
1585 3985 1696 4051 durius
1718 3986 1959 4052 animadvertat
1985 3988 2019 4052 in
2048 3988 2203 4071 populum

203 4094 296 4138 suam
319 4072 419 4136 verbo
441 4072 619 4137 constituit.
663 4070 737 4136 Hoc
759 4080 867 4136 autem
899 4072 977 4137 facit
999 4089 1097 4153 opera
1120 4073 1179 4135 mi·
1231 4092 1336 4146 suum,
1358 4070 1487 4134 modum
1516 4080 1623 4135 tamen
1652 4071 1812 4138 adhibeat.
1858 4071 1911 4137 Ita
1939 4075 2061 4157 accipio
2088 4074 2203 4139 dictio·

203 4160 392 4234 nistrorum,
411 4178 491 4239 quos
506 4158 574 4241 egit
591 4158 709 4239 spiritu
727 4179 794 4234 suo,
813 4168 847 4222 et
861 4157 1019 4222 adversus
1035 4158 1178 4221 bostium
1231 4178 1305 4221 nem
1328 4142 1454 4237 nbtt'ttt,
1477 4177 1537 4240 pro
1560 4178 1680 4242 angore
1703 4166 1760 4222 aut
1790 4167 1939 4233 tremore,
1970 4180 2034 4242 quo
2056 4160 2124 4225 fere
2147 4182 2203 4225 ex·

205 4245 340 4309 insidias
362 4256 394 4307 et
416 4244 508 4308 varia
530 4243 674 4324 pericula
697 4251 832 4320 tutatur,
860 4254 898 4306 ut
921 4243 1095 4307 efficaciter
1116 4244 1177 4306 im·
1231 4244 1419 4308 animantur
1438 4241 1595 4321 homines,
1625 4264 1723 4325 quum
1751 4243 1908 4326 gravibus
1937 4247 2103 4311 aerumnis
2128 4266 2203 4328 pre·

203 4332 320 4412 plsant
342 4329 426 4410 quod
454 4329 607 4394 iniunxit.
652 4328 799 4392 Tandem
830 4329 973 4393 ostendit
995 4329 1093 4393 altius
1115 4329 1178 4394 hoe
1230 4339 1375 4393 muntur.
1418 4327 1514 4393 Tales
1532 4329 1612 4393 ebrii
1631 4329 1694 4395 diei
1716 4340 1860 4410 possunt,
1884 4332 1993 4413 utqui
2010 4332 2202 4395 universum

204 4425 360 4494 spectare,
390 4436 487 4496 quam
516 4413 556 4479 ad
584 4413 746 4478 visibilem
777 4415 889 4478 mundi
919 4414 1067 4489 formam,
1096 4435 1178 4496 quae
1231 4414 1381 4498 poeulum
1416 4414 1654 4493 exhauserunt,
1686 4414 1772 4496 quod
1805 4415 1887 4479 nihil
1921 4416 1989 4481 fere
2018 4417 2058 4480 ad
2089 4437 2201 4482 eorum

203 4503 268 4565 cito
299 4502 471 4581 praeterit:
506 4520 623 4583 nempe
651 4509 689 4563 ut
718 4520 809 4581 spem
833 4501 921 4564 vitae
950 4501 1097 4564 coelestis
1124 4521 1178 4564 ex·
1231 4500 1395 4566 miseriam
1430 4510 1464 4565 et
1496 4500 1714 4567 calamitatem
1748 4499 1825 4565 addi
1857 4501 1968 4583 possit.
2020 4502 2130 4584 Atque
2153 4523 2202 4566 -ee

203 4589 284 4652 citet
317 4605 355 4649 ae
388 4585 495 4651 foveat
523 4587 556 4649 in
587 4586 738 4650 cordibus
768 4586 904 4667 piorum.
956 4585 1048 4652 Haec
1082 4606 1177 4668 porro
1230 4587 1374 4669 pertinet
1395 4586 1480 4736 lmd
1504 4586 1602 4664 addit,
1631 4587 1816 4668 aegrotem.
1861 4587 2037 4653 (laetarum
2060 4589 2112 4654 hic
2133 4609 2202 4652 mo·

204 4693 282 4738 vera
304 4669 457 4736 ecelesiae
484 4671 651 4749 stabilitas,
681 4670 762 4735 haee
791 4670 902 4734 mundi
932 4671 1096 4736 restitutio
1119 4685 1177 4752 ιιι,
1231 4683 1329 4738 netur
1351 4672 1494 4751 eeeesia,
1518 4694 1583 4735 non
1607 4671 1737 4736 aliunde
1760 4672 1821 4737 sibi
1849 4674 1935 4738 mala
1964 4675 2074 4739 omnia
2102 4694 2201 4756 quam

203 4761 249 4823 ita
272 4755 379 4839 colligi
402 4755 521 4821 eleetos
543 4759 578 4820 in
597 4758 671 4821 fidei
690 4757 858 4830 unitatem,
881 4768 917 4820 ut
935 4778 1000 4821 uno
1018 4778 1176 4823 consensu
1230 4757 1334 4822 aDei
1365 4780 1463 4822 manu
1496 4758 1677 4841 provenire,
1707 4779 1748 4822 ne
1774 4759 1906 4824 fortuito
1936 4760 2016 4825 haee
2047 4759 2202 4839 accidere,

202 4863 316 4909 ornnes
339 4841 379 4905 ad
403 4842 509 4906 Deum
538 4844 693 4925 aspirent,
723 4842 991 4924 quemadmodum
1022 4864 1077 4908 sos
1102 4864 1176 4908 sua·
1229 4855 1287 4907 aut
1317 4865 1351 4909 se
1380 4844 1544 4908 immerito
1578 4843 1678 4926 affligi
1714 4855 1814 4926 putet.
1869 4845 1945 4910 Huc
1978 4845 2065 4909 enim
2098 4844 2202 4910 tendit

203 4931 288 4995 viter
310 4938 344 4993 et
373 4926 489 4993 blande
516 4929 635 4994 invitat
665 4930 726 4995 hae
756 4949 849 4994 voce:
879 4928 952 5013 llgo
981 4928 1072 4993 Deus
1101 4936 1177 4995 tuus
1230 4930 1409 5012 propheta,
1449 4939 1487 4992 ut
1527 4927 1667 5012 populus
1705 4950 1739 4995 se
1779 4931 1882 4995 iustas
1923 4929 2082 4995 scelerum
2127 4950 2202 4996 suo-

202 5037 283 5082 sum.
329 5015 440 5097 Atque
462 5013 539 5079 hine
561 5025 697 5097 apparet
726 5016 838 5099 quanti
861 5016 902 5079 sit
925 5015 997 5079 Deo
1024 5013 1178 5080 eeclesiae
1231 5034 1305 5078 rum
1329 5035 1449 5097 poenas
1476 5013 1604 5079 dedisse
1632 5014 1802 5100 intelligat.
1848 5016 1917 5080 Neu
1947 5016 2034 5079 enim
2067 5036 2202 5102 surgere

203 5101 302 5185 salus,
325 5121 427 5183 quum
450 5120 516 5164 non
538 5100 643 5164 solum
667 5121 738 5166 eam
763 5103 917 5166 universo
940 5099 1062 5164 mundo
1084 5121 1177 5183 prac-
1230 5101 1401 5184 quisquam
1422 5110 1528 5182 potest
1550 5102 1613 5167 nisi
1636 5102 1764 5185 lapsum
1794 5101 1883 5186 prius
1905 5122 2000 5166 suum
2023 5104 2202 5185 agnoverit,

203 5188 297 5264 ferat,
327 5186 504 5253 sedetiam
532 5186 681 5249 ostendat
707 5187 821 5252 mundi
850 5186 1113 5251 constitutionem
1137 5188 1178 5252 ab
1231 5207 1292 5251 nec
1314 5186 1488 5251 liberaria
1519 5189 1648 5251 miseria
1676 5188 1738 5253 nisi
1769 5189 1862 5270 eulpa
1893 5207 1953 5252 sua
1981 5188 2137 5253 miserum
2167 5210 2201 5253 se

200 5274 415 5356 supendere.
460 5270 651 5337 Notandum
674 5282 725 5336 ιιι
746 5274 843 5338 etiam
863 5271 957 5355 quale
980 5273 1023 5337 sit
1039 5272 1177 5338 verbum
1230 5292 1301 5338 esse
1323 5272 1494 5356 intelligat.
1539 5270 1689 5354 Denique
1712 5273 1837 5338 nullum
1860 5274 1967 5339 locum
1988 5273 2108 5341 habere
2130 5294 2201 5358 pos-
