<?xml version="1.0" encoding="UTF-8"?>
<!DOCTYPE html PUBLIC "-//W3C//DTD XHTML 1.0 Transitional//EN"
    "http://www.w3.org/TR/xhtml1/DTD/xhtml1-transitional.dtd">
<html xmlns="http://www.w3.org/1999/xhtml" xml:lang="en" lang="en">
 <head>
  <title>
</title>
<meta http-equiv="Content-Type" content="text/html;charset=utf-8" />
  <meta name='ocr-system' content='tesseract 3.04.00' />
  <meta name='ocr-capabilities' content='ocr_page ocr_carea ocr_par ocr_line ocrx_word'/>
</head>
<body>
  <div class='ocr_page' id='page_1' title='image "./corpusreformato04melagoog_0209.png"; bbox 0 0 4784 5970; ppageno 0'>
   <div class='ocr_carea' id='block_1_1' title="bbox 188 357 2178 427">
    <p class='ocr_par' dir='ltr' id='par_1_1' title="bbox 188 357 2178 427">
     <span class='ocr_line' id='line_1_1' title="bbox 188 357 2178 427; baseline 0.002 -5"><span class='ocrx_word' id='word_1_1' title='bbox 188 357 249 423; x_wconf 79' lang='lat'>387</span> <span class='ocrx_word' id='word_1_2' title='bbox 1042 359 1092 427; x_wconf 87' lang='lat' dir='ltr'>IN</span> <span class='ocrx_word' id='word_1_3' title='bbox 1114 358 1280 426; x_wconf 74' lang='lat' dir='ltr'>Istlutt</span> <span class='ocrx_word' id='word_1_4' title='bbox 2114 358 2178 425; x_wconf 79' lang='lat'>388</span> 
     </span>
    </p>
   </div>
   <div class='ocr_carea' id='block_1_2' title="bbox 189 545 2184 5334">
    <p class='ocr_par' dir='ltr' id='par_1_2' title="bbox 189 545 2180 1314">
     <span class='ocr_line' id='line_1_2' title="bbox 190 545 2180 632; baseline -0.003 -16"><span class='ocrx_word' id='word_1_5' title='bbox 190 550 286 616; x_wconf 87' lang='lat' dir='ltr'>silere</span> <span class='ocrx_word' id='word_1_6' title='bbox 308 557 406 629; x_wconf 90' lang='lat' dir='ltr'>vetat,</span> <span class='ocrx_word' id='word_1_7' title='bbox 429 549 505 631; x_wconf 92' lang='lat' dir='ltr'>quia</span> <span class='ocrx_word' id='word_1_8' title='bbox 523 547 594 613; x_wconf 91' lang='lat' dir='ltr'>vult</span> <span class='ocrx_word' id='word_1_9' title='bbox 616 546 745 612; x_wconf 90' lang='lat' dir='ltr'>sedulos</span> <span class='ocrx_word' id='word_1_10' title='bbox 767 568 806 613; x_wconf 90' lang='lat' dir='ltr'>ac</span> <span class='ocrx_word' id='word_1_11' title='bbox 823 546 995 632; x_wconf 79' lang='lat' dir='ltr'><strong>diligentes</strong></span> <span class='ocrx_word' id='word_1_12' title='bbox 1014 568 1100 613; x_wconf 89' lang='lat' dir='ltr'>esse:</span> <span class='ocrx_word' id='word_1_13' title='bbox 1123 547 1159 611; x_wconf 94' lang='lat' dir='ltr'>in</span> <span class='ocrx_word' id='word_1_14' title='bbox 1297 547 1326 613; x_wconf 92' lang='lat'>8.</span> <span class='ocrx_word' id='word_1_15' title='bbox 1350 545 1491 631; x_wconf 73' lang='lat' dir='ltr'>(Iuravit</span> <span class='ocrx_word' id='word_1_16' title='bbox 1507 545 1689 632; x_wconf 79' lang='lat' dir='ltr'>Dominus.)</span> <span class='ocrx_word' id='word_1_17' title='bbox 1720 546 1932 630; x_wconf 73' lang='lat' dir='ltr'>Persequitur</span> <span class='ocrx_word' id='word_1_18' title='bbox 1950 545 2180 613; x_wconf 69' lang='lat' dir='ltr'>similitudines</span> 
     </span>
     <span class='ocr_line' id='line_1_3' title="bbox 190 631 2179 719; baseline -0.002 -19"><span class='ocrx_word' id='word_1_19' title='bbox 190 655 253 719; x_wconf 91' lang='lat' dir='ltr'>quo</span> <span class='ocrx_word' id='word_1_20' title='bbox 281 635 423 701; x_wconf 81' lang='lat' dir='ltr'>ostendit</span> <span class='ocrx_word' id='word_1_21' title='bbox 452 645 652 717; x_wconf 82' lang='lat' dir='ltr'>quantopere</span> <span class='ocrx_word' id='word_1_22' title='bbox 681 632 840 699; x_wconf 89' lang='lat' dir='ltr'>sollicitus</span> <span class='ocrx_word' id='word_1_23' title='bbox 868 635 912 699; x_wconf 92' lang='lat' dir='ltr'>sit</span> <span class='ocrx_word' id='word_1_24' title='bbox 940 632 979 697; x_wconf 94' lang='lat' dir='ltr'>de</span> <span class='ocrx_word' id='word_1_25' title='bbox 1008 632 1160 698; x_wconf 87' lang='lat' dir='ltr'>ecclesiae</span> <span class='ocrx_word' id='word_1_26' title='bbox 1211 631 1329 716; x_wconf 91' lang='lat' dir='ltr'>quibus</span> <span class='ocrx_word' id='word_1_27' title='bbox 1349 641 1446 697; x_wconf 88' lang='lat' dir='ltr'>antea</span> <span class='ocrx_word' id='word_1_28' title='bbox 1468 655 1546 698; x_wconf 90' lang='lat' dir='ltr'>usus</span> <span class='ocrx_word' id='word_1_29' title='bbox 1568 643 1631 699; x_wconf 91' lang='lat' dir='ltr'>est:</span> <span class='ocrx_word' id='word_1_30' title='bbox 1656 653 1733 698; x_wconf 89' lang='lat' dir='ltr'>nam</span> <span class='ocrx_word' id='word_1_31' title='bbox 1757 653 1856 715; x_wconf 91' lang='lat' dir='ltr'>quum</span> <span class='ocrx_word' id='word_1_32' title='bbox 1877 654 1936 716; x_wconf 91' lang='lat' dir='ltr'>pro</span> <span class='ocrx_word' id='word_1_33' title='bbox 1958 632 2092 699; x_wconf 91' lang='lat' dir='ltr'>modulo</span> <span class='ocrx_word' id='word_1_34' title='bbox 2113 653 2179 698; x_wconf 77' lang='lat' dir='ltr'>car·</span> 
     </span>
     <span class='ocr_line' id='line_1_4' title="bbox 190 718 2180 802; baseline -0.002 -17"><span class='ocrx_word' id='word_1_35' title='bbox 190 721 303 786; x_wconf 89' lang='lat' dir='ltr'>salute.</span> <span class='ocrx_word' id='word_1_36' title='bbox 360 721 514 785; x_wconf 73' lang='lat' dir='ltr'>Testatur</span> <span class='ocrx_word' id='word_1_37' title='bbox 552 721 650 783; x_wconf 92' lang='lat' dir='ltr'>etiam</span> <span class='ocrx_word' id='word_1_38' title='bbox 690 719 742 784; x_wconf 92' lang='lat' dir='ltr'>hic</span> <span class='ocrx_word' id='word_1_39' title='bbox 774 719 865 784; x_wconf 91' lang='lat' dir='ltr'>locus</span> <span class='ocrx_word' id='word_1_40' title='bbox 898 719 1063 801; x_wconf 89' lang='lat' dir='ltr'>singulare</span> <span class='ocrx_word' id='word_1_41' title='bbox 1095 718 1160 783; x_wconf 90' lang='lat' dir='ltr'>Dei</span> <span class='ocrx_word' id='word_1_42' title='bbox 1211 719 1263 783; x_wconf 91' lang='lat' dir='ltr'>nis</span> <span class='ocrx_word' id='word_1_43' title='bbox 1291 729 1420 783; x_wconf 89' lang='lat' dir='ltr'>nostrae</span> <span class='ocrx_word' id='word_1_44' title='bbox 1446 718 1571 785; x_wconf 84' lang='lat' dir='ltr'>Ohristi</span> <span class='ocrx_word' id='word_1_45' title='bbox 1600 739 1739 802; x_wconf 90' lang='lat' dir='ltr'>regnum</span> <span class='ocrx_word' id='word_1_46' title='bbox 1768 719 1908 802; x_wconf 82' lang='lat' dir='ltr'>exprimi</span> <span class='ocrx_word' id='word_1_47' title='bbox 1937 730 2092 800; x_wconf 88' lang='lat' dir='ltr'>nequeat,</span> <span class='ocrx_word' id='word_1_48' title='bbox 2120 718 2180 783; x_wconf 91' lang='lat' dir='ltr'>snb</span> 
     </span>
     <span class='ocr_line' id='line_1_5' title="bbox 190 802 2180 888; baseline -0.002 -16"><span class='ocrx_word' id='word_1_49' title='bbox 190 806 380 872; x_wconf 87' lang='lat' dir='ltr'>beneficium</span> <span class='ocrx_word' id='word_1_50' title='bbox 404 826 484 883; x_wconf 92' lang='lat' dir='ltr'>esse,</span> <span class='ocrx_word' id='word_1_51' title='bbox 514 805 599 887; x_wconf 93' lang='lat' dir='ltr'>quod</span> <span class='ocrx_word' id='word_1_52' title='bbox 622 803 703 869; x_wconf 90' lang='lat' dir='ltr'>lidos</span> <span class='ocrx_word' id='word_1_53' title='bbox 732 804 889 869; x_wconf 90' lang='lat' dir='ltr'>habemus</span> <span class='ocrx_word' id='word_1_54' title='bbox 918 813 1073 887; x_wconf 89' lang='lat' dir='ltr'>pastores,</span> <span class='ocrx_word' id='word_1_55' title='bbox 1104 805 1160 887; x_wconf 92' lang='lat' dir='ltr'>qui</span> <span class='ocrx_word' id='word_1_56' title='bbox 1210 805 1326 887; x_wconf 90' lang='lat' dir='ltr'>figuris</span> <span class='ocrx_word' id='word_1_57' title='bbox 1361 804 1468 886; x_wconf 90' lang='lat' dir='ltr'>ipsum</span> <span class='ocrx_word' id='word_1_58' title='bbox 1508 803 1640 888; x_wconf 80' lang='lat' dir='ltr'>depingi</span> <span class='ocrx_word' id='word_1_59' title='bbox 1677 805 1831 886; x_wconf 90' lang='lat' dir='ltr'>oportuit.</span> <span class='ocrx_word' id='word_1_60' title='bbox 1895 802 2180 886; x_wconf 79' lang='lat' dir='ltr'>Quemadmodum</span> 
     </span>
     <span class='ocr_line' id='line_1_6' title="bbox 189 888 2180 975; baseline -0.003 -17"><span class='ocrx_word' id='word_1_61' title='bbox 189 913 301 963; x_wconf 89' lang='lat' dir='ltr'>curam</span> <span class='ocrx_word' id='word_1_62' title='bbox 324 893 428 957; x_wconf 88' lang='lat' dir='ltr'>nostri</span> <span class='ocrx_word' id='word_1_63' title='bbox 450 901 574 975; x_wconf 88' lang='lat' dir='ltr'>garant.</span> <span class='ocrx_word' id='word_1_64' title='bbox 619 890 704 954; x_wconf 92' lang='lat' dir='ltr'>Nam</span> <span class='ocrx_word' id='word_1_65' title='bbox 726 890 879 973; x_wconf 91' lang='lat' dir='ltr'>periculis</span> <span class='ocrx_word' id='word_1_66' title='bbox 902 891 1008 955; x_wconf 92' lang='lat' dir='ltr'>omnis</span> <span class='ocrx_word' id='word_1_67' title='bbox 1031 889 1160 973; x_wconf 92' lang='lat' dir='ltr'>generis</span> <span class='ocrx_word' id='word_1_68' title='bbox 1211 892 1314 973; x_wconf 88' lang='lat' dir='ltr'>igitur</span> <span class='ocrx_word' id='word_1_69' title='bbox 1344 890 1436 973; x_wconf 89' lang='lat' dir='ltr'>prius</span> <span class='ocrx_word' id='word_1_70' title='bbox 1468 889 1701 955; x_wconf 90' lang='lat' dir='ltr'>abundantiam</span> <span class='ocrx_word' id='word_1_71' title='bbox 1731 911 1840 955; x_wconf 92' lang='lat' dir='ltr'>rernm</span> <span class='ocrx_word' id='word_1_72' title='bbox 1870 891 2033 967; x_wconf 90' lang='lat' dir='ltr'>omnium,</span> <span class='ocrx_word' id='word_1_73' title='bbox 2065 888 2180 954; x_wconf 89' lang='lat' dir='ltr'>deinde</span> 
     </span>
     <span class='ocr_line' id='line_1_7' title="bbox 189 974 2179 1062; baseline -0.003 -18"><span class='ocrx_word' id='word_1_74' title='bbox 189 979 328 1062; x_wconf 88' lang='lat' dir='ltr'>expositi</span> <span class='ocrx_word' id='word_1_75' title='bbox 357 998 470 1042; x_wconf 90' lang='lat' dir='ltr'>sumus</span> <span class='ocrx_word' id='word_1_76' title='bbox 503 988 536 1042; x_wconf 89' lang='lat' dir='ltr'>et</span> <span class='ocrx_word' id='word_1_77' title='bbox 568 984 717 1058; x_wconf 88' lang='lat' dir='ltr'>patemus</span> <span class='ocrx_word' id='word_1_78' title='bbox 749 974 877 1040; x_wconf 91' lang='lat' dir='ltr'>insidiis</span> <span class='ocrx_word' id='word_1_79' title='bbox 911 974 1063 1054; x_wconf 83' lang='lat' dir='ltr'>Satanae,</span> <span class='ocrx_word' id='word_1_80' title='bbox 1097 976 1159 1040; x_wconf 90' lang='lat' dir='ltr'>uisi</span> <span class='ocrx_word' id='word_1_81' title='bbox 1210 974 1309 1040; x_wconf 89' lang='lat' dir='ltr'>fidam</span> <span class='ocrx_word' id='word_1_82' title='bbox 1332 974 1512 1040; x_wconf 90' lang='lat' dir='ltr'>custodiam</span> <span class='ocrx_word' id='word_1_83' title='bbox 1535 977 1692 1059; x_wconf 83' lang='lat' dir='ltr'>promisit,</span> <span class='ocrx_word' id='word_1_84' title='bbox 1716 995 1780 1058; x_wconf 91' lang='lat' dir='ltr'>qua</span> <span class='ocrx_word' id='word_1_85' title='bbox 1803 984 1873 1039; x_wconf 89' lang='lat' dir='ltr'>tuta</span> <span class='ocrx_word' id='word_1_86' title='bbox 1895 977 1940 1039; x_wconf 92' lang='lat' dir='ltr'>sit</span> <span class='ocrx_word' id='word_1_87' title='bbox 1959 976 2090 1058; x_wconf 88' lang='lat' dir='ltr'>piorum</span> <span class='ocrx_word' id='word_1_88' title='bbox 2108 994 2179 1039; x_wconf 91' lang='lat' dir='ltr'>con·</span> 
     </span>
     <span class='ocr_line' id='line_1_8' title="bbox 189 1059 2178 1144; baseline -0.003 -15"><span class='ocrx_word' id='word_1_89' title='bbox 189 1085 250 1130; x_wconf 91' lang='lat' dir='ltr'>nos</span> <span class='ocrx_word' id='word_1_90' title='bbox 272 1063 434 1128; x_wconf 91' lang='lat' dir='ltr'>Dominus</span> <span class='ocrx_word' id='word_1_91' title='bbox 456 1062 625 1144; x_wconf 90' lang='lat' dir='ltr'>praesidiis</span> <span class='ocrx_word' id='word_1_92' title='bbox 643 1062 711 1126; x_wconf 90' lang='lat' dir='ltr'>suis</span> <span class='ocrx_word' id='word_1_93' title='bbox 730 1071 871 1126; x_wconf 89' lang='lat' dir='ltr'>tueatur.</span> <span class='ocrx_word' id='word_1_94' title='bbox 904 1060 1014 1141; x_wconf 89' lang='lat' dir='ltr'>Quare</span> <span class='ocrx_word' id='word_1_95' title='bbox 1032 1081 1161 1143; x_wconf 86' lang='lat' dir='ltr'>semper</span> <span class='ocrx_word' id='word_1_96' title='bbox 1212 1059 1299 1139; x_wconf 89' lang='lat' dir='ltr'>ditio,</span> <span class='ocrx_word' id='word_1_97' title='bbox 1323 1060 1370 1125; x_wconf 91' lang='lat' dir='ltr'>ita</span> <span class='ocrx_word' id='word_1_98' title='bbox 1392 1060 1445 1124; x_wconf 94' lang='lat' dir='ltr'>hic</span> <span class='ocrx_word' id='word_1_99' title='bbox 1466 1081 1579 1144; x_wconf 92' lang='lat' dir='ltr'>pacem</span> <span class='ocrx_word' id='word_1_100' title='bbox 1602 1073 1634 1125; x_wconf 92' lang='lat' dir='ltr'>et</span> <span class='ocrx_word' id='word_1_101' title='bbox 1655 1062 1807 1144; x_wconf 87' lang='lat' dir='ltr'>quietem,</span> <span class='ocrx_word' id='word_1_102' title='bbox 1836 1081 1900 1144; x_wconf 90' lang='lat' dir='ltr'>qua</span> <span class='ocrx_word' id='word_1_103' title='bbox 1921 1060 2048 1144; x_wconf 87' lang='lat' dir='ltr'>placide</span> <span class='ocrx_word' id='word_1_104' title='bbox 2069 1060 2178 1125; x_wconf 83' lang='lat' dir='ltr'>fruan-</span> 
     </span>
     <span class='ocr_line' id='line_1_9' title="bbox 189 1145 2177 1233; baseline -0.003 -19"><span class='ocrx_word' id='word_1_105' title='bbox 189 1150 355 1233; x_wconf 85' lang='lat' dir='ltr'>rogandus</span> <span class='ocrx_word' id='word_1_106' title='bbox 377 1160 436 1226; x_wconf 88' lang='lat' dir='ltr'>cst,</span> <span class='ocrx_word' id='word_1_107' title='bbox 459 1158 496 1212; x_wconf 88' lang='lat' dir='ltr'>ut</span> <span class='ocrx_word' id='word_1_108' title='bbox 518 1169 577 1213; x_wconf 93' lang='lat' dir='ltr'>nos</span> <span class='ocrx_word' id='word_1_109' title='bbox 606 1148 723 1229; x_wconf 87' lang='lat' dir='ltr'>quibus</span> <span class='ocrx_word' id='word_1_110' title='bbox 747 1147 836 1211; x_wconf 92' lang='lat' dir='ltr'>videt</span> <span class='ocrx_word' id='word_1_111' title='bbox 862 1167 944 1229; x_wconf 89' lang='lat' dir='ltr'>opus</span> <span class='ocrx_word' id='word_1_112' title='bbox 972 1167 1042 1211; x_wconf 91' lang='lat' dir='ltr'>esse</span> <span class='ocrx_word' id='word_1_113' title='bbox 1067 1167 1159 1228; x_wconf 87' lang='lat' dir='ltr'>prae·</span> <span class='ocrx_word' id='word_1_114' title='bbox 1212 1157 1267 1209; x_wconf 91' lang='lat' dir='ltr'>tur</span> <span class='ocrx_word' id='word_1_115' title='bbox 1289 1147 1381 1210; x_wconf 91' lang='lat' dir='ltr'>bonis</span> <span class='ocrx_word' id='word_1_116' title='bbox 1403 1147 1485 1225; x_wconf 91' lang='lat' dir='ltr'>suis,</span> <span class='ocrx_word' id='word_1_117' title='bbox 1516 1167 1622 1229; x_wconf 91' lang='lat' dir='ltr'>neque</span> <span class='ocrx_word' id='word_1_118' title='bbox 1650 1148 1685 1210; x_wconf 93' lang='lat' dir='ltr'>in</span> <span class='ocrx_word' id='word_1_119' title='bbox 1707 1154 1873 1229; x_wconf 89' lang='lat' dir='ltr'>posterum</span> <span class='ocrx_word' id='word_1_120' title='bbox 1900 1147 1941 1212; x_wconf 89' lang='lat' dir='ltr'>iis</span> <span class='ocrx_word' id='word_1_121' title='bbox 1970 1145 2177 1211; x_wconf 78' lang='lat' dir='ltr'>fraudentur:</span> 
     </span>
     <span class='ocr_line' id='line_1_10' title="bbox 189 1231 2179 1314; baseline -0.003 -14"><span class='ocrx_word' id='word_1_122' title='bbox 189 1235 281 1301; x_wconf 89' lang='lat' dir='ltr'>sidiis</span> <span class='ocrx_word' id='word_1_123' title='bbox 304 1235 439 1299; x_wconf 91' lang='lat' dir='ltr'>muniat.</span> <span class='ocrx_word' id='word_1_124' title='bbox 1212 1251 1249 1296; x_wconf 92' lang='lat' dir='ltr'>ac</span> <span class='ocrx_word' id='word_1_125' title='bbox 1272 1232 1299 1295; x_wconf 90' lang='lat' dir='ltr'>si</span> <span class='ocrx_word' id='word_1_126' title='bbox 1322 1231 1457 1310; x_wconf 86' lang='lat' dir='ltr'>diceret,</span> <span class='ocrx_word' id='word_1_127' title='bbox 1490 1231 1656 1314; x_wconf 80' lang='lat' dir='ltr'>Quidquid</span> <span class='ocrx_word' id='word_1_128' title='bbox 1686 1231 1830 1297; x_wconf 80' lang='lat' dir='ltr'>habuisti</span> <span class='ocrx_word' id='word_1_129' title='bbox 1852 1233 1886 1296; x_wconf 95' lang='lat' dir='ltr'>in</span> <span class='ocrx_word' id='word_1_130' title='bbox 1908 1232 2061 1297; x_wconf 89' lang='lat' dir='ltr'>manibus</span> <span class='ocrx_word' id='word_1_131' title='bbox 2085 1243 2179 1296; x_wconf 87' lang='lat' dir='ltr'>antea</span> 
     </span>
    </p>

    <p class='ocr_par' dir='ltr' id='par_1_3' title="bbox 189 1316 2183 2940">
     <span class='ocr_line' id='line_1_11' title="bbox 277 1316 2179 1405; baseline -0.002 -22"><span class='ocrx_word' id='word_1_132' title='bbox 277 1322 304 1385; x_wconf 79' lang='lat'>7.</span> <span class='ocrx_word' id='word_1_133' title='bbox 339 1319 397 1405; x_wconf 81' lang='lat' dir='ltr'>(Et</span> <span class='ocrx_word' id='word_1_134' title='bbox 417 1340 455 1384; x_wconf 78' lang='lat' dir='ltr'>nc</span> <span class='ocrx_word' id='word_1_135' title='bbox 476 1318 578 1402; x_wconf 75' lang='lat' dir='ltr'>dedis.)</span> <span class='ocrx_word' id='word_1_136' title='bbox 622 1318 792 1383; x_wconf 89' lang='lat' dir='ltr'>Heotenus</span> <span class='ocrx_word' id='word_1_137' title='bbox 823 1316 978 1399; x_wconf 90' lang='lat' dir='ltr'>loquutus</span> <span class='ocrx_word' id='word_1_138' title='bbox 995 1324 1058 1383; x_wconf 91' lang='lat' dir='ltr'>·est</span> <span class='ocrx_word' id='word_1_139' title='bbox 1088 1339 1160 1400; x_wconf 88' lang='lat' dir='ltr'>pro·</span> <span class='ocrx_word' id='word_1_140' title='bbox 1212 1317 1351 1399; x_wconf 79' lang='lat' dir='ltr'>praedae</span> <span class='ocrx_word' id='word_1_141' title='bbox 1382 1328 1415 1380; x_wconf 93' lang='lat' dir='ltr'>et</span> <span class='ocrx_word' id='word_1_142' title='bbox 1445 1316 1617 1400; x_wconf 90' lang='lat' dir='ltr'>direptioni</span> <span class='ocrx_word' id='word_1_143' title='bbox 1650 1319 1835 1400; x_wconf 90' lang='lat' dir='ltr'>expositum</span> <span class='ocrx_word' id='word_1_144' title='bbox 1863 1317 1939 1382; x_wconf 89' lang='lat' dir='ltr'>fcit:</span> <span class='ocrx_word' id='word_1_145' title='bbox 1974 1337 2067 1383; x_wconf 90' lang='lat' dir='ltr'>nunc</span> <span class='ocrx_word' id='word_1_146' title='bbox 2094 1327 2179 1382; x_wconf 83' lang='lat' dir='ltr'>sarta</span> 
     </span>
     <span class='ocr_line' id='line_1_12' title="bbox 189 1402 2178 1491; baseline -0.003 -20"><span class='ocrx_word' id='word_1_147' title='bbox 189 1407 289 1491; x_wconf 88' lang='lat' dir='ltr'>pheta</span> <span class='ocrx_word' id='word_1_148' title='bbox 311 1406 351 1470; x_wconf 93' lang='lat' dir='ltr'>de</span> <span class='ocrx_word' id='word_1_149' title='bbox 374 1426 509 1470; x_wconf 91' lang='lat' dir='ltr'>munere</span> <span class='ocrx_word' id='word_1_150' title='bbox 537 1411 571 1468; x_wconf 95' lang='lat' dir='ltr'>et</span> <span class='ocrx_word' id='word_1_151' title='bbox 592 1403 700 1468; x_wconf 90' lang='lat' dir='ltr'>studio</span> <span class='ocrx_word' id='word_1_152' title='bbox 731 1402 884 1468; x_wconf 89' lang='lat' dir='ltr'>docendi:</span> <span class='ocrx_word' id='word_1_153' title='bbox 918 1404 974 1468; x_wconf 92' lang='lat' dir='ltr'>sed</span> <span class='ocrx_word' id='word_1_154' title='bbox 1005 1406 1159 1487; x_wconf 90' lang='lat' dir='ltr'>quoniam</span> <span class='ocrx_word' id='word_1_155' title='bbox 1213 1402 1270 1466; x_wconf 91' lang='lat' dir='ltr'>tibi</span> <span class='ocrx_word' id='word_1_156' title='bbox 1294 1414 1326 1466; x_wconf 91' lang='lat' dir='ltr'>et</span> <span class='ocrx_word' id='word_1_157' title='bbox 1349 1411 1434 1467; x_wconf 87' lang='lat' dir='ltr'>tecta</span> <span class='ocrx_word' id='word_1_158' title='bbox 1456 1414 1554 1468; x_wconf 89' lang='lat' dir='ltr'>eruut</span> <span class='ocrx_word' id='word_1_159' title='bbox 1577 1404 1696 1478; x_wconf 90' lang='lat' dir='ltr'>omnia,</span> <span class='ocrx_word' id='word_1_160' title='bbox 1719 1414 1816 1486; x_wconf 90' lang='lat' dir='ltr'>atque</span> <span class='ocrx_word' id='word_1_161' title='bbox 1838 1402 1938 1469; x_wconf 88' lang='lat' dir='ltr'>libere</span> <span class='ocrx_word' id='word_1_162' title='bbox 1959 1402 2128 1468; x_wconf 86' lang='lat' dir='ltr'>frumento</span> <span class='ocrx_word' id='word_1_163' title='bbox 2147 1413 2178 1466; x_wconf 89' lang='lat' dir='ltr'>et</span> 
     </span>
     <span class='ocr_line' id='line_1_13' title="bbox 189 1487 2177 1572; baseline -0.004 -15"><span class='ocrx_word' id='word_1_164' title='bbox 189 1495 251 1557; x_wconf 93' lang='lat' dir='ltr'>hoc</span> <span class='ocrx_word' id='word_1_165' title='bbox 281 1513 347 1556; x_wconf 92' lang='lat' dir='ltr'>non</span> <span class='ocrx_word' id='word_1_166' title='bbox 377 1491 541 1555; x_wconf 87' lang='lat' dir='ltr'>sufficeret</span> <span class='ocrx_word' id='word_1_167' title='bbox 570 1491 633 1554; x_wconf 92' lang='lat' dir='ltr'>nisi</span> <span class='ocrx_word' id='word_1_168' title='bbox 664 1510 775 1570; x_wconf 91' lang='lat' dir='ltr'>preces</span> <span class='ocrx_word' id='word_1_169' title='bbox 804 1509 931 1572; x_wconf 89' lang='lat' dir='ltr'>quoque</span> <span class='ocrx_word' id='word_1_170' title='bbox 961 1489 1160 1568; x_wconf 86' lang='lat' dir='ltr'>accederent,</span> <span class='ocrx_word' id='word_1_171' title='bbox 1212 1488 1290 1552; x_wconf 90' lang='lat' dir='ltr'>vino</span> <span class='ocrx_word' id='word_1_172' title='bbox 1313 1498 1368 1552; x_wconf 90' lang='lat' dir='ltr'>tuo</span> <span class='ocrx_word' id='word_1_173' title='bbox 1391 1490 1540 1572; x_wconf 79' lang='lat' dir='ltr'>vesperis,</span> <span class='ocrx_word' id='word_1_174' title='bbox 1569 1488 1746 1570; x_wconf 91' lang='lat' dir='ltr'>tranquilla</span> <span class='ocrx_word' id='word_1_175' title='bbox 1776 1488 1914 1572; x_wconf 90' lang='lat' dir='ltr'>denique</span> <span class='ocrx_word' id='word_1_176' title='bbox 1942 1489 2006 1552; x_wconf 90' lang='lat' dir='ltr'>erit</span> <span class='ocrx_word' id='word_1_177' title='bbox 2030 1502 2089 1554; x_wconf 90' lang='lat' dir='ltr'>tua</span> <span class='ocrx_word' id='word_1_178' title='bbox 2111 1487 2177 1552; x_wconf 88' lang='lat' dir='ltr'>leli·</span> 
     </span>
     <span class='ocr_line' id='line_1_14' title="bbox 190 1573 2178 1662; baseline -0.002 -21"><span class='ocrx_word' id='word_1_179' title='bbox 190 1577 304 1662; x_wconf 80' lang='lat' dir='ltr'>adeas</span> <span class='ocrx_word' id='word_1_180' title='bbox 322 1578 490 1641; x_wconf 89' lang='lat' dir='ltr'>ministros</span> <span class='ocrx_word' id='word_1_181' title='bbox 510 1576 600 1640; x_wconf 91' lang='lat' dir='ltr'>verbi</span> <span class='ocrx_word' id='word_1_182' title='bbox 619 1576 782 1639; x_wconf 89' lang='lat' dir='ltr'>hortatur:</span> <span class='ocrx_word' id='word_1_183' title='bbox 802 1576 1160 1659; x_wconf 88' lang='lat' dir='ltr'>namegoparticulam</span> <span class='ocrx_word' id='word_1_184' title='bbox 1212 1575 1302 1638; x_wconf 89' lang='lat' dir='ltr'>citas.</span> <span class='ocrx_word' id='word_1_185' title='bbox 1343 1573 1505 1651; x_wconf 82' lang='lat' dir='ltr'>Quoniam</span> <span class='ocrx_word' id='word_1_186' title='bbox 1529 1595 1605 1638; x_wconf 92' lang='lat' dir='ltr'>vero</span> <span class='ocrx_word' id='word_1_187' title='bbox 1627 1595 1666 1639; x_wconf 91' lang='lat' dir='ltr'>ea</span> <span class='ocrx_word' id='word_1_188' title='bbox 1688 1585 1738 1639; x_wconf 91' lang='lat' dir='ltr'>est</span> <span class='ocrx_word' id='word_1_189' title='bbox 1759 1588 1896 1639; x_wconf 89' lang='lat' dir='ltr'>naturae</span> <span class='ocrx_word' id='word_1_190' title='bbox 1919 1584 2050 1640; x_wconf 89' lang='lat' dir='ltr'>nostrae</span> <span class='ocrx_word' id='word_1_191' title='bbox 2073 1574 2178 1656; x_wconf 81' lang='lat' dir='ltr'>pravi·</span> 
     </span>
     <span class='ocr_line' id='line_1_15' title="bbox 190 1658 2179 1745; baseline -0.004 -16"><span class='ocrx_word' id='word_1_192' title='bbox 190 1666 220 1732; x_wconf 72' lang='lat' dir='ltr'>a</span> <span class='ocrx_word' id='word_1_193' title='bbox 243 1663 283 1727; x_wconf 90' lang='lat' dir='ltr'>ad</span> <span class='ocrx_word' id='word_1_194' title='bbox 307 1662 415 1727; x_wconf 90' lang='lat' dir='ltr'>Deum</span> <span class='ocrx_word' id='word_1_195' title='bbox 439 1659 641 1725; x_wconf 83' lang='lat' dir='ltr'>referendam</span> <span class='ocrx_word' id='word_1_196' title='bbox 668 1671 755 1742; x_wconf 89' lang='lat' dir='ltr'>pute.</span> <span class='ocrx_word' id='word_1_197' title='bbox 801 1660 927 1725; x_wconf 87' lang='lat' dir='ltr'>Instare</span> <span class='ocrx_word' id='word_1_198' title='bbox 949 1661 1052 1745; x_wconf 86' lang='lat' dir='ltr'>igitur</span> <span class='ocrx_word' id='word_1_199' title='bbox 1074 1658 1160 1744; x_wconf 92' lang='lat' dir='ltr'>apud</span> <span class='ocrx_word' id='word_1_200' title='bbox 1213 1663 1278 1735; x_wconf 89' lang='lat' dir='ltr'>tas,</span> <span class='ocrx_word' id='word_1_201' title='bbox 1307 1668 1344 1723; x_wconf 93' lang='lat' dir='ltr'>ut</span> <span class='ocrx_word' id='word_1_202' title='bbox 1365 1659 1438 1723; x_wconf 92' lang='lat' dir='ltr'>Deo</span> <span class='ocrx_word' id='word_1_203' title='bbox 1460 1661 1608 1742; x_wconf 89' lang='lat' dir='ltr'>quamvis</span> <span class='ocrx_word' id='word_1_204' title='bbox 1630 1661 1720 1743; x_wconf 90' lang='lat' dir='ltr'>large</span> <span class='ocrx_word' id='word_1_205' title='bbox 1743 1670 1776 1724; x_wconf 91' lang='lat' dir='ltr'>et</span> <span class='ocrx_word' id='word_1_206' title='bbox 1797 1661 1949 1725; x_wconf 91' lang='lat' dir='ltr'>munifice</span> <span class='ocrx_word' id='word_1_207' title='bbox 1976 1660 2179 1741; x_wconf 86' lang='lat' dir='ltr'>promittenti</span> 
     </span>
     <span class='ocr_line' id='line_1_16' title="bbox 190 1743 2178 1830; baseline -0.003 -18"><span class='ocrx_word' id='word_1_208' title='bbox 190 1749 310 1830; x_wconf 85' lang='lat' dir='ltr'>Deum,</span> <span class='ocrx_word' id='word_1_209' title='bbox 337 1760 369 1813; x_wconf 92' lang='lat' dir='ltr'>et</span> <span class='ocrx_word' id='word_1_210' title='bbox 391 1746 586 1811; x_wconf 85' lang='lat' dir='ltr'>contendere</span> <span class='ocrx_word' id='word_1_211' title='bbox 609 1744 746 1810; x_wconf 88' lang='lat' dir='ltr'>assiduis</span> <span class='ocrx_word' id='word_1_212' title='bbox 770 1745 919 1828; x_wconf 89' lang='lat' dir='ltr'>precibus</span> <span class='ocrx_word' id='word_1_213' title='bbox 940 1747 1101 1826; x_wconf 89' lang='lat' dir='ltr'>convenit,</span> <span class='ocrx_word' id='word_1_214' title='bbox 1123 1750 1161 1809; x_wconf 89' lang='lat' dir='ltr'>ut</span> <span class='ocrx_word' id='word_1_215' title='bbox 1213 1743 1413 1821; x_wconf 87' lang='lat' dir='ltr'>diffidamus,</span> <span class='ocrx_word' id='word_1_216' title='bbox 1444 1745 1515 1809; x_wconf 92' lang='lat' dir='ltr'>ideo</span> <span class='ocrx_word' id='word_1_217' title='bbox 1544 1746 1706 1810; x_wconf 87' lang='lat' dir='ltr'>iurantem</span> <span class='ocrx_word' id='word_1_218' title='bbox 1735 1746 1842 1827; x_wconf 89' lang='lat' dir='ltr'>ipsum</span> <span class='ocrx_word' id='word_1_219' title='bbox 1865 1744 2052 1810; x_wconf 84' lang='lat' dir='ltr'>introdusit.</span> <span class='ocrx_word' id='word_1_220' title='bbox 2096 1745 2178 1810; x_wconf 88' lang='lat' dir='ltr'>Num</span> 
     </span>
     <span class='ocr_line' id='line_1_17' title="bbox 194 1829 2179 1914; baseline -0.004 -14"><span class='ocrx_word' id='word_1_221' title='bbox 194 1854 377 1901; x_wconf 89' lang='lat' dir='ltr'>successum</span> <span class='ocrx_word' id='word_1_222' title='bbox 401 1833 540 1913; x_wconf 90' lang='lat' dir='ltr'>aliquem</span> <span class='ocrx_word' id='word_1_223' title='bbox 564 1830 717 1914; x_wconf 88' lang='lat' dir='ltr'>praebeat</span> <span class='ocrx_word' id='word_1_224' title='bbox 744 1830 908 1896; x_wconf 86' lang='lat' dir='ltr'>laboribus</span> <span class='ocrx_word' id='word_1_225' title='bbox 937 1833 1071 1908; x_wconf 89' lang='lat' dir='ltr'>nostris,</span> <span class='ocrx_word' id='word_1_226' title='bbox 1106 1831 1161 1913; x_wconf 92' lang='lat' dir='ltr'>qui</span> <span class='ocrx_word' id='word_1_227' title='bbox 1213 1851 1354 1912; x_wconf 91' lang='lat' dir='ltr'>eousque</span> <span class='ocrx_word' id='word_1_228' title='bbox 1384 1830 1547 1896; x_wconf 91' lang='lat' dir='ltr'>Dominus</span> <span class='ocrx_word' id='word_1_229' title='bbox 1580 1831 1729 1913; x_wconf 86' lang='lat' dir='ltr'>indulget</span> <span class='ocrx_word' id='word_1_230' title='bbox 1762 1832 1855 1896; x_wconf 93' lang='lat' dir='ltr'>nobis</span> <span class='ocrx_word' id='word_1_231' title='bbox 1885 1839 1924 1894; x_wconf 90' lang='lat' dir='ltr'>ut</span> <span class='ocrx_word' id='word_1_232' title='bbox 1953 1829 2179 1896; x_wconf 89' lang='lat' dir='ltr'>iusiurandum</span> 
     </span>
     <span class='ocr_line' id='line_1_18' title="bbox 194 1916 2181 2000; baseline -0.003 -16"><span class='ocrx_word' id='word_1_233' title='bbox 194 1919 329 1984; x_wconf 90' lang='lat' dir='ltr'>inutiles</span> <span class='ocrx_word' id='word_1_234' title='bbox 352 1918 470 2000; x_wconf 91' lang='lat' dir='ltr'>alioqui</span> <span class='ocrx_word' id='word_1_235' title='bbox 494 1919 607 1981; x_wconf 90' lang='lat' dir='ltr'>forent.</span> <span class='ocrx_word' id='word_1_236' title='bbox 651 1917 696 1980; x_wconf 89' lang='lat' dir='ltr'>Et</span> <span class='ocrx_word' id='word_1_237' title='bbox 717 1938 816 1998; x_wconf 89' lang='lat' dir='ltr'>quum</span> <span class='ocrx_word' id='word_1_238' title='bbox 839 1935 900 1982; x_wconf 89' lang='lat' dir='ltr'>nos</span> <span class='ocrx_word' id='word_1_239' title='bbox 923 1926 1007 1982; x_wconf 91' lang='lat' dir='ltr'>totos</span> <span class='ocrx_word' id='word_1_240' title='bbox 1036 1918 1161 1998; x_wconf 88' lang='lat' dir='ltr'>impcn·</span> <span class='ocrx_word' id='word_1_241' title='bbox 1214 1916 1374 1988; x_wconf 89' lang='lat' dir='ltr'>adhibeat,</span> <span class='ocrx_word' id='word_1_242' title='bbox 1398 1936 1460 1997; x_wconf 90' lang='lat' dir='ltr'>quo</span> <span class='ocrx_word' id='word_1_243' title='bbox 1483 1917 1587 2000; x_wconf 90' lang='lat' dir='ltr'>magis</span> <span class='ocrx_word' id='word_1_244' title='bbox 1609 1916 1791 1981; x_wconf 86' lang='lat' dir='ltr'>diffidentia</span> <span class='ocrx_word' id='word_1_245' title='bbox 1813 1927 1845 1980; x_wconf 94' lang='lat' dir='ltr'>et</span> <span class='ocrx_word' id='word_1_246' title='bbox 1866 1917 2049 1998; x_wconf 88' lang='lat' dir='ltr'>pervicacia</span> <span class='ocrx_word' id='word_1_247' title='bbox 2069 1930 2181 1980; x_wconf 87' lang='lat' dir='ltr'>nostra</span> 
     </span>
     <span class='ocr_line' id='line_1_19' title="bbox 195 2000 2180 2085; baseline -0.003 -15"><span class='ocrx_word' id='word_1_248' title='bbox 195 2006 341 2070; x_wconf 89' lang='lat' dir='ltr'>derimus</span> <span class='ocrx_word' id='word_1_249' title='bbox 373 2006 408 2067; x_wconf 93' lang='lat' dir='ltr'>in</span> <span class='ocrx_word' id='word_1_250' title='bbox 439 2001 653 2085; x_wconf 89' lang='lat' dir='ltr'>praedicanda</span> <span class='ocrx_word' id='word_1_251' title='bbox 687 2001 848 2078; x_wconf 85' lang='lat' dir='ltr'>doctrina,</span> <span class='ocrx_word' id='word_1_252' title='bbox 881 2022 1004 2084; x_wconf 90' lang='lat' dir='ltr'>nosque</span> <span class='ocrx_word' id='word_1_253' title='bbox 1036 2003 1163 2066; x_wconf 92' lang='lat' dir='ltr'>fortiter</span> <span class='ocrx_word' id='word_1_254' title='bbox 1214 2003 1404 2084; x_wconf 88' lang='lat' dir='ltr'>corrigatur.</span> <span class='ocrx_word' id='word_1_255' title='bbox 1454 2001 1550 2066; x_wconf 88' lang='lat' dir='ltr'>Iurat</span> <span class='ocrx_word' id='word_1_256' title='bbox 1577 2010 1685 2066; x_wconf 87' lang='lat' dir='ltr'>autem</span> <span class='ocrx_word' id='word_1_257' title='bbox 1716 2000 1879 2067; x_wconf 91' lang='lat' dir='ltr'>Dominus</span> <span class='ocrx_word' id='word_1_258' title='bbox 1911 2022 1970 2084; x_wconf 90' lang='lat' dir='ltr'>per</span> <span class='ocrx_word' id='word_1_259' title='bbox 1999 2023 2035 2067; x_wconf 87' lang='lat' dir='ltr'>se</span> <span class='ocrx_word' id='word_1_260' title='bbox 2065 2002 2180 2084; x_wconf 88' lang='lat' dir='ltr'>ipsum,</span> 
     </span>
     <span class='ocr_line' id='line_1_20' title="bbox 195 2085 2181 2174; baseline -0.004 -17"><span class='ocrx_word' id='word_1_261' title='bbox 195 2090 439 2174; x_wconf 89' lang='lat' dir='ltr'>opposuerimus</span> <span class='ocrx_word' id='word_1_262' title='bbox 478 2087 619 2153; x_wconf 86' lang='lat' dir='ltr'>Satanae</span> <span class='ocrx_word' id='word_1_263' title='bbox 659 2088 768 2151; x_wconf 86' lang='lat' dir='ltr'>omnia</span> <span class='ocrx_word' id='word_1_264' title='bbox 807 2087 1025 2166; x_wconf 87' lang='lat' dir='ltr'>machinanti,</span> <span class='ocrx_word' id='word_1_265' title='bbox 1065 2087 1162 2151; x_wconf 89' lang='lat' dir='ltr'>simul</span> <span class='ocrx_word' id='word_1_266' title='bbox 1214 2087 1289 2167; x_wconf 90' lang='lat' dir='ltr'>quia</span> <span class='ocrx_word' id='word_1_267' title='bbox 1315 2088 1469 2150; x_wconf 87' lang='lat' dir='ltr'>maiorem</span> <span class='ocrx_word' id='word_1_268' title='bbox 1500 2109 1534 2151; x_wconf 89' lang='lat' dir='ltr'>se</span> <span class='ocrx_word' id='word_1_269' title='bbox 1564 2109 1629 2151; x_wconf 88' lang='lat' dir='ltr'>nou</span> <span class='ocrx_word' id='word_1_270' title='bbox 1661 2088 1775 2170; x_wconf 85' lang='lat' dir='ltr'>habet,</span> <span class='ocrx_word' id='word_1_271' title='bbox 1809 2099 1845 2152; x_wconf 94' lang='lat' dir='ltr'>ut</span> <span class='ocrx_word' id='word_1_272' title='bbox 1872 2086 1982 2170; x_wconf 92' lang='lat' dir='ltr'>inquit</span> <span class='ocrx_word' id='word_1_273' title='bbox 2012 2085 2181 2168; x_wconf 89' lang='lat' dir='ltr'>apostolus</span> 
     </span>
     <span class='ocr_line' id='line_1_21' title="bbox 194 2169 2180 2257; baseline -0.003 -16"><span class='ocrx_word' id='word_1_274' title='bbox 194 2185 322 2241; x_wconf 88' lang='lat' dir='ltr'>mentes</span> <span class='ocrx_word' id='word_1_275' title='bbox 352 2186 480 2240; x_wconf 89' lang='lat' dir='ltr'>nostras</span> <span class='ocrx_word' id='word_1_276' title='bbox 508 2185 696 2239; x_wconf 92' lang='lat' dir='ltr'>convertere</span> <span class='ocrx_word' id='word_1_277' title='bbox 724 2172 885 2239; x_wconf 90' lang='lat' dir='ltr'>discamus</span> <span class='ocrx_word' id='word_1_278' title='bbox 907 2175 946 2237; x_wconf 92' lang='lat' dir='ltr'>ad</span> <span class='ocrx_word' id='word_1_279' title='bbox 972 2174 1088 2253; x_wconf 90' lang='lat' dir='ltr'>Deum,</span> <span class='ocrx_word' id='word_1_280' title='bbox 1121 2193 1162 2237; x_wconf 88' lang='lat' dir='ltr'>ne</span> <span class='ocrx_word' id='word_1_281' title='bbox 1214 2169 1356 2255; x_wconf 70' lang='lat' dir='ltr'>(Hauc,</span> <span class='ocrx_word' id='word_1_282' title='bbox 1374 2171 1439 2257; x_wconf 85' lang='lat'>13).</span> <span class='ocrx_word' id='word_1_283' title='bbox 1483 2171 1621 2237; x_wconf 80' lang='lat' dir='ltr'>Bruchit&#39;</span> <span class='ocrx_word' id='word_1_284' title='bbox 1642 2194 1721 2237; x_wconf 88' lang='lat' dir='ltr'>vero</span> <span class='ocrx_word' id='word_1_285' title='bbox 1743 2173 1852 2238; x_wconf 88' lang='lat' dir='ltr'>dextri</span> <span class='ocrx_word' id='word_1_286' title='bbox 1875 2173 2077 2238; x_wconf 91' lang='lat' dir='ltr'>mentionem</span> <span class='ocrx_word' id='word_1_287' title='bbox 2099 2171 2180 2250; x_wconf 89' lang='lat' dir='ltr'>fecit,</span> 
     </span>
     <span class='ocr_line' id='line_1_22' title="bbox 195 2256 2181 2341; baseline -0.003 -15"><span class='ocrx_word' id='word_1_288' title='bbox 195 2262 321 2327; x_wconf 90' lang='lat' dir='ltr'>labores</span> <span class='ocrx_word' id='word_1_289' title='bbox 340 2271 469 2325; x_wconf 90' lang='lat' dir='ltr'>nostros</span> <span class='ocrx_word' id='word_1_290' title='bbox 486 2260 594 2323; x_wconf 88' lang='lat' dir='ltr'>irritos</span> <span class='ocrx_word' id='word_1_291' title='bbox 613 2279 682 2322; x_wconf 91' lang='lat' dir='ltr'>esse</span> <span class='ocrx_word' id='word_1_292' title='bbox 700 2259 852 2340; x_wconf 89' lang='lat' dir='ltr'>patiatur.</span> <span class='ocrx_word' id='word_1_293' title='bbox 880 2256 1162 2337; x_wconf 80' lang='lat' dir='ltr'>Quemadmodum</span> <span class='ocrx_word' id='word_1_294' title='bbox 1215 2257 1276 2321; x_wconf 93' lang='lat' dir='ltr'>hoc</span> <span class='ocrx_word' id='word_1_295' title='bbox 1298 2269 1357 2337; x_wconf 89' lang='lat' dir='ltr'>est,</span> <span class='ocrx_word' id='word_1_296' title='bbox 1381 2258 1511 2322; x_wconf 90' lang='lat' dir='ltr'>virtutis</span> <span class='ocrx_word' id='word_1_297' title='bbox 1530 2256 1602 2338; x_wconf 91' lang='lat' dir='ltr'>Dei,</span> <span class='ocrx_word' id='word_1_298' title='bbox 1625 2260 1777 2340; x_wconf 92' lang='lat' dir='ltr'>quoniam</span> <span class='ocrx_word' id='word_1_299' title='bbox 1800 2258 1833 2323; x_wconf 92' lang='lat' dir='ltr'>id</span> <span class='ocrx_word' id='word_1_300' title='bbox 1856 2258 2019 2341; x_wconf 86' lang='lat' dir='ltr'>praesenti</span> <span class='ocrx_word' id='word_1_301' title='bbox 2043 2257 2181 2322; x_wconf 89' lang='lat' dir='ltr'>orationi</span> 
     </span>
     <span class='ocr_line' id='line_1_23' title="bbox 195 2341 2181 2431; baseline -0.003 -20"><span class='ocrx_word' id='word_1_302' title='bbox 195 2348 298 2431; x_wconf 89' lang='lat' dir='ltr'>igitur</span> <span class='ocrx_word' id='word_1_303' title='bbox 320 2347 412 2409; x_wconf 90' lang='lat' dir='ltr'>initio</span> <span class='ocrx_word' id='word_1_304' title='bbox 436 2347 550 2426; x_wconf 90' lang='lat' dir='ltr'>capitis</span> <span class='ocrx_word' id='word_1_305' title='bbox 577 2343 744 2408; x_wconf 88' lang='lat' dir='ltr'>silentium</span> <span class='ocrx_word' id='word_1_306' title='bbox 768 2343 809 2407; x_wconf 93' lang='lat' dir='ltr'>ad</span> <span class='ocrx_word' id='word_1_307' title='bbox 831 2341 1013 2409; x_wconf 85' lang='lat' dir='ltr'>doctrinam</span> <span class='ocrx_word' id='word_1_308' title='bbox 1041 2342 1163 2419; x_wconf 87' lang='lat' dir='ltr'>retulit,</span> <span class='ocrx_word' id='word_1_309' title='bbox 1214 2343 1429 2426; x_wconf 84' lang='lat' dir='ltr'>congruebat:</span> <span class='ocrx_word' id='word_1_310' title='bbox 1452 2344 1544 2426; x_wconf 89' lang='lat' dir='ltr'>quasi</span> <span class='ocrx_word' id='word_1_311' title='bbox 1566 2343 1704 2409; x_wconf 83' lang='lat' dir='ltr'>diceret:</span> <span class='ocrx_word' id='word_1_312' title='bbox 1729 2343 1847 2427; x_wconf 83' lang='lat' dir='ltr'>Siqua</span> <span class='ocrx_word' id='word_1_313' title='bbox 1867 2355 2007 2408; x_wconf 88' lang='lat' dir='ltr'>estmea</span> <span class='ocrx_word' id='word_1_314' title='bbox 2029 2343 2181 2426; x_wconf 88' lang='lat' dir='ltr'>potentis,</span> 
     </span>
     <span class='ocr_line' id='line_1_24' title="bbox 196 2426 2183 2514; baseline -0.002 -19"><span class='ocrx_word' id='word_1_315' title='bbox 196 2454 297 2514; x_wconf 90' lang='lat' dir='ltr'>quum</span> <span class='ocrx_word' id='word_1_316' title='bbox 329 2432 450 2495; x_wconf 91' lang='lat' dir='ltr'>diceret</span> <span class='ocrx_word' id='word_1_317' title='bbox 480 2430 554 2494; x_wconf 91' lang='lat' dir='ltr'>Non</span> <span class='ocrx_word' id='word_1_318' title='bbox 579 2431 699 2508; x_wconf 87' lang='lat' dir='ltr'>tacebo,</span> <span class='ocrx_word' id='word_1_319' title='bbox 729 2429 775 2492; x_wconf 91' lang='lat' dir='ltr'>ita</span> <span class='ocrx_word' id='word_1_320' title='bbox 797 2429 858 2494; x_wconf 92' lang='lat' dir='ltr'>hoc</span> <span class='ocrx_word' id='word_1_321' title='bbox 887 2428 954 2494; x_wconf 93' lang='lat' dir='ltr'>loco</span> <span class='ocrx_word' id='word_1_322' title='bbox 984 2428 1024 2493; x_wconf 91' lang='lat' dir='ltr'>ad</span> <span class='ocrx_word' id='word_1_323' title='bbox 1051 2449 1163 2511; x_wconf 85' lang='lat' dir='ltr'>preces</span> <span class='ocrx_word' id='word_1_324' title='bbox 1214 2448 1284 2492; x_wconf 90' lang='lat' dir='ltr'>eam</span> <span class='ocrx_word' id='word_1_325' title='bbox 1308 2429 1342 2491; x_wconf 93' lang='lat' dir='ltr'>in</span> <span class='ocrx_word' id='word_1_326' title='bbox 1366 2429 1471 2493; x_wconf 90' lang='lat' dir='ltr'>salute</span> <span class='ocrx_word' id='word_1_327' title='bbox 1498 2439 1606 2493; x_wconf 87' lang='lat' dir='ltr'>vestra</span> <span class='ocrx_word' id='word_1_328' title='bbox 1636 2433 1811 2513; x_wconf 88' lang='lat' dir='ltr'>proferam,</span> <span class='ocrx_word' id='word_1_329' title='bbox 1840 2449 1878 2495; x_wconf 90' lang='lat' dir='ltr'>ac</span> <span class='ocrx_word' id='word_1_330' title='bbox 1900 2450 1942 2494; x_wconf 92' lang='lat' dir='ltr'>ne</span> <span class='ocrx_word' id='word_1_331' title='bbox 1964 2429 1999 2493; x_wconf 89' lang='lat' dir='ltr'>in</span> <span class='ocrx_word' id='word_1_332' title='bbox 2023 2449 2059 2492; x_wconf 91' lang='lat' dir='ltr'>re</span> <span class='ocrx_word' id='word_1_333' title='bbox 2081 2426 2183 2493; x_wconf 87' lang='lat' dir='ltr'>ardua</span> 
     </span>
     <span class='ocr_line' id='line_1_25' title="bbox 195 2514 2181 2598; baseline -0.003 -17"><span class='ocrx_word' id='word_1_334' title='bbox 195 2520 310 2593; x_wconf 86' lang='lat' dir='ltr'>refert,</span> <span class='ocrx_word' id='word_1_335' title='bbox 345 2518 460 2597; x_wconf 88' lang='lat' dir='ltr'>quibus</span> <span class='ocrx_word' id='word_1_336' title='bbox 491 2516 631 2580; x_wconf 90' lang='lat' dir='ltr'>fructum</span> <span class='ocrx_word' id='word_1_337' title='bbox 666 2515 808 2596; x_wconf 92' lang='lat' dir='ltr'>aliquem</span> <span class='ocrx_word' id='word_1_338' title='bbox 843 2514 1008 2580; x_wconf 90' lang='lat' dir='ltr'>doctrinae</span> <span class='ocrx_word' id='word_1_339' title='bbox 1041 2536 1060 2579; x_wconf 96' lang='lat' dir='ltr'>a</span> <span class='ocrx_word' id='word_1_340' title='bbox 1091 2515 1162 2578; x_wconf 91' lang='lat' dir='ltr'>Deo</span> <span class='ocrx_word' id='word_1_341' title='bbox 1215 2523 1366 2594; x_wconf 91' lang='lat' dir='ltr'>torpeant</span> <span class='ocrx_word' id='word_1_342' title='bbox 1384 2524 1511 2578; x_wconf 89' lang='lat' dir='ltr'>mentes</span> <span class='ocrx_word' id='word_1_343' title='bbox 1526 2524 1664 2591; x_wconf 87' lang='lat' dir='ltr'>vestrae,</span> <span class='ocrx_word' id='word_1_344' title='bbox 1685 2537 1741 2598; x_wconf 90' lang='lat' dir='ltr'>per</span> <span class='ocrx_word' id='word_1_345' title='bbox 1755 2516 1911 2580; x_wconf 90' lang='lat' dir='ltr'>invictam</span> <span class='ocrx_word' id='word_1_346' title='bbox 1928 2535 2063 2578; x_wconf 88' lang='lat' dir='ltr'>manum</span> <span class='ocrx_word' id='word_1_347' title='bbox 2079 2534 2181 2579; x_wconf 88' lang='lat' dir='ltr'>meam</span> 
     </span>
     <span class='ocr_line' id='line_1_26' title="bbox 196 2598 2183 2683; baseline -0.003 -15"><span class='ocrx_word' id='word_1_348' title='bbox 196 2604 394 2668; x_wconf 88' lang='lat' dir='ltr'>obtinemus:</span> <span class='ocrx_word' id='word_1_349' title='bbox 430 2604 506 2683; x_wconf 91' lang='lat' dir='ltr'>quin</span> <span class='ocrx_word' id='word_1_350' title='bbox 538 2601 636 2664; x_wconf 89' lang='lat' dir='ltr'>etiam</span> <span class='ocrx_word' id='word_1_351' title='bbox 667 2599 707 2662; x_wconf 86' lang='lat' dir='ltr'>ad</span> <span class='ocrx_word' id='word_1_352' title='bbox 737 2599 799 2664; x_wconf 91' lang='lat' dir='ltr'>hoc</span> <span class='ocrx_word' id='word_1_353' title='bbox 832 2598 985 2681; x_wconf 90' lang='lat' dir='ltr'>precandi</span> <span class='ocrx_word' id='word_1_354' title='bbox 1017 2599 1162 2665; x_wconf 90' lang='lat' dir='ltr'>studium</span> <span class='ocrx_word' id='word_1_355' title='bbox 1214 2611 1248 2662; x_wconf 93' lang='lat' dir='ltr'>et</span> <span class='ocrx_word' id='word_1_356' title='bbox 1270 2599 1416 2663; x_wconf 89' lang='lat' dir='ltr'>omnium</span> <span class='ocrx_word' id='word_1_357' title='bbox 1439 2600 1604 2665; x_wconf 90' lang='lat' dir='ltr'>victricem</span> <span class='ocrx_word' id='word_1_358' title='bbox 1628 2602 1708 2680; x_wconf 90' lang='lat' dir='ltr'>iuro,</span> <span class='ocrx_word' id='word_1_359' title='bbox 1738 2621 1950 2682; x_wconf 89' lang='lat' dir='ltr'>quaecunque</span> <span class='ocrx_word' id='word_1_360' title='bbox 1973 2598 2183 2665; x_wconf 86' lang='lat' dir='ltr'>difficultates</span> 
     </span>
     <span class='ocr_line' id='line_1_27' title="bbox 196 2685 2181 2770; baseline -0.003 -16"><span class='ocrx_word' id='word_1_361' title='bbox 196 2711 253 2754; x_wconf 90' lang='lat' dir='ltr'>suo</span> <span class='ocrx_word' id='word_1_362' title='bbox 274 2688 420 2768; x_wconf 87' lang='lat' dir='ltr'>exemplo</span> <span class='ocrx_word' id='word_1_363' title='bbox 444 2687 550 2770; x_wconf 85' lang='lat' dir='ltr'>angeli</span> <span class='ocrx_word' id='word_1_364' title='bbox 573 2706 699 2767; x_wconf 90' lang='lat' dir='ltr'>quoque</span> <span class='ocrx_word' id='word_1_365' title='bbox 722 2706 781 2750; x_wconf 88' lang='lat' dir='ltr'>nos</span> <span class='ocrx_word' id='word_1_366' title='bbox 799 2685 944 2762; x_wconf 87' lang='lat' dir='ltr'>incitant,</span> <span class='ocrx_word' id='word_1_367' title='bbox 967 2685 1063 2751; x_wconf 91' lang='lat' dir='ltr'>sicuti</span> <span class='ocrx_word' id='word_1_368' title='bbox 1085 2686 1162 2769; x_wconf 89' lang='lat' dir='ltr'>legi·</span> <span class='ocrx_word' id='word_1_369' title='bbox 1214 2696 1401 2760; x_wconf 86' lang='lat' dir='ltr'>occurrant,</span> <span class='ocrx_word' id='word_1_370' title='bbox 1430 2706 1482 2749; x_wconf 92' lang='lat' dir='ltr'>me</span> <span class='ocrx_word' id='word_1_371' title='bbox 1512 2697 1622 2750; x_wconf 89' lang='lat' dir='ltr'>tamen</span> <span class='ocrx_word' id='word_1_372' title='bbox 1652 2685 1782 2751; x_wconf 91' lang='lat' dir='ltr'>vindice</span> <span class='ocrx_word' id='word_1_373' title='bbox 1810 2707 1869 2752; x_wconf 88' lang='lat' dir='ltr'>vos</span> <span class='ocrx_word' id='word_1_374' title='bbox 1899 2687 1965 2751; x_wconf 87' lang='lat' dir='ltr'>fore</span> <span class='ocrx_word' id='word_1_375' title='bbox 1993 2686 2181 2750; x_wconf 87' lang='lat' dir='ltr'>incolumes.</span> 
     </span>
     <span class='ocr_line' id='line_1_28' title="bbox 196 2768 2183 2855; baseline -0.003 -17"><span class='ocrx_word' id='word_1_376' title='bbox 196 2795 269 2838; x_wconf 90' lang='lat' dir='ltr'>mus</span> <span class='ocrx_word' id='word_1_377' title='bbox 286 2773 463 2838; x_wconf 88' lang='lat' dir='ltr'>Zachariae</span> <span class='ocrx_word' id='word_1_378' title='bbox 483 2773 588 2854; x_wconf 93' lang='lat' dir='ltr'>primo</span> <span class='ocrx_word' id='word_1_379' title='bbox 610 2770 653 2853; x_wconf 93' lang='lat' dir='ltr'>(v.</span> <span class='ocrx_word' id='word_1_380' title='bbox 673 2771 735 2855; x_wconf 79' lang='lat'>12),</span> <span class='ocrx_word' id='word_1_381' title='bbox 758 2771 909 2854; x_wconf 90' lang='lat' dir='ltr'>angelum</span> <span class='ocrx_word' id='word_1_382' title='bbox 931 2772 1083 2836; x_wconf 89' lang='lat' dir='ltr'>ardenter</span> <span class='ocrx_word' id='word_1_383' title='bbox 1104 2792 1163 2853; x_wconf 89' lang='lat' dir='ltr'>pro</span> <span class='ocrx_word' id='word_1_384' title='bbox 1215 2768 1352 2850; x_wconf 77' lang='lat' dir='ltr'>Quoties</span> <span class='ocrx_word' id='word_1_385' title='bbox 1374 2791 1452 2854; x_wconf 87' lang='lat' dir='ltr'>ergo</span> <span class='ocrx_word' id='word_1_386' title='bbox 1474 2771 1613 2835; x_wconf 89' lang='lat' dir='ltr'>salutem</span> <span class='ocrx_word' id='word_1_387' title='bbox 1636 2773 1805 2854; x_wconf 88' lang='lat' dir='ltr'>promittit,</span> <span class='ocrx_word' id='word_1_388' title='bbox 1828 2772 1868 2837; x_wconf 91' lang='lat' dir='ltr'>de</span> <span class='ocrx_word' id='word_1_389' title='bbox 1886 2771 2008 2837; x_wconf 92' lang='lat' dir='ltr'>virtute</span> <span class='ocrx_word' id='word_1_390' title='bbox 2031 2771 2136 2854; x_wconf 91' lang='lat' dir='ltr'>ipsius</span> <span class='ocrx_word' id='word_1_391' title='bbox 2152 2784 2183 2834; x_wconf 91' lang='lat' dir='ltr'>et</span> 
     </span>
     <span class='ocr_line' id='line_1_29' title="bbox 196 2857 1568 2940; baseline -0.003 -16"><span class='ocrx_word' id='word_1_392' title='bbox 196 2860 347 2924; x_wconf 87' lang='lat' dir='ltr'>ecclesiae</span> <span class='ocrx_word' id='word_1_393' title='bbox 371 2860 574 2940; x_wconf 89' lang='lat' dir='ltr'>reparatione</span> <span class='ocrx_word' id='word_1_394' title='bbox 598 2860 732 2938; x_wconf 86' lang='lat' dir='ltr'>precari.</span> <span class='ocrx_word' id='word_1_395' title='bbox 1215 2857 1360 2937; x_wconf 88' lang='lat' dir='ltr'>potentia</span> <span class='ocrx_word' id='word_1_396' title='bbox 1380 2857 1568 2939; x_wconf 87' lang='lat' dir='ltr'>cogitemus.</span> 
     </span>
    </p>

    <p class='ocr_par' dir='ltr' id='par_1_4' title="bbox 192 2939 2184 5334">
     <span class='ocr_line' id='line_1_30' title="bbox 282 2939 2181 3069; baseline -0.004 -60"><span class='ocrx_word' id='word_1_397' title='bbox 282 2944 400 3025; x_wconf 74' lang='lat' dir='ltr'>(Donec</span> <span class='ocrx_word' id='word_1_398' title='bbox 423 2941 564 3026; x_wconf 77' lang='lat' dir='ltr'>reparet.)</span> <span class='ocrx_word' id='word_1_399' title='bbox 598 2942 685 3006; x_wconf 91' lang='lat' dir='ltr'>Hinc</span> <span class='ocrx_word' id='word_1_400' title='bbox 707 2942 823 3025; x_wconf 89' lang='lat' dir='ltr'>collige</span> <span class='ocrx_word' id='word_1_401' title='bbox 841 2941 904 3006; x_wconf 92' lang='lat' dir='ltr'>duo</span> <span class='ocrx_word' id='word_1_402' title='bbox 922 2962 993 3006; x_wconf 92' lang='lat' dir='ltr'>esse</span> <span class='ocrx_word' id='word_1_403' title='bbox 1010 2940 1190 3069; x_wconf 58' lang='lat' dir='ltr'>distincta.</span> <span class='ocrx_word' id='word_1_404' title='bbox 1300 2939 1353 3025; x_wconf 78' lang='lat' dir='ltr'>(st</span> <span class='ocrx_word' id='word_1_405' title='bbox 1385 2941 1520 3026; x_wconf 63' lang='lat' dir='ltr'>dedeo.)</span> <span class='ocrx_word' id='word_1_406' title='bbox 1572 2943 1731 3025; x_wconf 82' lang='lat' dir='ltr'>Ecliptioa</span> <span class='ocrx_word' id='word_1_407' title='bbox 1767 2953 1816 3008; x_wconf 90' lang='lat' dir='ltr'>est</span> <span class='ocrx_word' id='word_1_408' title='bbox 1844 2941 1985 3008; x_wconf 82' lang='lat' dir='ltr'>formula</span> <span class='ocrx_word' id='word_1_409' title='bbox 2018 2939 2181 3024; x_wconf 88' lang='lat' dir='ltr'>loquendi,</span> 
     </span>
     <span class='ocr_line' id='line_1_31' title="bbox 198 3025 2183 3111; baseline -0.003 -17"><span class='ocrx_word' id='word_1_410' title='bbox 198 3031 368 3094; x_wconf 88' lang='lat' dir='ltr'>beneficia:</span> <span class='ocrx_word' id='word_1_411' title='bbox 404 3028 485 3092; x_wconf 87' lang='lat' dir='ltr'>fidos</span> <span class='ocrx_word' id='word_1_412' title='bbox 519 3027 637 3091; x_wconf 89' lang='lat' dir='ltr'>habere</span> <span class='ocrx_word' id='word_1_413' title='bbox 671 3039 815 3108; x_wconf 88' lang='lat' dir='ltr'>pastores</span> <span class='ocrx_word' id='word_1_414' title='bbox 847 3029 902 3109; x_wconf 91' lang='lat' dir='ltr'>qui</span> <span class='ocrx_word' id='word_1_415' title='bbox 935 3028 1072 3111; x_wconf 87' lang='lat' dir='ltr'>vigilent</span> <span class='ocrx_word' id='word_1_416' title='bbox 1103 3048 1162 3109; x_wconf 87' lang='lat' dir='ltr'>pro</span> <span class='ocrx_word' id='word_1_417' title='bbox 1214 3047 1277 3109; x_wconf 90' lang='lat' dir='ltr'>qua</span> <span class='ocrx_word' id='word_1_418' title='bbox 1307 3026 1461 3092; x_wconf 91' lang='lat' dir='ltr'>docemur</span> <span class='ocrx_word' id='word_1_419' title='bbox 1489 3048 1586 3110; x_wconf 91' lang='lat' dir='ltr'>quam</span> <span class='ocrx_word' id='word_1_420' title='bbox 1616 3042 1726 3094; x_wconf 90' lang='lat' dir='ltr'>sancte</span> <span class='ocrx_word' id='word_1_421' title='bbox 1759 3040 1793 3092; x_wconf 92' lang='lat' dir='ltr'>et</span> <span class='ocrx_word' id='word_1_422' title='bbox 1825 3027 1976 3111; x_wconf 89' lang='lat' dir='ltr'>religiose</span> <span class='ocrx_word' id='word_1_423' title='bbox 2007 3025 2183 3092; x_wconf 86' lang='lat' dir='ltr'>iurandum</span> 
     </span>
     <span class='ocr_line' id='line_1_32' title="bbox 197 3111 2183 3195; baseline -0.003 -15"><span class='ocrx_word' id='word_1_424' title='bbox 197 3115 351 3181; x_wconf 90' lang='lat' dir='ltr'>ecclesiae</span> <span class='ocrx_word' id='word_1_425' title='bbox 376 3114 498 3179; x_wconf 90' lang='lat' dir='ltr'>salute:</span> <span class='ocrx_word' id='word_1_426' title='bbox 533 3111 649 3176; x_wconf 88' lang='lat' dir='ltr'>deinde</span> <span class='ocrx_word' id='word_1_427' title='bbox 678 3112 846 3177; x_wconf 91' lang='lat' dir='ltr'>ecclesiam</span> <span class='ocrx_word' id='word_1_428' title='bbox 877 3113 957 3195; x_wconf 86' lang='lat' dir='ltr'>erigi</span> <span class='ocrx_word' id='word_1_429' title='bbox 980 3123 1013 3177; x_wconf 92' lang='lat' dir='ltr'>et</span> <span class='ocrx_word' id='word_1_430' title='bbox 1034 3134 1162 3179; x_wconf 86' lang='lat' dir='ltr'>conser—</span> <span class='ocrx_word' id='word_1_431' title='bbox 1215 3112 1266 3177; x_wconf 88' lang='lat' dir='ltr'>sit.</span> <span class='ocrx_word' id='word_1_432' title='bbox 1315 3114 1421 3194; x_wconf 86' lang='lat' dir='ltr'>Atque</span> <span class='ocrx_word' id='word_1_433' title='bbox 1443 3111 1528 3177; x_wconf 90' lang='lat' dir='ltr'>idem</span> <span class='ocrx_word' id='word_1_434' title='bbox 1552 3115 1641 3179; x_wconf 91' lang='lat' dir='ltr'>valet</span> <span class='ocrx_word' id='word_1_435' title='bbox 1663 3116 1726 3180; x_wconf 91' lang='lat' dir='ltr'>ista</span> <span class='ocrx_word' id='word_1_436' title='bbox 1747 3116 1849 3179; x_wconf 86' lang='lat' dir='ltr'>oratio</span> <span class='ocrx_word' id='word_1_437' title='bbox 1867 3135 1904 3179; x_wconf 91' lang='lat' dir='ltr'>ac</span> <span class='ocrx_word' id='word_1_438' title='bbox 1926 3115 1953 3179; x_wconf 92' lang='lat' dir='ltr'>si</span> <span class='ocrx_word' id='word_1_439' title='bbox 1972 3113 2105 3191; x_wconf 87' lang='lat' dir='ltr'>diceret,</span> <span class='ocrx_word' id='word_1_440' title='bbox 2123 3111 2183 3175; x_wconf 91' lang='lat' dir='ltr'>sibi</span> 
     </span>
     <span class='ocr_line' id='line_1_33' title="bbox 197 3197 2184 3282; baseline -0.003 -16"><span class='ocrx_word' id='word_1_441' title='bbox 197 3203 267 3266; x_wconf 90' lang='lat' dir='ltr'>vari</span> <span class='ocrx_word' id='word_1_442' title='bbox 290 3202 434 3282; x_wconf 89' lang='lat' dir='ltr'>ipsorum</span> <span class='ocrx_word' id='word_1_443' title='bbox 463 3218 559 3279; x_wconf 89' lang='lat' dir='ltr'>opera</span> <span class='ocrx_word' id='word_1_444' title='bbox 581 3199 614 3260; x_wconf 94' lang='lat' dir='ltr'>in</span> <span class='ocrx_word' id='word_1_445' title='bbox 637 3218 695 3260; x_wconf 90' lang='lat' dir='ltr'>suo</span> <span class='ocrx_word' id='word_1_446' title='bbox 718 3206 815 3262; x_wconf 90' lang='lat' dir='ltr'>statu.</span> <span class='ocrx_word' id='word_1_447' title='bbox 861 3197 1084 3262; x_wconf 82' lang='lat' dir='ltr'>Deusautem</span> <span class='ocrx_word' id='word_1_448' title='bbox 1108 3198 1163 3280; x_wconf 90' lang='lat' dir='ltr'>qui</span> <span class='ocrx_word' id='word_1_449' title='bbox 1214 3197 1247 3260; x_wconf 92' lang='lat' dir='ltr'>in</span> <span class='ocrx_word' id='word_1_450' title='bbox 1272 3207 1438 3281; x_wconf 90' lang='lat' dir='ltr'>posterum</span> <span class='ocrx_word' id='word_1_451' title='bbox 1460 3198 1557 3263; x_wconf 90' lang='lat' dir='ltr'>fidem</span> <span class='ocrx_word' id='word_1_452' title='bbox 1581 3199 1694 3264; x_wconf 89' lang='lat' dir='ltr'>haberi</span> <span class='ocrx_word' id='word_1_453' title='bbox 1715 3200 1810 3276; x_wconf 91' lang='lat' dir='ltr'>nolle,</span> <span class='ocrx_word' id='word_1_454' title='bbox 1832 3199 1896 3263; x_wconf 92' lang='lat' dir='ltr'>nisi</span> <span class='ocrx_word' id='word_1_455' title='bbox 1918 3218 2030 3264; x_wconf 88' lang='lat' dir='ltr'>rerum</span> <span class='ocrx_word' id='word_1_456' title='bbox 2047 3211 2184 3265; x_wconf 86' lang='lat' dir='ltr'>eventus</span> 
     </span>
     <span class='ocr_line' id='line_1_34' title="bbox 196 3281 2183 3367; baseline -0.003 -15"><span class='ocrx_word' id='word_1_457' title='bbox 196 3286 250 3352; x_wconf 93' lang='lat' dir='ltr'>hic</span> <span class='ocrx_word' id='word_1_458' title='bbox 278 3287 431 3367; x_wconf 89' lang='lat' dir='ltr'>loquitur,</span> <span class='ocrx_word' id='word_1_459' title='bbox 462 3284 541 3347; x_wconf 91' lang='lat' dir='ltr'>haec</span> <span class='ocrx_word' id='word_1_460' title='bbox 569 3282 725 3346; x_wconf 86' lang='lat' dir='ltr'>beneficia</span> <span class='ocrx_word' id='word_1_461' title='bbox 754 3281 814 3347; x_wconf 90' lang='lat' dir='ltr'>sibi</span> <span class='ocrx_word' id='word_1_462' title='bbox 844 3282 974 3364; x_wconf 89' lang='lat' dir='ltr'>proprie</span> <span class='ocrx_word' id='word_1_463' title='bbox 1001 3281 1162 3360; x_wconf 88' lang='lat' dir='ltr'>vendicat,</span> <span class='ocrx_word' id='word_1_464' title='bbox 1216 3282 1296 3348; x_wconf 90' lang='lat' dir='ltr'>haec</span> <span class='ocrx_word' id='word_1_465' title='bbox 1317 3284 1476 3364; x_wconf 89' lang='lat' dir='ltr'>promissa</span> <span class='ocrx_word' id='word_1_466' title='bbox 1497 3286 1722 3367; x_wconf 91' lang='lat' dir='ltr'>comprobarit.</span> <span class='ocrx_word' id='word_1_467' title='bbox 1760 3287 1915 3351; x_wconf 88' lang='lat' dir='ltr'>Pacatam</span> <span class='ocrx_word' id='word_1_468' title='bbox 1937 3285 2038 3351; x_wconf 92' lang='lat' dir='ltr'>tritici</span> <span class='ocrx_word' id='word_1_469' title='bbox 2061 3293 2095 3349; x_wconf 94' lang='lat' dir='ltr'>et</span> <span class='ocrx_word' id='word_1_470' title='bbox 2117 3282 2183 3346; x_wconf 92' lang='lat' dir='ltr'>vini</span> 
     </span>
     <span class='ocr_line' id='line_1_35' title="bbox 197 3366 2183 3455; baseline -0.003 -18"><span class='ocrx_word' id='word_1_471' title='bbox 197 3370 471 3455; x_wconf 90' lang='lat' dir='ltr'>quemadmodum</span> <span class='ocrx_word' id='word_1_472' title='bbox 502 3377 535 3432; x_wconf 91' lang='lat' dir='ltr'>et</span> <span class='ocrx_word' id='word_1_473' title='bbox 562 3368 726 3450; x_wconf 90' lang='lat' dir='ltr'>plerisque</span> <span class='ocrx_word' id='word_1_474' title='bbox 755 3367 828 3433; x_wconf 89' lang='lat' dir='ltr'>aliis</span> <span class='ocrx_word' id='word_1_475' title='bbox 856 3368 945 3433; x_wconf 89' lang='lat' dir='ltr'>locis.</span> <span class='ocrx_word' id='word_1_476' title='bbox 994 3366 1163 3448; x_wconf 90' lang='lat' dir='ltr'>Quomodo</span> <span class='ocrx_word' id='word_1_477' title='bbox 1215 3369 1402 3433; x_wconf 90' lang='lat' dir='ltr'>fruitionem</span> <span class='ocrx_word' id='word_1_478' title='bbox 1426 3372 1629 3451; x_wconf 88' lang='lat' dir='ltr'>promittens,</span> <span class='ocrx_word' id='word_1_479' title='bbox 1651 3392 1708 3436; x_wconf 91' lang='lat' dir='ltr'>suo</span> <span class='ocrx_word' id='word_1_480' title='bbox 1730 3370 1848 3436; x_wconf 90' lang='lat' dir='ltr'>iudicio</span> <span class='ocrx_word' id='word_1_481' title='bbox 1862 3372 1985 3436; x_wconf 86' lang='lat' dir='ltr'>factum</span> <span class='ocrx_word' id='word_1_482' title='bbox 1999 3390 2071 3436; x_wconf 85' lang='lat' dir='ltr'>esse</span> <span class='ocrx_word' id='word_1_483' title='bbox 2085 3370 2183 3453; x_wconf 86' lang='lat' dir='ltr'>signi·</span> 
     </span>
     <span class='ocr_line' id='line_1_36' title="bbox 197 3453 2184 3541; baseline -0.001 -20"><span class='ocrx_word' id='word_1_484' title='bbox 197 3456 444 3541; x_wconf 87' lang='lat' dir='ltr'>praedicabunt,</span> <span class='ocrx_word' id='word_1_485' title='bbox 479 3456 586 3536; x_wconf 88' lang='lat' dir='ltr'>inquit</span> <span class='ocrx_word' id='word_1_486' title='bbox 614 3453 752 3532; x_wconf 89' lang='lat' dir='ltr'>Paulus,</span> <span class='ocrx_word' id='word_1_487' title='bbox 783 3453 847 3517; x_wconf 90' lang='lat' dir='ltr'>nisi</span> <span class='ocrx_word' id='word_1_488' title='bbox 874 3454 1070 3518; x_wconf 83' lang='lat' dir='ltr'>mittantur?</span> <span class='ocrx_word' id='word_1_489' title='bbox 1102 3454 1164 3519; x_wconf 83' lang='lat' dir='ltr'>Est</span> <span class='ocrx_word' id='word_1_490' title='bbox 1215 3455 1302 3533; x_wconf 87' lang='lat' dir='ltr'>licat,</span> <span class='ocrx_word' id='word_1_491' title='bbox 1330 3475 1397 3517; x_wconf 93' lang='lat' dir='ltr'>non</span> <span class='ocrx_word' id='word_1_492' title='bbox 1420 3455 1553 3521; x_wconf 90' lang='lat' dir='ltr'>fortuito</span> <span class='ocrx_word' id='word_1_493' title='bbox 1575 3478 1663 3534; x_wconf 90' lang='lat' dir='ltr'>casu,</span> <span class='ocrx_word' id='word_1_494' title='bbox 1693 3457 1776 3539; x_wconf 93' lang='lat' dir='ltr'>quod</span> <span class='ocrx_word' id='word_1_495' title='bbox 1800 3456 1934 3522; x_wconf 87' lang='lat' dir='ltr'>ecclesia</span> <span class='ocrx_word' id='word_1_496' title='bbox 1963 3456 2130 3521; x_wconf 87' lang='lat' dir='ltr'>frumento</span> <span class='ocrx_word' id='word_1_497' title='bbox 2152 3464 2184 3519; x_wconf 86' lang='lat' dir='ltr'>et</span> 
     </span>
     <span class='ocr_line' id='line_1_37' title="bbox 197 3539 2183 3626; baseline -0.001 -19"><span class='ocrx_word' id='word_1_498' title='bbox 197 3545 298 3626; x_wconf 86' lang='lat' dir='ltr'>igitur</span> <span class='ocrx_word' id='word_1_499' title='bbox 331 3540 394 3605; x_wconf 92' lang='lat' dir='ltr'>Dei</span> <span class='ocrx_word' id='word_1_500' title='bbox 429 3541 528 3605; x_wconf 91' lang='lat' dir='ltr'>solius</span> <span class='ocrx_word' id='word_1_501' title='bbox 560 3539 710 3604; x_wconf 89' lang='lat' dir='ltr'>ordinare</span> <span class='ocrx_word' id='word_1_502' title='bbox 744 3544 906 3621; x_wconf 87' lang='lat' dir='ltr'>pastores:</span> <span class='ocrx_word' id='word_1_503' title='bbox 946 3558 1041 3602; x_wconf 91' lang='lat' dir='ltr'>nemo</span> <span class='ocrx_word' id='word_1_504' title='bbox 1074 3541 1162 3603; x_wconf 89' lang='lat' dir='ltr'>enim</span> <span class='ocrx_word' id='word_1_505' title='bbox 1216 3541 1293 3605; x_wconf 89' lang='lat' dir='ltr'>rino</span> <span class='ocrx_word' id='word_1_506' title='bbox 1319 3539 1459 3621; x_wconf 89' lang='lat' dir='ltr'>spoliata</span> <span class='ocrx_word' id='word_1_507' title='bbox 1485 3542 1562 3605; x_wconf 89' lang='lat' dir='ltr'>fuit:</span> <span class='ocrx_word' id='word_1_508' title='bbox 1596 3561 1671 3605; x_wconf 90' lang='lat' dir='ltr'>nam</span> <span class='ocrx_word' id='word_1_509' title='bbox 1701 3544 1825 3625; x_wconf 89' lang='lat' dir='ltr'>quoties</span> <span class='ocrx_word' id='word_1_510' title='bbox 1854 3550 2048 3626; x_wconf 82' lang='lat' dir='ltr'>grassentnr</span> <span class='ocrx_word' id='word_1_511' title='bbox 2074 3543 2183 3608; x_wconf 88' lang='lat' dir='ltr'>hostes</span> 
     </span>
     <span class='ocr_line' id='line_1_38' title="bbox 198 3623 2183 3710; baseline -0.001 -17"><span class='ocrx_word' id='word_1_512' title='bbox 198 3630 316 3710; x_wconf 91' lang='lat' dir='ltr'>alioqui</span> <span class='ocrx_word' id='word_1_513' title='bbox 348 3627 388 3690; x_wconf 90' lang='lat' dir='ltr'>ad</span> <span class='ocrx_word' id='word_1_514' title='bbox 422 3637 546 3690; x_wconf 90' lang='lat' dir='ltr'>tantam</span> <span class='ocrx_word' id='word_1_515' title='bbox 584 3625 725 3707; x_wconf 89' lang='lat' dir='ltr'>adeoque</span> <span class='ocrx_word' id='word_1_516' title='bbox 761 3623 925 3689; x_wconf 88' lang='lat' dir='ltr'>difficilem</span> <span class='ocrx_word' id='word_1_517' title='bbox 962 3624 1162 3708; x_wconf 90' lang='lat' dir='ltr'>provinciam</span> <span class='ocrx_word' id='word_1_518' title='bbox 1215 3646 1252 3691; x_wconf 91' lang='lat' dir='ltr'>ao</span> <span class='ocrx_word' id='word_1_519' title='bbox 1275 3624 1490 3708; x_wconf 88' lang='lat' dir='ltr'>praedantur,</span> <span class='ocrx_word' id='word_1_520' title='bbox 1523 3627 1557 3691; x_wconf 92' lang='lat' dir='ltr'>id</span> <span class='ocrx_word' id='word_1_521' title='bbox 1585 3629 1746 3710; x_wconf 90' lang='lat' dir='ltr'>permissu</span> <span class='ocrx_word' id='word_1_522' title='bbox 1774 3628 1834 3693; x_wconf 91' lang='lat' dir='ltr'>Dei</span> <span class='ocrx_word' id='word_1_523' title='bbox 1865 3628 1935 3693; x_wconf 87' lang='lat' dir='ltr'>fieri</span> <span class='ocrx_word' id='word_1_524' title='bbox 1964 3626 2183 3693; x_wconf 87' lang='lat' dir='ltr'>certissimum</span> 
     </span>
     <span class='ocr_line' id='line_1_39' title="bbox 197 3709 2184 3795; baseline -0.001 -16"><span class='ocrx_word' id='word_1_525' title='bbox 197 3715 334 3779; x_wconf 90' lang='lat' dir='ltr'>idonens</span> <span class='ocrx_word' id='word_1_526' title='bbox 364 3724 464 3777; x_wconf 90' lang='lat' dir='ltr'>esset:</span> <span class='ocrx_word' id='word_1_527' title='bbox 499 3711 615 3774; x_wconf 91' lang='lat' dir='ltr'>deinde</span> <span class='ocrx_word' id='word_1_528' title='bbox 649 3711 747 3774; x_wconf 85' lang='lat' dir='ltr'>etium</span> <span class='ocrx_word' id='word_1_529' title='bbox 778 3709 864 3775; x_wconf 92' lang='lat' dir='ltr'>solus</span> <span class='ocrx_word' id='word_1_530' title='bbox 893 3710 962 3792; x_wconf 87' lang='lat' dir='ltr'>ipse</span> <span class='ocrx_word' id='word_1_531' title='bbox 996 3719 1164 3792; x_wconf 90' lang='lat' dir='ltr'>promovet</span> <span class='ocrx_word' id='word_1_532' title='bbox 1213 3717 1280 3775; x_wconf 88' lang='lat' dir='ltr'>est:</span> <span class='ocrx_word' id='word_1_533' title='bbox 1303 3711 1398 3777; x_wconf 90' lang='lat' dir='ltr'>sicuti</span> <span class='ocrx_word' id='word_1_534' title='bbox 1420 3711 1455 3774; x_wconf 92' lang='lat' dir='ltr'>in</span> <span class='ocrx_word' id='word_1_535' title='bbox 1478 3711 1550 3795; x_wconf 91' lang='lat' dir='ltr'>lege</span> <span class='ocrx_word' id='word_1_536' title='bbox 1572 3713 1726 3778; x_wconf 86' lang='lat' dir='ltr'>minatur.</span> <span class='ocrx_word' id='word_1_537' title='bbox 1775 3715 1920 3779; x_wconf 88' lang='lat' dir='ltr'>Rursum</span> <span class='ocrx_word' id='word_1_538' title='bbox 1942 3712 2117 3795; x_wconf 82' lang='lat' dir='ltr'>peculiaris</span> <span class='ocrx_word' id='word_1_539' title='bbox 2134 3726 2184 3778; x_wconf 86' lang='lat' dir='ltr'>est</span> 
     </span>
     <span class='ocr_line' id='line_1_40' title="bbox 198 3795 2182 3882; baseline -0.001 -18"><span class='ocrx_word' id='word_1_540' title='bbox 198 3820 309 3864; x_wconf 92' lang='lat' dir='ltr'>corum</span> <span class='ocrx_word' id='word_1_541' title='bbox 337 3818 434 3880; x_wconf 90' lang='lat' dir='ltr'>opera</span> <span class='ocrx_word' id='word_1_542' title='bbox 463 3797 614 3861; x_wconf 87' lang='lat' dir='ltr'>ecclesiae</span> <span class='ocrx_word' id='word_1_543' title='bbox 641 3796 929 3861; x_wconf 86' lang='lat' dir='ltr'>instaurationem:</span> <span class='ocrx_word' id='word_1_544' title='bbox 963 3796 1046 3859; x_wconf 90' lang='lat' dir='ltr'>irriti</span> <span class='ocrx_word' id='word_1_545' title='bbox 1075 3797 1161 3860; x_wconf 90' lang='lat' dir='ltr'>enim</span> <span class='ocrx_word' id='word_1_546' title='bbox 1214 3795 1295 3862; x_wconf 89' lang='lat' dir='ltr'>haec</span> <span class='ocrx_word' id='word_1_547' title='bbox 1317 3797 1385 3862; x_wconf 90' lang='lat' dir='ltr'>eius</span> <span class='ocrx_word' id='word_1_548' title='bbox 1406 3795 1596 3876; x_wconf 89' lang='lat' dir='ltr'>benedictio,</span> <span class='ocrx_word' id='word_1_549' title='bbox 1621 3810 1658 3862; x_wconf 92' lang='lat' dir='ltr'>ut</span> <span class='ocrx_word' id='word_1_550' title='bbox 1676 3800 1811 3882; x_wconf 89' lang='lat' dir='ltr'>quisque</span> <span class='ocrx_word' id='word_1_551' title='bbox 1825 3818 1937 3865; x_wconf 88' lang='lat' dir='ltr'>secure</span> <span class='ocrx_word' id='word_1_552' title='bbox 1952 3797 2103 3863; x_wconf 87' lang='lat' dir='ltr'>comedat</span> <span class='ocrx_word' id='word_1_553' title='bbox 2124 3797 2182 3863; x_wconf 90' lang='lat' dir='ltr'>sub</span> 
     </span>
     <span class='ocr_line' id='line_1_41' title="bbox 197 3881 1673 3967; baseline -0.003 -19"><span class='ocrx_word' id='word_1_554' title='bbox 197 3905 329 3967; x_wconf 90' lang='lat' dir='ltr'>prorsus</span> <span class='ocrx_word' id='word_1_555' title='bbox 353 3896 385 3946; x_wconf 93' lang='lat' dir='ltr'>et</span> <span class='ocrx_word' id='word_1_556' title='bbox 407 3883 482 3945; x_wconf 89' lang='lat' dir='ltr'>vani</span> <span class='ocrx_word' id='word_1_557' title='bbox 503 3890 611 3946; x_wconf 89' lang='lat' dir='ltr'>essent</span> <span class='ocrx_word' id='word_1_558' title='bbox 633 3882 776 3961; x_wconf 90' lang='lat' dir='ltr'>ipsorum</span> <span class='ocrx_word' id='word_1_559' title='bbox 799 3889 943 3960; x_wconf 89' lang='lat' dir='ltr'>conatus,</span> <span class='ocrx_word' id='word_1_560' title='bbox 966 3881 1029 3945; x_wconf 88' lang='lat' dir='ltr'>nisi</span> <span class='ocrx_word' id='word_1_561' title='bbox 1053 3881 1164 3945; x_wconf 92' lang='lat' dir='ltr'>Domi·</span> <span class='ocrx_word' id='word_1_562' title='bbox 1214 3881 1282 3946; x_wconf 89' lang='lat' dir='ltr'>vite</span> <span class='ocrx_word' id='word_1_563' title='bbox 1304 3903 1365 3948; x_wconf 88' lang='lat' dir='ltr'>sua</span> <span class='ocrx_word' id='word_1_564' title='bbox 1384 3892 1417 3947; x_wconf 90' lang='lat' dir='ltr'>et</span> <span class='ocrx_word' id='word_1_565' title='bbox 1438 3884 1498 3947; x_wconf 91' lang='lat' dir='ltr'>sub</span> <span class='ocrx_word' id='word_1_566' title='bbox 1521 3883 1583 3948; x_wconf 86' lang='lat' dir='ltr'>ficu</span> <span class='ocrx_word' id='word_1_567' title='bbox 1605 3904 1673 3948; x_wconf 90' lang='lat' dir='ltr'>sua.</span> 
     </span>
     <span class='ocr_line' id='line_1_42' title="bbox 198 3965 2183 4054; baseline 0 -21"><span class='ocrx_word' id='word_1_568' title='bbox 198 3991 261 4035; x_wconf 92' lang='lat' dir='ltr'>nus</span> <span class='ocrx_word' id='word_1_569' title='bbox 290 3969 416 4032; x_wconf 88' lang='lat' dir='ltr'>felicem</span> <span class='ocrx_word' id='word_1_570' title='bbox 445 3968 484 4032; x_wconf 91' lang='lat' dir='ltr'>iis</span> <span class='ocrx_word' id='word_1_571' title='bbox 507 3987 691 4031; x_wconf 90' lang='lat' dir='ltr'>successum</span> <span class='ocrx_word' id='word_1_572' title='bbox 715 3967 815 4031; x_wconf 87' lang='lat' dir='ltr'>daret.</span> <span class='ocrx_word' id='word_1_573' title='bbox 860 3969 969 4049; x_wconf 79' lang='lat' dir='ltr'>Atque</span> <span class='ocrx_word' id='word_1_574' title='bbox 998 3965 1051 4031; x_wconf 91' lang='lat' dir='ltr'>hic</span> <span class='ocrx_word' id='word_1_575' title='bbox 1074 3967 1162 4031; x_wconf 91' lang='lat' dir='ltr'>vide·</span> <span class='ocrx_word' id='word_1_576' title='bbox 1300 3968 1330 4032; x_wconf 89' lang='grc'>9.</span> <span class='ocrx_word' id='word_1_577' title='bbox 1360 3965 1461 4051; x_wconf 86' lang='lat' dir='ltr'>(Nam</span> <span class='ocrx_word' id='word_1_578' title='bbox 1482 3968 1536 4048; x_wconf 78' lang='lat' dir='ltr'>qai</span> <span class='ocrx_word' id='word_1_579' title='bbox 1557 3967 1837 4054; x_wconf 71' lang='lat' dir='ltr'>congregaverunt.)</span> <span class='ocrx_word' id='word_1_580' title='bbox 1879 3969 2041 4053; x_wconf 81' lang='lat' dir='ltr'>Exegesis</span> <span class='ocrx_word' id='word_1_581' title='bbox 2068 3982 2123 4033; x_wconf 88' lang='lat' dir='ltr'>est</span> <span class='ocrx_word' id='word_1_582' title='bbox 2147 3988 2183 4033; x_wconf 89' lang='lat' dir='ltr'>ac</span> 
     </span>
     <span class='ocr_line' id='line_1_43' title="bbox 197 4052 2183 4138; baseline -0.001 -20"><span class='ocrx_word' id='word_1_583' title='bbox 197 4075 271 4119; x_wconf 89' lang='lat' dir='ltr'>mus</span> <span class='ocrx_word' id='word_1_584' title='bbox 307 4064 477 4117; x_wconf 85' lang='lat' dir='ltr'>externam</span> <span class='ocrx_word' id='word_1_585' title='bbox 517 4052 686 4116; x_wconf 91' lang='lat' dir='ltr'>hominum</span> <span class='ocrx_word' id='word_1_586' title='bbox 725 4071 855 4134; x_wconf 91' lang='lat' dir='ltr'>operam</span> <span class='ocrx_word' id='word_1_587' title='bbox 895 4053 1049 4134; x_wconf 91' lang='lat' dir='ltr'>coniungi</span> <span class='ocrx_word' id='word_1_588' title='bbox 1089 4072 1163 4116; x_wconf 91' lang='lat' dir='ltr'>cum</span> <span class='ocrx_word' id='word_1_589' title='bbox 1214 4053 1416 4118; x_wconf 89' lang='lat' dir='ltr'>confirmatio</span> <span class='ocrx_word' id='word_1_590' title='bbox 1449 4054 1625 4136; x_wconf 90' lang='lat' dir='ltr'>superioris</span> <span class='ocrx_word' id='word_1_591' title='bbox 1658 4056 1856 4120; x_wconf 87' lang='lat' dir='ltr'>sententiae:</span> <span class='ocrx_word' id='word_1_592' title='bbox 1888 4065 2062 4138; x_wconf 87' lang='lat' dir='ltr'>postquam</span> <span class='ocrx_word' id='word_1_593' title='bbox 2096 4054 2183 4119; x_wconf 93' lang='lat' dir='ltr'>enim</span> 
     </span>
     <span class='ocr_line' id='line_1_44' title="bbox 198 4135 2183 4223; baseline 0.001 -20"><span class='ocrx_word' id='word_1_594' title='bbox 198 4141 315 4204; x_wconf 85' lang='lat' dir='ltr'>ellectu</span> <span class='ocrx_word' id='word_1_595' title='bbox 345 4139 478 4221; x_wconf 91' lang='lat' dir='ltr'>spiritus</span> <span class='ocrx_word' id='word_1_596' title='bbox 507 4139 619 4203; x_wconf 87' lang='lat' dir='ltr'>sancti.</span> <span class='ocrx_word' id='word_1_597' title='bbox 668 4135 827 4217; x_wconf 87' lang='lat' dir='ltr'>Quamvis</span> <span class='ocrx_word' id='word_1_598' title='bbox 857 4137 944 4201; x_wconf 92' lang='lat' dir='ltr'>enim</span> <span class='ocrx_word' id='word_1_599' title='bbox 972 4138 1060 4201; x_wconf 90' lang='lat' dir='ltr'>solus</span> <span class='ocrx_word' id='word_1_600' title='bbox 1089 4146 1164 4220; x_wconf 87' lang='lat' dir='ltr'>agat</span> <span class='ocrx_word' id='word_1_601' title='bbox 1215 4147 1352 4203; x_wconf 89' lang='lat' dir='ltr'>testatus</span> <span class='ocrx_word' id='word_1_602' title='bbox 1374 4148 1423 4203; x_wconf 92' lang='lat' dir='ltr'>est</span> <span class='ocrx_word' id='word_1_603' title='bbox 1445 4159 1480 4203; x_wconf 88' lang='lat' dir='ltr'>sc</span> <span class='ocrx_word' id='word_1_604' title='bbox 1502 4159 1568 4203; x_wconf 91' lang='lat' dir='ltr'>non</span> <span class='ocrx_word' id='word_1_605' title='bbox 1589 4160 1760 4222; x_wconf 90' lang='lat' dir='ltr'>passurum</span> <span class='ocrx_word' id='word_1_606' title='bbox 1788 4140 1926 4223; x_wconf 91' lang='lat' dir='ltr'>amplius</span> <span class='ocrx_word' id='word_1_607' title='bbox 1955 4155 1992 4205; x_wconf 93' lang='lat' dir='ltr'>ut</span> <span class='ocrx_word' id='word_1_608' title='bbox 2021 4141 2183 4207; x_wconf 66' lang='lat' dir='ltr'>bonacc-</span> 
     </span>
     <span class='ocr_line' id='line_1_45' title="bbox 199 4220 2183 4309; baseline 0 -20"><span class='ocrx_word' id='word_1_609' title='bbox 199 4226 360 4290; x_wconf 89' lang='lat' dir='ltr'>Dominus</span> <span class='ocrx_word' id='word_1_610' title='bbox 382 4233 415 4287; x_wconf 91' lang='lat' dir='ltr'>et</span> <span class='ocrx_word' id='word_1_611' title='bbox 437 4224 564 4300; x_wconf 88' lang='lat' dir='ltr'>efficiat,</span> <span class='ocrx_word' id='word_1_612' title='bbox 596 4235 703 4285; x_wconf 90' lang='lat' dir='ltr'>tamen</span> <span class='ocrx_word' id='word_1_613' title='bbox 726 4242 848 4305; x_wconf 90' lang='lat' dir='ltr'>organa</span> <span class='ocrx_word' id='word_1_614' title='bbox 874 4220 1016 4302; x_wconf 90' lang='lat' dir='ltr'>adhibet,</span> <span class='ocrx_word' id='word_1_615' title='bbox 1046 4221 1164 4304; x_wconf 88' lang='lat' dir='ltr'>quibus</span> <span class='ocrx_word' id='word_1_616' title='bbox 1214 4222 1329 4288; x_wconf 83' lang='lat' dir='ltr'>clasiae</span> <span class='ocrx_word' id='word_1_617' title='bbox 1351 4224 1417 4287; x_wconf 90' lang='lat' dir='ltr'>sint</span> <span class='ocrx_word' id='word_1_618' title='bbox 1435 4223 1574 4306; x_wconf 85' lang='lat' dir='ltr'>praedae</span> <span class='ocrx_word' id='word_1_619' title='bbox 1596 4227 1751 4307; x_wconf 87' lang='lat' dir='ltr'>exposita,</span> <span class='ocrx_word' id='word_1_620' title='bbox 1774 4226 1940 4309; x_wconf 89' lang='lat' dir='ltr'>subiungit</span> <span class='ocrx_word' id='word_1_621' title='bbox 1960 4227 2030 4290; x_wconf 90' lang='lat' dir='ltr'>fore</span> <span class='ocrx_word' id='word_1_622' title='bbox 2051 4232 2092 4291; x_wconf 87' lang='lat' dir='ltr'>ut</span> <span class='ocrx_word' id='word_1_623' title='bbox 2112 4224 2183 4309; x_wconf 77' lang='lat' dir='ltr'>ipn</span> 
     </span>
     <span class='ocr_line' id='line_1_46' title="bbox 198 4305 2183 4377; baseline -0.001 -2"><span class='ocrx_word' id='word_1_624' title='bbox 198 4313 301 4375; x_wconf 90' lang='lat' dir='ltr'>utitur</span> <span class='ocrx_word' id='word_1_625' title='bbox 324 4308 468 4374; x_wconf 87' lang='lat' dir='ltr'>aedificio</span> <span class='ocrx_word' id='word_1_626' title='bbox 490 4309 643 4374; x_wconf 90' lang='lat' dir='ltr'>ecclcsiae</span> <span class='ocrx_word' id='word_1_627' title='bbox 672 4305 894 4372; x_wconf 88' lang='lat' dir='ltr'>instaurando.</span> <span class='ocrx_word' id='word_1_628' title='bbox 938 4307 1027 4373; x_wconf 91' lang='lat' dir='ltr'>Hinc</span> <span class='ocrx_word' id='word_1_629' title='bbox 1053 4328 1163 4371; x_wconf 92' lang='lat' dir='ltr'>mone·</span> <span class='ocrx_word' id='word_1_630' title='bbox 1215 4309 1308 4372; x_wconf 94' lang='lat' dir='ltr'>bonis</span> <span class='ocrx_word' id='word_1_631' title='bbox 1330 4310 1397 4374; x_wconf 91' lang='lat' dir='ltr'>suis</span> <span class='ocrx_word' id='word_1_632' title='bbox 1419 4309 1557 4375; x_wconf 88' lang='lat' dir='ltr'>fruatur.</span> <span class='ocrx_word' id='word_1_633' title='bbox 1602 4310 1733 4376; x_wconf 91' lang='lat' dir='ltr'>Interea</span> <span class='ocrx_word' id='word_1_634' title='bbox 1756 4310 1899 4376; x_wconf 87' lang='lat' dir='ltr'>ostendit</span> <span class='ocrx_word' id='word_1_635' title='bbox 1925 4312 2129 4377; x_wconf 89' lang='lat' dir='ltr'>frumentum</span> <span class='ocrx_word' id='word_1_636' title='bbox 2151 4321 2183 4376; x_wconf 92' lang='lat' dir='ltr'>et</span> 
     </span>
     <span class='ocr_line' id='line_1_47' title="bbox 197 4390 2182 4479; baseline 0.001 -19"><span class='ocrx_word' id='word_1_637' title='bbox 197 4418 272 4461; x_wconf 87' lang='lat' dir='ltr'>mur</span> <span class='ocrx_word' id='word_1_638' title='bbox 290 4416 356 4459; x_wconf 91' lang='lat' dir='ltr'>non</span> <span class='ocrx_word' id='word_1_639' title='bbox 375 4416 444 4459; x_wconf 89' lang='lat' dir='ltr'>esse</span> <span class='ocrx_word' id='word_1_640' title='bbox 467 4393 661 4458; x_wconf 89' lang='lat' dir='ltr'>abiiciendos</span> <span class='ocrx_word' id='word_1_641' title='bbox 683 4394 816 4468; x_wconf 91' lang='lat' dir='ltr'>animos,</span> <span class='ocrx_word' id='word_1_642' title='bbox 840 4392 937 4456; x_wconf 92' lang='lat' dir='ltr'>etiam</span> <span class='ocrx_word' id='word_1_643' title='bbox 960 4413 1060 4476; x_wconf 92' lang='lat' dir='ltr'>quum</span> <span class='ocrx_word' id='word_1_644' title='bbox 1083 4390 1163 4456; x_wconf 92' lang='lat' dir='ltr'>nihil</span> <span class='ocrx_word' id='word_1_645' title='bbox 1216 4394 1328 4458; x_wconf 92' lang='lat' dir='ltr'>viuum</span> <span class='ocrx_word' id='word_1_646' title='bbox 1351 4394 1422 4458; x_wconf 93' lang='lat' dir='ltr'>inre</span> <span class='ocrx_word' id='word_1_647' title='bbox 1444 4404 1590 4459; x_wconf 88' lang='lat' dir='ltr'>nostrum</span> <span class='ocrx_word' id='word_1_648' title='bbox 1614 4397 1730 4475; x_wconf 90' lang='lat' dir='ltr'>vocari,</span> <span class='ocrx_word' id='word_1_649' title='bbox 1756 4417 1859 4478; x_wconf 89' lang='lat' dir='ltr'>quum</span> <span class='ocrx_word' id='word_1_650' title='bbox 1879 4398 1965 4461; x_wconf 92' lang='lat' dir='ltr'>iusto</span> <span class='ocrx_word' id='word_1_651' title='bbox 1986 4396 2100 4463; x_wconf 87' lang='lat' dir='ltr'>labore</span> <span class='ocrx_word' id='word_1_652' title='bbox 2120 4397 2182 4479; x_wconf 86' lang='lat' dir='ltr'>ipsi</span> 
     </span>
     <span class='ocr_line' id='line_1_48' title="bbox 198 4478 2182 4564; baseline 0.001 -19"><span class='ocrx_word' id='word_1_653' title='bbox 198 4492 327 4564; x_wconf 89' lang='lat' dir='ltr'>praeter</span> <span class='ocrx_word' id='word_1_654' title='bbox 349 4480 461 4543; x_wconf 88' lang='lat' dir='ltr'>ruinas</span> <span class='ocrx_word' id='word_1_655' title='bbox 484 4491 516 4542; x_wconf 92' lang='lat' dir='ltr'>et</span> <span class='ocrx_word' id='word_1_656' title='bbox 539 4479 782 4560; x_wconf 87' lang='lat' dir='ltr'>dissipationem</span> <span class='ocrx_word' id='word_1_657' title='bbox 807 4478 958 4541; x_wconf 91' lang='lat' dir='ltr'>miseram</span> <span class='ocrx_word' id='word_1_658' title='bbox 982 4479 1163 4543; x_wconf 89' lang='lat' dir='ltr'>intuemur:</span> <span class='ocrx_word' id='word_1_659' title='bbox 1214 4480 1484 4561; x_wconf 87' lang='lat' dir='ltr'>comparavimus.</span> <span class='ocrx_word' id='word_1_660' title='bbox 1527 4480 1613 4545; x_wconf 91' lang='lat' dir='ltr'>Nam</span> <span class='ocrx_word' id='word_1_661' title='bbox 1646 4482 1701 4564; x_wconf 93' lang='lat' dir='ltr'>qui</span> <span class='ocrx_word' id='word_1_662' title='bbox 1732 4479 1773 4545; x_wconf 88' lang='lat' dir='ltr'>ad</span> <span class='ocrx_word' id='word_1_663' title='bbox 1806 4502 1841 4548; x_wconf 90' lang='lat' dir='ltr'>se</span> <span class='ocrx_word' id='word_1_664' title='bbox 1872 4483 2005 4564; x_wconf 88' lang='lat' dir='ltr'>rapiunt</span> <span class='ocrx_word' id='word_1_665' title='bbox 2038 4480 2182 4548; x_wconf 80' lang='lat' dir='ltr'>ahenum</span> 
     </span>
     <span class='ocr_line' id='line_1_49' title="bbox 198 4562 2182 4651; baseline 0 -20"><span class='ocrx_word' id='word_1_666' title='bbox 198 4568 255 4632; x_wconf 90' lang='lat' dir='ltr'>sed</span> <span class='ocrx_word' id='word_1_667' title='bbox 278 4578 426 4631; x_wconf 87' lang='lat' dir='ltr'>nostram</span> <span class='ocrx_word' id='word_1_668' title='bbox 449 4574 497 4628; x_wconf 90' lang='lat' dir='ltr'>est</span> <span class='ocrx_word' id='word_1_669' title='bbox 519 4584 612 4628; x_wconf 90' lang='lat' dir='ltr'>crare</span> <span class='ocrx_word' id='word_1_670' title='bbox 641 4576 675 4627; x_wconf 92' lang='lat' dir='ltr'>nt</span> <span class='ocrx_word' id='word_1_671' title='bbox 697 4562 860 4627; x_wconf 91' lang='lat' dir='ltr'>Dominus</span> <span class='ocrx_word' id='word_1_672' title='bbox 886 4582 956 4626; x_wconf 88' lang='lat' dir='ltr'>cam</span> <span class='ocrx_word' id='word_1_673' title='bbox 987 4562 1162 4628; x_wconf 89' lang='lat' dir='ltr'>instauret:</span> <span class='ocrx_word' id='word_1_674' title='bbox 1214 4584 1343 4646; x_wconf 90' lang='lat' dir='ltr'>panem,</span> <span class='ocrx_word' id='word_1_675' title='bbox 1367 4574 1424 4629; x_wconf 90' lang='lat' dir='ltr'>aut</span> <span class='ocrx_word' id='word_1_676' title='bbox 1446 4564 1567 4631; x_wconf 85' lang='lat' dir='ltr'>illicitis</span> <span class='ocrx_word' id='word_1_677' title='bbox 1589 4565 1713 4632; x_wconf 88' lang='lat' dir='ltr'>artibus</span> <span class='ocrx_word' id='word_1_678' title='bbox 1736 4587 1809 4632; x_wconf 92' lang='lat' dir='ltr'>eum</span> <span class='ocrx_word' id='word_1_679' title='bbox 1832 4569 2015 4650; x_wconf 87' lang='lat' dir='ltr'>acquirunt,</span> <span class='ocrx_word' id='word_1_680' title='bbox 2038 4567 2182 4651; x_wconf 80' lang='lat' dir='ltr'>ipsums</span> 
     </span>
     <span class='ocr_line' id='line_1_50' title="bbox 197 4646 2182 4736; baseline 0 -19"><span class='ocrx_word' id='word_1_681' title='bbox 197 4653 282 4735; x_wconf 89' lang='lat' dir='ltr'>quod</span> <span class='ocrx_word' id='word_1_682' title='bbox 301 4652 398 4716; x_wconf 89' lang='lat' dir='ltr'>etiam</span> <span class='ocrx_word' id='word_1_683' title='bbox 417 4671 452 4714; x_wconf 93' lang='lat' dir='ltr'>se</span> <span class='ocrx_word' id='word_1_684' title='bbox 469 4653 629 4713; x_wconf 86' lang='lat' dir='ltr'>facturum</span> <span class='ocrx_word' id='word_1_685' title='bbox 648 4649 815 4730; x_wconf 89' lang='lat' dir='ltr'>promittit.</span> <span class='ocrx_word' id='word_1_686' title='bbox 850 4646 945 4727; x_wconf 90' lang='lat' dir='ltr'>Quod</span> <span class='ocrx_word' id='word_1_687' title='bbox 964 4648 1055 4713; x_wconf 91' lang='lat' dir='ltr'>addit</span> <span class='ocrx_word' id='word_1_688' title='bbox 1071 4649 1165 4714; x_wconf 81' lang='lat' dir='ltr'>donec</span> <span class='ocrx_word' id='word_1_689' title='bbox 1214 4647 1356 4712; x_wconf 90' lang='lat' dir='ltr'>Domino</span> <span class='ocrx_word' id='word_1_690' title='bbox 1378 4670 1443 4713; x_wconf 94' lang='lat' dir='ltr'>non</span> <span class='ocrx_word' id='word_1_691' title='bbox 1467 4650 1602 4728; x_wconf 89' lang='lat' dir='ltr'>habent,</span> <span class='ocrx_word' id='word_1_692' title='bbox 1632 4673 1693 4718; x_wconf 92' lang='lat' dir='ltr'>nec</span> <span class='ocrx_word' id='word_1_693' title='bbox 1715 4652 1932 4719; x_wconf 85' lang='lat' dir='ltr'>benedictioni</span> <span class='ocrx_word' id='word_1_694' title='bbox 1952 4654 2024 4718; x_wconf 89' lang='lat' dir='ltr'>eius</span> <span class='ocrx_word' id='word_1_695' title='bbox 2046 4660 2182 4736; x_wconf 74' lang='lat' dir='ltr'>possum</span> 
     </span>
     <span class='ocr_line' id='line_1_51' title="bbox 192 4733 2182 4822; baseline 0.001 -20"><span class='ocrx_word' id='word_1_696' title='bbox 192 4744 292 4821; x_wconf 77' lang='lat' dir='ltr'>portat</span> <span class='ocrx_word' id='word_1_697' title='bbox 312 4737 446 4817; x_wconf 76' lang='lat' dir='ltr'>tradem,</span> <span class='ocrx_word' id='word_1_698' title='bbox 468 4735 660 4799; x_wconf 88' lang='lat' dir='ltr'>tantundem</span> <span class='ocrx_word' id='word_1_699' title='bbox 680 4735 765 4798; x_wconf 88' lang='lat' dir='ltr'>valet</span> <span class='ocrx_word' id='word_1_700' title='bbox 783 4756 820 4800; x_wconf 92' lang='lat' dir='ltr'>ac</span> <span class='ocrx_word' id='word_1_701' title='bbox 839 4733 972 4798; x_wconf 90' lang='lat' dir='ltr'>reddere</span> <span class='ocrx_word' id='word_1_702' title='bbox 996 4734 1162 4799; x_wconf 88' lang='lat' dir='ltr'>ecclesiam</span> <span class='ocrx_word' id='word_1_703' title='bbox 1214 4734 1382 4813; x_wconf 90' lang='lat' dir='ltr'>ascribere,</span> <span class='ocrx_word' id='word_1_704' title='bbox 1400 4736 1492 4817; x_wconf 90' lang='lat' dir='ltr'>quasi</span> <span class='ocrx_word' id='word_1_705' title='bbox 1510 4736 1656 4821; x_wconf 87' lang='lat' dir='ltr'>legitima</span> <span class='ocrx_word' id='word_1_706' title='bbox 1670 4749 1757 4804; x_wconf 89' lang='lat' dir='ltr'>esset</span> <span class='ocrx_word' id='word_1_707' title='bbox 1772 4741 1939 4820; x_wconf 87' lang='lat' dir='ltr'>possessio.</span> <span class='ocrx_word' id='word_1_708' title='bbox 1969 4738 2032 4804; x_wconf 85' lang='lat' dir='ltr'>Oui</span> <span class='ocrx_word' id='word_1_709' title='bbox 2047 4760 2182 4822; x_wconf 87' lang='lat' dir='ltr'>respon·</span> 
     </span>
     <span class='ocr_line' id='line_1_52' title="bbox 197 4817 2180 4909; baseline 0.001 -23"><span class='ocrx_word' id='word_1_710' title='bbox 197 4823 382 4907; x_wconf 89' lang='lat' dir='ltr'>gloriosam,</span> <span class='ocrx_word' id='word_1_711' title='bbox 413 4837 450 4885; x_wconf 89' lang='lat' dir='ltr'>ut</span> <span class='ocrx_word' id='word_1_712' title='bbox 473 4820 563 4884; x_wconf 92' lang='lat' dir='ltr'>illinc</span> <span class='ocrx_word' id='word_1_713' title='bbox 586 4820 721 4883; x_wconf 88' lang='lat' dir='ltr'>materia</span> <span class='ocrx_word' id='word_1_714' title='bbox 743 4819 849 4885; x_wconf 90' lang='lat' dir='ltr'>laudis</span> <span class='ocrx_word' id='word_1_715' title='bbox 871 4817 1032 4902; x_wconf 85' lang='lat' dir='ltr'>effulgeat.</span> <span class='ocrx_word' id='word_1_716' title='bbox 1078 4820 1162 4884; x_wconf 91' lang='lat' dir='ltr'>Nam</span> <span class='ocrx_word' id='word_1_717' title='bbox 1213 4819 1269 4884; x_wconf 90' lang='lat' dir='ltr'>det</span> <span class='ocrx_word' id='word_1_718' title='bbox 1301 4821 1386 4902; x_wconf 92' lang='lat' dir='ltr'>quod</span> <span class='ocrx_word' id='word_1_719' title='bbox 1418 4822 1453 4885; x_wconf 92' lang='lat' dir='ltr'>in</span> <span class='ocrx_word' id='word_1_720' title='bbox 1488 4822 1619 4887; x_wconf 89' lang='lat' dir='ltr'>Psalmo</span> <span class='ocrx_word' id='word_1_721' title='bbox 1652 4824 1772 4907; x_wconf 90' lang='lat' dir='ltr'>legitur</span> <span class='ocrx_word' id='word_1_722' title='bbox 1804 4823 1890 4909; x_wconf 80' lang='lat'>(128,</span> <span class='ocrx_word' id='word_1_723' title='bbox 1920 4822 1974 4909; x_wconf 84' lang='lat'>2):</span> <span class='ocrx_word' id='word_1_724' title='bbox 2016 4824 2180 4891; x_wconf 84' lang='lat' dir='ltr'>Laborem</span> 
     </span>
     <span class='ocr_line' id='line_1_53' title="bbox 198 4905 2180 4990; baseline 0 -17"><span class='ocrx_word' id='word_1_725' title='bbox 198 4930 298 4990; x_wconf 87' lang='lat' dir='ltr'>quum</span> <span class='ocrx_word' id='word_1_726' title='bbox 322 4907 405 4973; x_wconf 93' lang='lat' dir='ltr'>nibil</span> <span class='ocrx_word' id='word_1_727' title='bbox 430 4918 559 4987; x_wconf 88' lang='lat' dir='ltr'>praeter</span> <span class='ocrx_word' id='word_1_728' title='bbox 581 4906 786 4969; x_wconf 89' lang='lat' dir='ltr'>severitatem</span> <span class='ocrx_word' id='word_1_729' title='bbox 807 4905 869 4969; x_wconf 92' lang='lat' dir='ltr'>Dei</span> <span class='ocrx_word' id='word_1_730' title='bbox 888 4906 1056 4981; x_wconf 91' lang='lat' dir='ltr'>sentimus,</span> <span class='ocrx_word' id='word_1_731' title='bbox 1080 4906 1162 4968; x_wconf 92' lang='lat' dir='ltr'>muti</span> <span class='ocrx_word' id='word_1_732' title='bbox 1214 4926 1369 4969; x_wconf 90' lang='lat' dir='ltr'>manuum</span> <span class='ocrx_word' id='word_1_733' title='bbox 1393 4914 1522 4972; x_wconf 89' lang='lat' dir='ltr'>tuarum</span> <span class='ocrx_word' id='word_1_734' title='bbox 1545 4909 1701 4984; x_wconf 90' lang='lat' dir='ltr'>comedes,</span> <span class='ocrx_word' id='word_1_735' title='bbox 1733 4910 1845 4975; x_wconf 89' lang='lat' dir='ltr'>beatus</span> <span class='ocrx_word' id='word_1_736' title='bbox 1868 4932 1911 4985; x_wconf 90' lang='lat' dir='ltr'>es,</span> <span class='ocrx_word' id='word_1_737' title='bbox 1943 4930 1980 4974; x_wconf 91' lang='lat' dir='ltr'>ac</span> <span class='ocrx_word' id='word_1_738' title='bbox 2009 4908 2094 4976; x_wconf 92' lang='lat' dir='ltr'>bene</span> <span class='ocrx_word' id='word_1_739' title='bbox 2123 4910 2180 4976; x_wconf 92' lang='lat' dir='ltr'>tibi</span> 
     </span>
     <span class='ocr_line' id='line_1_54' title="bbox 197 4990 2180 5080; baseline 0.002 -23"><span class='ocrx_word' id='word_1_740' title='bbox 197 4996 364 5059; x_wconf 90' lang='lat' dir='ltr'>reddimur</span> <span class='ocrx_word' id='word_1_741' title='bbox 401 5007 433 5057; x_wconf 91' lang='lat' dir='ltr'>et</span> <span class='ocrx_word' id='word_1_742' title='bbox 467 4992 635 5056; x_wconf 92' lang='lat' dir='ltr'>obruimur</span> <span class='ocrx_word' id='word_1_743' title='bbox 670 4990 810 5072; x_wconf 90' lang='lat' dir='ltr'>pudore:</span> <span class='ocrx_word' id='word_1_744' title='bbox 850 5010 951 5071; x_wconf 91' lang='lat' dir='ltr'>quum</span> <span class='ocrx_word' id='word_1_745' title='bbox 988 5010 1065 5054; x_wconf 91' lang='lat' dir='ltr'>vero</span> <span class='ocrx_word' id='word_1_746' title='bbox 1103 5012 1163 5055; x_wconf 93' lang='lat' dir='ltr'>nos</span> <span class='ocrx_word' id='word_1_747' title='bbox 1213 4992 1282 5056; x_wconf 90' lang='lat' dir='ltr'>erit.</span> <span class='ocrx_word' id='word_1_748' title='bbox 1330 4990 1396 5057; x_wconf 89' lang='lat' dir='ltr'>Sed</span> <span class='ocrx_word' id='word_1_749' title='bbox 1419 5013 1518 5074; x_wconf 92' lang='lat' dir='ltr'>quum</span> <span class='ocrx_word' id='word_1_750' title='bbox 1541 5003 1647 5058; x_wconf 90' lang='lat' dir='ltr'>terrae</span> <span class='ocrx_word' id='word_1_751' title='bbox 1670 4994 1847 5061; x_wconf 88' lang='lat' dir='ltr'>cultoribus</span> <span class='ocrx_word' id='word_1_752' title='bbox 1874 4996 1996 5062; x_wconf 90' lang='lat' dir='ltr'>victum</span> <span class='ocrx_word' id='word_1_753' title='bbox 2026 4998 2180 5080; x_wconf 84' lang='lat' dir='ltr'>assignet,</span> 
     </span>
     <span class='ocr_line' id='line_1_55' title="bbox 198 5076 2181 5161; baseline 0.003 -20"><span class='ocrx_word' id='word_1_754' title='bbox 198 5078 315 5143; x_wconf 89' lang='lat' dir='ltr'>liberat</span> <span class='ocrx_word' id='word_1_755' title='bbox 337 5081 376 5144; x_wconf 88' lang='lat' dir='ltr'>ab</span> <span class='ocrx_word' id='word_1_756' title='bbox 400 5077 562 5142; x_wconf 87' lang='lat' dir='ltr'>aerumnis</span> <span class='ocrx_word' id='word_1_757' title='bbox 585 5076 704 5140; x_wconf 89' lang='lat' dir='ltr'>nostris</span> <span class='ocrx_word' id='word_1_758' title='bbox 727 5096 764 5140; x_wconf 92' lang='lat' dir='ltr'>ac</span> <span class='ocrx_word' id='word_1_759' title='bbox 786 5086 924 5155; x_wconf 87' lang='lat' dir='ltr'>recreat,</span> <span class='ocrx_word' id='word_1_760' title='bbox 952 5076 1049 5139; x_wconf 90' lang='lat' dir='ltr'>simul</span> <span class='ocrx_word' id='word_1_761' title='bbox 1073 5077 1162 5140; x_wconf 91' lang='lat' dir='ltr'>nobis</span> <span class='ocrx_word' id='word_1_762' title='bbox 1186 5114 1189 5129; x_wconf 86' lang='lat'><em>·</em></span> <span class='ocrx_word' id='word_1_763' title='bbox 1212 5098 1270 5141; x_wconf 89' lang='lat' dir='ltr'>eur</span> <span class='ocrx_word' id='word_1_764' title='bbox 1293 5076 1371 5141; x_wconf 87' lang='lat' dir='ltr'>dicit</span> <span class='ocrx_word' id='word_1_765' title='bbox 1392 5079 1513 5161; x_wconf 87' lang='lat' dir='ltr'>gratias</span> <span class='ocrx_word' id='word_1_766' title='bbox 1534 5078 1606 5144; x_wconf 91' lang='lat' dir='ltr'>Deo</span> <span class='ocrx_word' id='word_1_767' title='bbox 1633 5079 1782 5145; x_wconf 82' lang='lat' dir='ltr'>acturos?</span> <span class='ocrx_word' id='word_1_768' title='bbox 1825 5079 1895 5146; x_wconf 82' lang='lat' dir='ltr'>(lur</span> <span class='ocrx_word' id='word_1_769' title='bbox 1923 5100 2001 5146; x_wconf 87' lang='lat' dir='ltr'>vero</span> <span class='ocrx_word' id='word_1_770' title='bbox 2032 5081 2181 5147; x_wconf 83' lang='lat' dir='ltr'>homines</span> 
     </span>
     <span class='ocr_line' id='line_1_56' title="bbox 198 5161 2179 5250; baseline 0.003 -23"><span class='ocrx_word' id='word_1_771' title='bbox 198 5184 234 5229; x_wconf 93' lang='lat' dir='ltr'>os</span> <span class='ocrx_word' id='word_1_772' title='bbox 255 5168 373 5245; x_wconf 88' lang='lat' dir='ltr'>aperit:</span> <span class='ocrx_word' id='word_1_773' title='bbox 404 5165 478 5244; x_wconf 88' lang='lat' dir='ltr'>quia</span> <span class='ocrx_word' id='word_1_774' title='bbox 501 5162 592 5227; x_wconf 88' lang='lat' dir='ltr'>nobis</span> <span class='ocrx_word' id='word_1_775' title='bbox 614 5161 840 5226; x_wconf 87' lang='lat' dir='ltr'>subministrat</span> <span class='ocrx_word' id='word_1_776' title='bbox 865 5162 1034 5226; x_wconf 86' lang='lat' dir='ltr'>materiam</span> <span class='ocrx_word' id='word_1_777' title='bbox 1057 5161 1161 5226; x_wconf 87' lang='lat' dir='ltr'>laudis</span> <span class='ocrx_word' id='word_1_778' title='bbox 1213 5161 1320 5226; x_wconf 90' lang='lat' dir='ltr'>Deum</span> <span class='ocrx_word' id='word_1_779' title='bbox 1344 5162 1493 5242; x_wconf 88' lang='lat' dir='ltr'>laudant,</span> <span class='ocrx_word' id='word_1_780' title='bbox 1524 5165 1551 5228; x_wconf 90' lang='lat' dir='ltr'>si</span> <span class='ocrx_word' id='word_1_781' title='bbox 1573 5166 1634 5247; x_wconf 94' lang='lat' dir='ltr'>ipsi</span> <span class='ocrx_word' id='word_1_782' title='bbox 1657 5165 1765 5230; x_wconf 89' lang='lat' dir='ltr'>labore</span> <span class='ocrx_word' id='word_1_783' title='bbox 1791 5187 1851 5231; x_wconf 91' lang='lat' dir='ltr'>suo</span> <span class='ocrx_word' id='word_1_784' title='bbox 1881 5177 2083 5250; x_wconf 85' lang='lat' dir='ltr'>congregant</span> <span class='ocrx_word' id='word_1_785' title='bbox 2112 5168 2179 5232; x_wconf 83' lang='lat' dir='ltr'>fru-</span> 
     </span>
     <span class='ocr_line' id='line_1_57' title="bbox 198 5249 2180 5334; baseline 0.003 -21"><span class='ocrx_word' id='word_1_786' title='bbox 198 5258 231 5313; x_wconf 89' lang='lat' dir='ltr'>et</span> <span class='ocrx_word' id='word_1_787' title='bbox 253 5250 431 5332; x_wconf 89' lang='lat' dir='ltr'>gratiarum</span> <span class='ocrx_word' id='word_1_788' title='bbox 455 5249 599 5314; x_wconf 90' lang='lat' dir='ltr'>actionis.</span> <span class='ocrx_word' id='word_1_789' title='bbox 1212 5258 1333 5328; x_wconf 88' lang='lat' dir='ltr'>menta,</span> <span class='ocrx_word' id='word_1_790' title='bbox 1356 5261 1389 5314; x_wconf 92' lang='lat' dir='ltr'>et</span> <span class='ocrx_word' id='word_1_791' title='bbox 1412 5252 1488 5315; x_wconf 88' lang='lat' dir='ltr'>vina</span> <span class='ocrx_word' id='word_1_792' title='bbox 1508 5250 1687 5334; x_wconf 84' lang='lat' dir='ltr'>colligunt?</span> <span class='ocrx_word' id='word_1_793' title='bbox 1734 5250 1874 5317; x_wconf 88' lang='lat' dir='ltr'>Videtur</span> <span class='ocrx_word' id='word_1_794' title='bbox 1895 5253 1983 5318; x_wconf 90' lang='lat' dir='ltr'>enim</span> <span class='ocrx_word' id='word_1_795' title='bbox 2011 5254 2089 5319; x_wconf 88' lang='lat' dir='ltr'>ficta</span> <span class='ocrx_word' id='word_1_796' title='bbox 2111 5274 2180 5319; x_wconf 87' lang='lat' dir='ltr'>esse</span> 
     </span>
    </p>
   </div>
   <div class='ocr_carea' id='block_1_3' title="bbox 0 0 2401 5970">
    <p class='ocr_par' dir='ltr' id='par_1_5' title="bbox 0 0 2401 5970">
     <span class='ocr_line' id='line_1_58' title="bbox 0 0 2401 5970; baseline 0 0"><span class='ocrx_word' id='word_1_797' title='bbox 0 0 2401 5970; x_wconf 95' lang='lat' dir='ltr'> </span> 
     </span>
    </p>
   </div>
  </div>
 </body>
</html>
