4784 5970
196 371 261 436 315
1075 370 1125 436 ιιι
1145 367 1312 438 rsmnu
1367 348 1370 353 ’
2123 364 2184 429 ero

189 570 315 625 mantes
337 559 452 623 fluvios
475 568 655 639 quaereret,
677 558 833 639 aquibus
851 560 982 626 tandem
1001 580 1162 643 mergere·
1213 557 1354 625 reditum
1388 556 1423 622 in
1456 554 1630 632 Iudaeam,
1669 562 1703 620 et
1735 553 1808 621 vias
1840 574 1939 637 repur
2001 553 2009 567 ⁰
2045 547 2183 650 iubebat

190 655 252 710 tur.
297 642 392 724 Quod
422 644 521 708 etiam
545 664 581 707 re
602 644 674 723 ipsa
695 644 815 709 evenit.
860 645 946 710 Nam
969 645 1097 730 Assyrii
1129 658 1162 711 et
1213 644 1298 710 Nam
1321 665 1421 728 quum
1444 642 1478 709 in
1499 640 1672 727 Babylone
1694 639 1787 706 velut
1807 639 1841 705 iu
1864 660 1945 723 sepu
1958 658 2016 705 cro
2042 636 2185 704 conclusi

189 729 361 814 Aegyptii,
391 728 577 794 attendam
601 727 773 809 Chaldaei,
807 731 925 813 quibus
951 751 986 795 se
1008 732 1161 797 societate
1213 741 1332 813 essent,
1354 749 1455 813 quum
1478 728 1575 811 longa
1593 736 1626 791 st
1643 724 1788 793 difficilis
1810 734 1897 824 esset
1913 724 1978 805 via,
1994 742 2185 824 'magnaque

189 815 372 880 iunxerunt
393 814 526 891 Iudaei,
562 835 626 878 nou
654 825 782 880 tantum
811 816 947 881 inutiles
976 817 1070 898 ipsis,
1104 817 1161 882 sed
1213 816 1354 882 solitudo
1376 813 1601 888 intercederet,
1623 813 1683 877 vix
1701 832 1775 896 spes
1797 821 1868 877 erat
1888 830 1976 895 rpsos
1992 832 2028 875 ιιι
2045 816 2185 907 patriam

190 903 285 966 etiam
315 900 465 965 exitiales
494 901 636 964 fuerunt.
687 898 844 983 Sequitur
871 901 1073 981 antitheton,
1107 901 1162 967 ubi
1213 904 1336 967 reverti
1365 920 1469 986 posse.
1521 898 1662 964 Proinde
1693 918 1759 962 non
1789 897 1905 962 leviter
1937 894 1999 962 hoc
2030 896 2070 961 ab
2100 894 2185 959 lena

189 987 276 1070 ipsos
295 997 426 1051 revocat
444 986 483 1050 ad
503 986 655 1051 fiduciam
670 984 743 1065 Dei,
766 987 850 1069 quod
870 988 1048 1052 remedium
1067 988 1162 1053 malis
1213 985 1488 1070 praetereundum
1517 984 1597 1049 fuit:
1626 993 1664 1049 ut
1686 1004 1790 1066 neque
1817 983 2027 1066 interpositos
2050 988 2185 1056 montes,

189 1072 339 1138 omnibns
361 1070 587 1154 opponendum
611 1084 676 1135 cst:
705 1073 801 1137 sicuti
824 1074 921 1137 etiam
944 1073 1031 1137 mala
1051 1075 1162 1141 omnia
1214 1092 1385 1138 neumare
1413 1069 1660 1149 intermedium,
1691 1091 1750 1134 nec
1772 1068 1840 1134 ulla
1862 1068 1926 1133 alia
1952 1066 2186 1164 impedimenta

190 1158 230 1223 ab
252 1156 479 1223 incredulitate
502 1164 535 1220 et
557 1156 742 1221 diffidentia
763 1161 924 1224 oriuntur.
964 1157 1062 1239 Quod
1083 1179 1161 1225 vero
1214 1159 1472 1224 reformidarent.
1505 1155 1693 1238 Alloquitur
1715 1165 1825 1220 autem
1842 1153 1967 1239 Cyrum
1985 1163 2020 1218 et
2035 1152 2185 1249 Danum,

190 1244 395 1326 sperantibus
429 1244 461 1306 in
495 1243 605 1306 Deum
642 1244 843 1323 promittitur
879 1242 1063 1309 haereditas
1096 1244 1161 1311 huc
1213 1265 1351 1327 quorum
1385 1242 1549 1307 mentibus
1582 1240 1755 1324 inspiravit
1788 1240 1951 1304 Dominus
1983 1244 2022 1303 ut·
2053 1236 2186 1302 Iudaeis

190 1329 349 1412 pertinet,
383 1326 472 1408 Quid
496 1327 584 1392 aliud
608 1329 780 1410 quaeritis,
814 1350 911 1412 quam
934 1340 972 1395 ut
994 1331 1088 1395 stetis
1109 1331 1160 1395 in·
1214 1332 1299 1395 siam
1324 1329 1546 1412 patefacerent
1567 1347 1605 1392 ao
1628 1327 1804 1391 munirent.
1841 1323 1891 1391 Ac
1913 1325 1942 1390 si
1963 1323 2097 1423 diceret,
2120 1322 2186 1421 Do:

189 1414 346 1491 columes,
380 1424 479 1495 atque
499 1413 684 1478 haereditas
707 1428 815 1480 vestra
835 1416 928 1481 salva
948 1414 1016 1480 sit?
1046 1417 1161 1482 Meum
1213 1417 1339 1480 minum
1362 1417 1537 1478 missurum
1562 1412 1745 1487 ministros,
1776 1411 1830 1492 qni
1854 1431 1943 1476 nnnc
1970 1410 2053 1492 ipsis
2081 1418 2185 1491 rgnotr

190 1512 240 1564 est
270 1499 329 1564 hoc
359 1508 534 1582 praestare.
582 1499 666 1580 Quis
694 1501 782 1563 enim
806 1522 863 1566 vos
885 1500 918 1565 in
940 1501 1026 1566 hanc
1057 1503 1160 1586 regio·
1213 1512 1300 1578 sunt,
1324 1520 1461 1583 quorum
1483 1517 1582 1580 opera
1604 1498 1692 1562 viem
1715 1505 1847 1575 sternet,
1869 1517 1907 1561 ac
1928 1495 2089 1580 populum
2112 1493 2185 1558 edu·

190 1606 264 1649 nem
287 1584 441 1649 induxit?
473 1586 546 1667 quis
569 1586 806 1667 possessionem
829 1587 900 1651 eius
922 1586 1084 1652 asseruit?
1117 1588 1162 1651 Et
1213 1599 1272 1652 oet.
1312 1587 1358 1652 Et
1379 1585 1575 1668 apostrophe
1598 1603 1662 1665 qua
1685 1583 1772 1664 ipsos
1793 1579 1968 1665 compellat
1988 1580 2065 1664 plus
2089 1578 2187 1644 habet

191 1679 300 1734 tamen
334 1671 509 1753 confugitis
542 1671 578 1734 in
608 1675 817 1754 Aegyptum:
851 1683 948 1755 atque
978 1673 1089 1737 inania
1121 1673 1161 1738 ab
1214 1671 1452 1750 vehementiae,
1486 1689 1582 1751 quam
1613 1671 1641 1733 si
1671 1670 1705 1732 in
1736 1669 1833 1732 tertia
1863 1686 1999 1750 persona
2030 1665 2187 1748 loquutus

190 1755 379 1820 hominibus
410 1756 533 1820 auxilia
557 1757 727 1838 quaeritis,
758 1768 856 1840 atque
879 1756 1044 1842 negligitis
1066 1779 1161 1840 opem
1214 1772 1307 1824 esset.
1343 1757 1429 1822 'Polli
1451 1753 1647 1821 offendicula
1664 1754 1790 1832 iubens,
1812 1753 1955 1818 ostendit
1973 1751 2100 1817 nullam
2117 1771 2187 1816 csse

190 1862 305 1906 meam.
351 1841 427 1905 Non
458 1841 570 1907 dubito
600 1844 679 1924 quin
709 1842 918 1908 haereditatis
947 1844 1076 1908 nomine
1103 1843 1161 1908 Iu·
1214 1864 1345 1909 causam
1362 1864 1421 1910 cur
1437 1851 1623 1905 terreantur
1641 1837 1886 1905 difficultatibus
1900 1847 1933 1903 et
1946 1837 2188 1935 impedimentis

188 1924 304 1991 (laeam
331 1927 512 2007 intelligat,
542 1928 577 1990 in
602 1949 667 2010 qua
688 1929 862 2011 cupiebant
884 1928 998 1994 Iudaei
1028 1949 1161 1994 munere
1213 1930 1354 2008 viarum,
1377 1948 1459 2010 quae
1477 1926 1640 1990 Dominus
1662 1926 1755 1991 facile
1776 1924 1879 2003 tollet,
1901 1944 2001 2006 quum
2024 1922 2055 1988 ei
2079 1942 2186 1987 vnum

188 2012 378 2078 incolumes.
415 2012 499 2076 Nam
524 2023 635 2094 postea
659 2016 806 2078 nominat
827 2020 958 2080 montem
979 2015 1162 2080 sanctitatis
1214 2017 1284 2079 erit.
1316 2014 1352 2080 E
1370 2015 1424 2078 viu
1440 2011 1561 2094 populi.
1597 2012 1636 2075 In
1655 2010 1715 2076 hcc
1736 2011 1858 2075 inclusa
1881 2021 1932 2075 est
1953 2029 2029 2091 spes
2051 2007 2185 2086 reditus,

189 2119 277 2175 suae,
304 2099 338 2161 in
361 2119 424 2180 quo
447 2098 596 2164 videlicet
621 2098 777 2182 templum
801 2100 901 2165 situm
925 2105 1005 2165 eret.
1047 2099 1161 2164 Iudaei
1213 2100 1297 2182 quod
1325 2099 1490 2163 Dominus
1524 2096 1683 2180 populum
1716 2117 1812 2160 suum
1847 2094 1998 2160 reducem
2032 2094 2068 2158 in
2100 2106 2185 2158 terra

188 2183 291 2267 igitur
313 2204 379 2247 non
404 2183 591 2248 tribuebant
605 2186 744 2250 Domino
766 2186 907 2251 officium
931 2206 1039 2264 suum,
1062 2207 1161 2268 quum
1214 2185 1373 2252 Chanaan
1403 2185 1522 2249 iterum
1546 2183 1652 2247 locare
1675 2181 1763 2247 velit
1808 2182 1898 2264 Ergo
1920 2179 2074 2262 quamvis
2097 2178 2185 2243 nulla

189 2268 230 2335 ad
253 2268 465 2352 Assyriorum
496 2282 553 2333 aut
581 2269 822 2353 Aegyptiorum
857 2272 965 2353 potius
994 2292 1091 2354 quam
1120 2272 1160 2335 ad
1214 2271 1335 2354 alioqui
1355 2273 1407 2335 via
1424 2278 1518 2346 esset,
1541 2289 1612 2332 eam
1632 2276 1742 2333 umen
1760 2287 1830 2332 esse
1853 2276 1990 2349 oportet,
2014 2265 2186 2348 perfringi·

190 2354 259 2419 eius
281 2375 374 2436 opem
409 2355 631 2437 confugerent.
676 2357 764 2420 Hinc
793 2355 974 2439 colligenda
1007 2366 1058 2421 est
1090 2358 1161 2420 uni·
1214 2379 1275 2439 que
1305 2357 1414 2420 omnia
1447 2355 1591 2420 claustra
1623 2367 1656 2418 ot
1688 2352 1871 2418 obstacula:
1906 2350 1993 2434 qnod
2025 2351 2186 2449 Dominus

188 2438 327 2505 versalis
354 2440 517 2505 doctrina:
552 2463 668 2523 nempe
691 2463 742 2506 res
765 2452 893 2506 nostras
914 2442 1080 2524 praeclare
1102 2441 1160 2506 ha·
1214 2441 1355 2506 reditum
1377 2441 1572 2524 promiserit,
1599 2452 1697 2521 atque
1719 2437 1791 2503 ideo
1811 2440 1854 2502 sit
1876 2437 1945 2501 dux
1968 2437 2185 2518 profectionis.

188 2526 314 2591 bitnras
336 2527 364 2591 si
387 2526 421 2589 in
440 2525 583 2590 Domino
605 2547 788 2610 speremus:
813 2526 898 2609 quod
920 2528 949 2593 si
971 2527 1161 2592 abiiciamus
1299 2529 1348 2593 15.
1378 2527 1550 2611 (Quoniam
1571 2527 1616 2590 sie
1637 2524 1737 2609 dicit.)
1781 2523 1964 2590 Confirmat
1984 2521 2187 2605 superiorem

189 2611 260 2677 eius
288 2611 441 2676 fiduciam
476 2613 596 2676 mirum
625 2623 714 2678 certe
743 2635 808 2678 non
839 2623 890 2677 est
917 2614 944 2678 si
965 2615 1161 2679 fluctuemus
1213 2614 1407 2678 sententiam
1437 2612 1476 2675 de
1506 2611 1714 2676 restitutione
1742 2609 1854 2692 populi
1887 2607 1928 2672 ab
1961 2606 2186 2673 exsilio:.sed

188 2706 285 2779 atque
305 2698 408 2763 variis
430 2696 535 2762 modis
557 2699 729 2780 agitemur.
763 2698 873 2779 Quum
897 2704 1027 2765 moutam
1049 2700 1162 2764 saucii·
1213 2700 1361 2765 bifariam
1385 2699 1438 2764 hic
1461 2698 1641 2762 versiculus
1659 2697 1777 2778 exponi
1794 2704 1917 2777 potest:
1941 2693 1992 2758 vel
2009 2692 2099 2775 quod
2114 2713 2185 2775 pro

188 2784 263 2847 tatis
285 2785 441 2862 nominat,
464 2783 497 2847 in
518 2804 613 2865 quem
633 2784 807 2848 reducendi
826 2785 1041 2868 suntIudaei,
1063 2783 1161 2867 signi·
1213 2786 1312 2868 pheta
1345 2791 1497 2850 occurrat
1530 2783 1724 2846 dubitationi
1757 2801 1841 2864 quae
1871 2778 2029 2861 obrepere
2057 2789 2188 2862 poterat

92 2916 97 2925 .
188 2868 265 2933 ficat
289 2869 390 2931 vitam
414 2880 446 2931 et
468 2870 576 2932 omnia
599 2871 668 2934 eius
690 2869 859 2935 commoda
876 2892 934 2953 per
953 2893 988 2936 se
1006 2871 1162 2953 optabilia
1214 2871 1331 2936 animis
1354 2872 1489 2953 piorum,
1512 2878 1607 2950 atque
1630 2869 1676 2931 ita
1699 2876 1867 2932 recenseat
1888 2885 1940 2928 res
1962 2865 2051 2929 inter
2072 2885 2109 2930 se
2131 2885 2187 2947 op·

189 2973 257 3016 non
287 2973 371 3027 esse,
407 2954 469 3017 nisi
501 2965 538 3017 ut
569 2956 747 3018 Dominum
781 2956 935 3021 colamus.
981 2957 1045 3021 Hie
1074 2957 1160 3020 enim
1214 2957 1352 3039 positas:
1385 2955 1436 3021 vel
1469 2955 1552 3035 quod
1588 2952 1798 3018 ratiocinetur
1830 2974 1848 3016 a
1882 2961 2002 3015 natura
2034 2950 2118 3032 Dei,
2151 2960 2188 3014 ut

190 3037 266 3101 finis
288 3047 338 3101 cst
360 3037 523 3102 humanae
548 3040 641 3114 vitae,
666 3052 701 3103 ut
723 3042 767 3104 sit
789 3041 907 3123 aliquis
929 3042 1000 3106 Deo
1023 3042 1162 3123 populus
1215 3041 1335 3106 debiles
1358 3040 1482 3105 animos
1505 3041 1683 3104 confirmet.
1728 3038 1774 3103 Ut
1795 3037 1876 3101 haec
1896 3035 2019 3102 clarius
2040 3056 2187 3119 expona-

191 3143 292 3203 aquo
310 3143 390 3202 pure
410 3123 589 3188 invocetur.
620 3126 709 3206 Ergo
728 3127 760 3188 in
780 3125 904 3190 cultum
924 3136 957 3189 et
974 3125 1162 3208 obsequium
1215 3148 1296 3203 mus,
1321 3128 1462 3208 primum
1475 3125 1595 3190 scimus
1614 3124 1665 3188 his
1684 3123 1933 3204 cogitationibus
1951 3141 2187 3203 saepenumero

190 3205 254 3270 Dei
277 3227 407 3288 semper
429 3208 528 3273 defixi
550 3211 615 3274 sint
639 3210 723 3275 oculi
753 3212 874 3285 nostri,
903 3212 931 3274 si
954 3212 1072 3287 vitam,
1106 3224 1163 3277 aut
1216 3213 1354 3277 distrahi
1388 3213 1512 3275 animos
1542 3222 1683 3287 nostros,
1719 3211 1827 3274 Deum
1864 3207 1994 3291 quidem
2028 3207 2064 3270 in
2099 3206 2187 3273 coelo

191 3293 425 3371 liberationem,
449 3303 505 3356 aut
528 3292 591 3358 alia
614 3296 702 3359 vitae
725 3297 894 3360 commoda
916 3310 1075 3378 optamus.
1214 3319 1294 3376 esse,
1317 3296 1373 3362 sed
1398 3317 1518 3379 magno
1542 3296 1654 3360 abesse
1676 3293 1858 3372 intervallo,
1886 3314 1924 3360 ao
1946 3291 2116 3376 negligere
2137 3312 2187 3357 res

277 3378 327 3441 14.
350 3376 409 3462 (Et
426 3380 513 3458 dicet,
537 3379 683 3465 sternite.)
717 3379 879 3461 Quoniam
903 3382 1040 3447 ridicula
1059 3381 1163 3448 videri
1213 3382 1391 3462 humanas,
1425 3396 1481 3445 aut
1511 3379 1692 3462 despicere:
1727 3378 1866 3463 denique
1899 3378 2024 3443 nullam
2058 3378 2091 3443 ei
2119 3398 2188 3444 esse

189 3475 317 3546 poteret
340 3463 419 3528 haec
441 3466 622 3547 promissio,
653 3486 860 3549 possessuros
883 3476 1018 3544 terram,
1049 3469 1163 3550 quiin
1213 3489 1326 3535 curam
1361 3468 1473 3533 nostri.
1528 3466 1575 3532 Ut
1607 3467 1768 3550 propheta
1800 3464 1885 3530 hanc
1918 3465 2189 3548 imaginationem

190 3547 333 3615 Domino
355 3560 527 3631 sperarent
548 3549 661 3635 (quum
684 3574 725 3616 ex
745 3573 782 3617 sa
805 3552 900 3634 paulo
923 3564 993 3635 post
1016 3553 1164 3619 eiiciendi
1214 3554 1365 3638 corrigat,
1390 3554 1437 3618 ait
1456 3554 1563 3617 Deum
1581 3551 1712 3633 quidem
1735 3549 1883 3616 habitare
1900 3550 1935 3614 in
1953 3550 2025 3615 loco
2042 3549 2188 3617 sublimi:

192 3635 333 3719 essent),
368 3636 402 3698 in
431 3637 571 3717 gratiam
602 3639 729 3719 piorum
762 3638 819 3720 qui
848 3638 956 3704 adhuc
987 3639 1165 3720 restabant,
1214 3640 1270 3705 sed
1294 3662 1362 3704 non
1383 3639 1455 3704 ideo
1477 3641 1587 3702 minus
1609 3648 1756 3720 spectare
1777 3636 1866 3702 hunc
1885 3635 2047 3700 mnndum
2070 3654 2110 3701 ac
2130 3655 2189 3718 gu·

193 3718 407 3803 subiungitur
436 3722 577 3786 secunda
606 3725 685 3788 heco
716 3725 903 3808 promissio,
936 3745 1000 3807 qna
1027 3725 1165 3809 spondet
1215 3725 1353 3790 bernare
1386 3724 1592 3809 providentia
1625 3745 1694 3788 sua.
1739 3722 1802 3787 Est
1833 3721 1922 3786 enim
1955 3720 2118 3787 sollicitus
2149 3720 2188 3786 de

193 3805 261 3869 fore
284 3817 321 3869 ut
343 3808 493 3887 quamvis
516 3807 607 3871 eiecti
632 3830 649 3871 e
672 3820 759 3873 terra
781 3810 951 3887 Chanaan,
981 3819 1016 3876 et
1037 3812 1070 3875 in
1093 3811 1163 3876 lon·
1217 3812 1384 3876 hominum
1407 3811 1528 3874 salute:
1559 3818 1655 3891 atque
1678 3807 1805 3873 habitat
1825 3829 1900 3874 cum
1923 3806 2064 3889 afflictis,
2096 3816 2128 3871 et
2148 3807 2188 3871 iis

217 3892 348 3971 inquam
371 3891 538 3973 regionem
562 3892 701 3975 ablegati
725 3895 801 3971 sint,
829 3896 863 3959 in
886 3917 956 3961 eam
982 3911 1091 3961 tamon
1114 3918 1164 3961 re·
1217 3898 1270 3978 qui
1306 3897 1444 3962 contrito
1477 3906 1554 3965 sunt
1588 3905 1620 3959 et
1654 3893 1772 3958 humili
1804 3891 1901 3958 corde
1931 3892 2028 3959 sicuti
2067 3891 2190 3975 legitur

194 3911 366 4040 ducantur.
422 3975 575 4041 Occurrit
609 3979 709 4060 igitur
742 3980 937 4046 dubitationi
973 4001 1055 4063 quac
1087 3983 1164 4046 oriri
1216 3982 1348 4046 Psalmo
1368 3981 1430 4046 138
1448 3979 1491 4064 (v.
1504 3980 1554 4065 6):
1578 3980 1738 4044 Excelsus
1756 3989 1806 4044 est
1822 3978 1954 4055 Iehova,
1976 3984 2010 4042 et
2027 3975 2189 4042 humilem

194 4071 341 4142 poterat:
363 4083 404 4125 ne
428 4062 472 4142 pii
496 4062 532 4125 in
555 4062 636 4126 duro
659 4063 715 4126 ilio
733 4072 765 4128 ct
783 4064 938 4131 diuturno
961 4065 1075 4131 exsilio
1097 4068 1165 4130 ani·
1217 4068 1365 4148 respicit:
1389 4080 1422 4129 et
1443 4066 1515 4129 eliis
1536 4066 1624 4129 iocis.
1668 4064 1764 4129 Alter
1784 4085 1899 4130 sensus
1921 4073 1980 4141 est,
2004 4062 2092 4145 quod
2114 4082 2189 4148 prc-

193 4165 284 4211 mum
309 4146 558 4227 desponderent,
582 4159 638 4212 aut
656 4147 804 4213 fallacem
827 4172 897 4216 esse
918 4153 1164 4234 promissionem
1216 4152 1314 4234 pheta
1337 4149 1479 4216 ostendit
1496 4150 1604 4213 Deum
1628 4151 1722 4214 valdo
1745 4149 1934 4215 dissimilem
1957 4148 2092 4215 anobis
2109 4170 2188 4216 esse.

194 4230 259 4296 Dei
289 4232 525 4296 existimarent.
577 4233 736 4298 Nonnulli
767 4248 951 4317 exponunt,
985 4235 1164 4303 Dominum
1217 4237 1301 4301 Nam
1324 4236 1397 4300 ideo
1419 4235 1620 4316 trepidamus
1642 4236 1676 4299 iu
1700 4236 1796 4301 rebus
1819 4233 1974 4309 adversis,
2002 4234 2092 4317 quod
2114 4256 2189 4301 eum

194 4319 372 4383 missurum
399 4338 490 4381 veros
514 4326 547 4381 et
568 4318 682 4383 fideles
704 4319 889 4403 prophetas,
919 4322 974 4404 qui
996 4323 1163 4388 ecclesiam
1216 4322 1348 4386 modulo
1382 4332 1492 4385 nostro
1525 4321 1693 4396 metimur,
1733 4320 1801 4401 Qui
1834 4341 1928 4403 opem
1962 4320 2065 4385 ferret
2097 4322 2190 4387 nobis

196 4404 236 4469 ab
259 4402 463 4468 offendiculis
492 4404 559 4466 suis
588 4415 782 4488 repurgant,
813 4426 896 4487 quae
926 4407 1164 4489 apseudcprc-
1215 4407 1387 4482 Dominus,
1411 4407 1466 4488 qui
1490 4407 1636 4489 oppressi
1658 4405 1796 4471 sumus?
1841 4404 1971 4471 Deinde
1991 4404 2120 4490 negligi
2141 4428 2190 4473 so

195 4488 304 4572 phetis
326 4499 360 4554 et
382 4487 477 4551 malis
500 4486 635 4553 ducibus
658 4498 812 4572 corrupta
837 4501 923 4555 erat:
953 4494 1046 4557 sicuti
1075 4495 1165 4574 prius
1215 4493 1287 4557 lent
1314 4503 1347 4556 et
1379 4494 1542 4556 contemni
1574 4493 1685 4557 miseri
1719 4491 1878 4557 homines.
1929 4489 1983 4555 Ita
2012 4513 2073 4557 nos
2104 4491 2190 4576 apud

194 4575 288 4640 exitii
311 4594 442 4640 oausam
465 4571 505 4636 ab
527 4574 567 4637 iis
589 4585 695 4638 ortam
718 4596 791 4640 esse
812 4575 974 4641 ostendit:
1001 4590 1097 4659 atque
1118 4579 1165 4643 ita
1215 4578 1325 4642 Deum
1347 4578 1436 4642 nullo
1464 4579 1497 4642 in
1529 4579 1632 4658 pretio
1658 4598 1730 4643 esse
1759 4578 1999 4642 existimamus:
2034 4578 2190 4659 quoniam

195 4661 363 4726 meliorem
386 4670 420 4724 et
441 4658 664 4740 optabiliorem
695 4671 817 4724 statum
847 4659 901 4724 hic
928 4664 1075 4743 promitti
1105 4684 1164 4744 pu·
1215 4664 1320 4745 ipsum
1341 4664 1495 4745 fingimus
1512 4685 1554 4726 ex
1573 4673 1691 4727 natura
1710 4674 1829 4730 nostra.
1860 4663 1963 4745 Atqui
1980 4662 2082 4747 longe
2096 4664 2191 4729 aliter

195 4758 277 4812 taut.
323 4744 389 4811 Sed
412 4744 509 4809 nimis
532 4754 642 4809 coacta
663 4754 712 4809 est
735 4744 892 4811 eiusmodi
924 4746 1163 4828 interpretatio:
1216 4749 1256 4812 de
1278 4750 1347 4830 ipso
1377 4747 1581 4812 sentiendum
1610 4759 1667 4813 est.
1714 4747 1856 4830 Ideoque
1884 4749 1993 4831 ipsum
2025 4748 2063 4813 in
2093 4750 2192 4815 coelis

196 4854 296 4913 quare
329 4833 471 4914 priorem
505 4831 597 4912 sequi
628 4830 732 4894 malo:
773 4830 934 4911 Quamvis
970 4832 1090 4896 scilieet
1124 4835 1164 4898 ad
1216 4831 1362 4897 habitare
1386 4833 1478 4897 dicit:
1513 4844 1549 4896 ut
1571 4835 1732 4916 significet
1753 4834 1864 4916 ipsum
1886 4834 2043 4899 humanis
2065 4835 2191 4901 affecti-

195 4929 325 5000 tempus
351 4928 440 4981 terra
462 4916 519 4981 illa
541 4915 690 4996 privandi
715 4930 824 4980 essent
847 4916 967 4993 Iudaei,
999 4920 1163 4983 tamenin
1217 4920 1275 4983 bue
1296 4918 1471 4983 obnoxium
1505 4939 1570 4982 non
1601 4941 1680 4984 esse.
1725 4920 1863 4986 Constat
1889 4921 1976 4984 enim
2007 4920 2071 4985 sibi
2101 4922 2191 4986 omni

195 5002 301 5086 ipsam
324 5004 513 5067 restitutum
533 5001 574 5064 iri
593 5022 611 5062 a
630 4999 781 5083 Domino,
806 5002 859 5082 qui
880 5003 949 5065 vias
967 5002 1164 5084 complanari
1216 5014 1371 5085 tempore,
1404 5026 1462 5068 nec
1484 5004 1656 5068 consilium
1686 5027 1829 5088 unquam
1858 5015 1977 5071 mutat.
2023 5004 2191 5086 Quemad-

196 5087 330 5168 iubebit,
353 5098 390 5152 ut
407 5089 494 5170 ipsos
516 5087 660 5151 reducat.
692 5085 856 5150 Convenit
878 5099 985 5151 autem
1006 5088 1058 5151 hic
1076 5088 1165 5153 locus
1216 5089 1348 5153 modum
1370 5090 1473 5171 igitur
1495 5088 1595 5153 semel
1618 5092 1768 5171 promisit
1797 5092 2040 5157 restitutionem
2068 5094 2192 5176 populo

196 5195 271 5240 cum
294 5195 331 5239 eo
354 5195 447 5257 quem
471 5174 563 5256 prius
585 5192 653 5254 esp.
676 5171 720 5235 40
741 5171 895 5236 vidimus:
924 5175 978 5235 ubi
1001 5171 1164 5238 Dominus
1215 5194 1285 5249 suo,
1307 5175 1353 5238 ita
1375 5174 1560 5257 praestabit.
1604 5174 1669 5239 Hic
1691 5197 1804 5242 sensus
1826 5177 1908 5241 mihi
1930 5198 1997 5241 non
2020 5176 2191 5261 displicet:

196 5260 450 5326 consolationem
478 5259 588 5325 afferri
610 5256 728 5341 populo
749 5277 817 5333 suo,
849 5255 931 5321 edici
953 5269 985 5321 et
1008 5257 1164 5338 publicari
1216 5280 1276 5325 neo
1299 5261 1441 5342 priorem
1464 5259 1588 5335 reiicio,
1620 5262 1674 5342 qui
1698 5263 1825 5345 plenior
1847 5273 1947 5346 atque
1969 5262 2104 5330 uberior
2124 5273 2193 5331 est:
