4784 5970
194 370 256 436 541
934 373 984 439 IN
1006 372 1256 439 IEREMIAM.
1300 371 1399 440 OAP.
1422 372 1467 438 II.
2136 374 2200 438 542

196 560 433 626 resistendum:
467 559 559 626 Deus
589 572 716 644 pugnat
745 581 820 627 aum
853 559 979 632 umbra.
1014 559 1091 623 dum
1120 578 1173 622 me
1221 566 1391 642 paternam
1418 565 1505 624 tuam
1533 579 1609 642 erpa
1630 580 1686 625 aas
1714 559 1950 640 beneficentiam,
1981 563 2027 625 ita
2048 562 2085 625 in
2099 566 2201 642 poste-

197 647 324 729 alfligit.
372 645 524 712 Ferenda
557 644 685 728 quidem
720 644 803 711 mihi
835 656 886 711 est
916 645 989 709 eins
1017 645 1174 709 violentia
1225 666 1298 710 rum
1326 647 1428 711 simus
1456 647 1525 711 eius
1553 665 1698 726 capaces:
1725 651 1816 726 atque
1844 648 1889 710 ita
1917 647 2020 729 mapis
2042 665 2079 710 ac
2098 649 2202 729 mepta

198 735 352 813 quamvis
381 753 434 796 me
457 732 598 797 obruats
631 733 756 797 interea
789 731 868 797 iacit
897 730 980 796 mihi
1008 730 1173 793 iniuriam.
1198 762 1202 817 ι
1226 750 1446 797 assuescamus
1468 731 1511 795 ad
1529 730 1693 812 ferendum
1712 736 1802 795 tuum
1823 732 1944 814 lupum,
1966 734 2058 796 donec
2079 733 2201 797 tandem

198 817 283 882 Nam
307 822 334 882 si
357 817 458 882 vellet
479 837 577 901 agere
599 837 726 883 mecum
749 818 831 895 iure,
854 824 887 881 et
907 817 1019 898 aequis
1042 815 1175 879 rationi·
1199 821 1201 893 ἓ
1223 816 1382 901 pafnucii
1401 821 1509 881 metra
1527 815 1654 896 militia,
1671 817 1895 897 perveniamus
1914 817 1957 883 ad
1974 818 2094 883 beatam
2110 817 2201 882 iilam

200 904 276 985 bus,
308 923 370 987 ego
398 902 569 984 probarem
603 922 653 967 me
682 902 854 985 indignum
888 921 958 967 esse
989 901 1041 965 his
1070 899 1174 963 malis.
1198 896 1202 959 l
1227 903 1367 984 quietem,
1390 921 1470 984 quae
1491 900 1579 966 nohis
1596 902 1632 966 in
1648 902 1728 967 caeto
1746 907 1790 966 est
1806 903 1949 986 reposita,
1967 922 2029 985 per
2041 901 2201 968 Christum

198 988 256 1052 Sic
279 1007 357 1072 ergo
379 987 522 1071 agebant
544 985 665 1064 Iudaei,
696 987 792 1052 Modo
812 986 931 1052 recedat
951 987 1042 1067 furor
1063 986 1133 1050 eins
1154 1006 1174 1049 a
1198 970 1201 1056 l
1227 987 1401 1053 Dominum
1421 992 1570 1068 nantum,
1592 986 1703 1052 Amen.

198 1073 310 1155 nobis,
345 1075 526 1156 poterimus
559 1071 730 1137 ostendere
771 1093 829 1136 nos
862 1093 932 1137 esse
966 1073 1089 1151 iustos,
1122 1069 1173 1134 vel

198 1157 315 1224 saltem
337 1157 550 1223 excusabiles.
592 1156 689 1222 Nunc
711 1159 808 1221 etiam
830 1159 864 1221 in
888 1157 950 1221 hae
971 1165 1066 1240 parte
1088 1164 1176 1220 tene·
1292 1158 1364 1223 ¹36.
1397 1157 1483 1237 Quid
1503 1157 1662 1222 discurris
1684 1161 1839 1238 tantopere
1860 1157 1904 1222 ad
1924 1158 2110 1223 mutandum
2131 1160 2203 1225 cias

199 1264 274 1308 mus
296 1243 476 1328 prophetae
498 1242 688 1322 consilium,
717 1243 804 1325 quod
827 1243 951 1307 scilicet
972 1241 1087 1306 Iudaei
1109 1261 1175 1305 non
1227 1243 1325 1308 tuas?
1358 1242 1469 1307 Etiam
1498 1243 1537 1308 ah
1559 1243 1701 1326 Aepypto
1725 1243 1883 1327 pudefies,
1912 1244 2006 1308 nenti
2030 1244 2203 1326 pudefacta

200 1338 332 1395 tantum
355 1329 424 1393 ansi
447 1327 585 1393 fuissent
613 1327 760 1408 improbe
783 1334 816 1392 et
838 1328 980 1392 fastuose
1002 1325 1062 1392 sibi
1086 1347 1175 1409 arro·
1227 1350 1260 1394 cs
1281 1328 1320 1394 ab
1341 1329 1457 1394 Assur.

200 1435 280 1497 gare
307 1414 543 1490 innocentiam,
576 1410 633 1477 sed
663 1414 762 1476 etiam
792 1412 882 1477 litem
915 1413 1081 1478 intentare
1102 1411 1174 1476 Deo

201 1520 268 1565 non
290 1499 534 1575 dubitaverant,
564 1497 656 1579 quasi
682 1499 780 1561 nimis
809 1499 980 1580 imperiose
1010 1500 1098 1580 ipsos
1121 1517 1175 1561 ur·
1313 1499 1533 1581 Prosequitur
1548 1498 1685 1563 eandem
1701 1499 1897 1564 sententiam
1914 1498 2082 1581 propheta.
2103 1499 2202 1564 Prius

223 1595 303 1663 eret,
327 1605 432 1667 neque
453 1581 666 1648 contenderet
688 1580 817 1662 iudicio,
840 1583 897 1647 sed
920 1583 1080 1667 prolerrct
1101 1602 1174 1647 cru·
1228 1585 1316 1651 enim
1339 1583 1424 1649 dixit
1445 1583 1603 1668 populum
1625 1584 1764 1649 similem
1787 1605 1857 1649 esse
1887 1584 2016 1649 mulieri
2049 1585 2202 1667 perfidae,

200 1607 306 1735 helem
329 1669 530 1735 sententiam
548 1666 589 1732 ad
608 1670 695 1751 ipsos
718 1666 918 1733 obruendos:
942 1669 1029 1752 Ecce,
1052 1669 1174 1750 inquit:
1228 1691 1312 1753 quae
1341 1670 1457 1735 relicto
1483 1670 1610 1746 marito,
1646 1669 1798 1735 discurrit
1831 1680 1906 1752 post
1933 1689 2010 1734 suas
2040 1667 2202 1735 libidines.

200 1755 346 1823 iudicabo
369 1761 407 1836 te,
428 1755 505 1835 quia
527 1753 649 1830 dixisti,
673 1773 738 1817 non
753 1755 889 1834 peccaui.
935 1752 1079 1834 Quidam
1102 1774 1175 1818 ver·
1229 1756 1337 1821 Huius
1371 1755 1552 1821 sententiae
1585 1755 1745 1820 rationem
1769 1776 1857 1820 nune
1879 1754 1995 1819 reddit.
2039 1755 2125 1820 Nam
2147 1776 2202 1838 po·

200 1849 291 1921 tunt,
322 1841 434 1905 Iudico
458 1848 504 1919 te,
533 1837 738 1904 vel-damno.
784 1837 850 1904 Sed
874 1858 939 1904 non
962 1839 1097 1904 dubium
1127 1847 1176 1902 cst
1229 1850 1315 1906 terat
1336 1839 1441 1906 videri
1475 1841 1623 1923 asperius
1656 1861 1754 1924 agere
1784 1861 1856 1905 cum
1891 1840 2010 1923 populo
2039 1839 2105 1917 illo,
2140 1842 2203 1904 nisi

200 1929 278 2008 quin
310 1927 409 1991 tacita
443 1926 486 1989 sit
513 1923 685 1988 antithesis
718 1925 806 1989 inter
836 1925 993 2000 furorem,
1028 1937 1061 1988 et
1090 1925 1176 1988 inter
1229 1946 1281 1991 res
1303 1926 1376 2010 ipsa
1398 1924 1501 2009 digito
1529 1932 1710 1990 monstrata
1740 1935 1840 1990 esset:
1875 1925 1959 2007 quod
1993 1946 2081 1991 nunc
2115 1925 2201 1990 lacit.

200 2011 356 2077 indicium
379 2009 453 2074 Dei.
497 2008 645 2090 Populus
675 2010 762 2073 enim
794 2008 921 2075 dicebat
942 2009 1053 2074 Deum
1077 2008 1177 2072 nimis
1229 2010 1322 2076 Dicit
1351 2011 1441 2076 enim
1468 2010 1659 2089 discurrere,
1692 2030 1753 2075 nec
1775 2010 1904 2094 vulgari
1932 2009 2045 2075 modo:
2079 2010 2135 2074 sed
2166 2022 2203 2074 ut

201 2094 307 2179 rigide
350 2096 497 2159 saevire:
544 2093 624 2157 haee
667 2102 738 2158 erat
781 2096 839 2160 ira.
900 2094 1000 2159 Nunc
1042 2093 1176 2176 opponit
1230 2104 1388 2178 appareat
1419 2096 1525 2178 turpis
1554 2094 1688 2170 levitas,
1722 2094 1996 2177 quemadmodum
2019 2095 2054 2158 in
2077 2095 2203 2171 scortis,

200 2180 294 2245 Deus
316 2200 412 2245 suum
435 2179 610 2245 iudicium:
644 2178 719 2244 Non
749 2189 816 2257 est,
851 2181 975 2262 inquit,
1009 2179 1094 2262 quod
1125 2178 1178 2243 hio
1230 2202 1312 2263 quae
1345 2180 1470 2246 abiecto
1499 2181 1587 2244 omni
1620 2180 1746 2264 pudore
1778 2188 1942 2263 quaerunt
1963 2180 2015 2244 vel
2037 2178 2204 2245 adulteros

201 2275 391 2350 praetextus
422 2266 457 2328 in
486 2264 632 2328 medium
659 2265 794 2331 avobis
824 2267 1023 2347 proferatur:
1058 2284 1177 2329 evanc-
1230 2267 1282 2332 vel
1305 2275 1511 2332 scortatores.
1545 2265 1730 2342 Caeterum,
1753 2266 1818 2330 iam
1840 2268 1953 2349 paucis
1975 2264 2104 2329 ostendi
2126 2264 2204 2349 quid

201 2363 271 2416 scat
289 2353 385 2428 enim,
409 2349 494 2431 Quia
512 2349 630 2414 iudicio
651 2351 831 2417 mutuatim
852 2351 1017 2434 uobiscum,
1039 2350 1101 2414 hoc
1119 2357 1178 2428 est,
1229 2353 1283 2417 hic
1306 2353 1389 2417 velit
1410 2351 1580 2434 propheta.
1624 2351 1739 2415 Iudaei
1762 2351 1850 2415 enim
1873 2371 1973 2433 quum
2004 2349 2127 2432 aliquid
2153 2351 2203 2414 in·

201 2435 369 2502 ostendam
394 2456 431 2501 re
452 2437 524 2519 ipsa
545 2455 598 2499 me
620 2455 690 2500 esse
712 2436 868 2514 iudicem,
900 2457 964 2501 non
988 2449 1176 2520 tyrannum,
1230 2437 1338 2503 stabat
1367 2436 1518 2519 periculi,
1552 2435 1752 2517 quaerebant
1785 2436 1943 2500 atrxilinm
1973 2436 2115 2500 nuncin
2139 2438 2204 2499 Ae·

201 2543 255 2586 me
276 2541 429 2586 exercere
452 2523 554 2586 iustas
576 2541 706 2602 poenas,
737 2533 769 2584 et
792 2521 918 2586 debitas
940 2522 1081 2604 legibus,
1112 2542 1176 2584 non
1231 2533 1341 2606 gypto,
1374 2523 1518 2586 nuncin
1542 2523 1692 2605 Assyria.
1738 2523 1841 2602 Atqui
1862 2532 2036 2602 utrumque
2059 2519 2205 2585 sciebant

201 2614 312 2673 autem
335 2628 406 2671 esse
425 2607 565 2670 similem
589 2605 713 2669 homiui
736 2605 903 2680 iracundo,
926 2609 980 2687 qui
999 2606 1177 2670 vindictam
1231 2608 1292 2672 sibi
1326 2628 1396 2672 csse
1429 2608 1584 2672 vetitam:
1620 2627 1685 2670 non
1719 2605 1804 2688 quod
1839 2627 1897 2688 per
1927 2627 1961 2670 se
1991 2605 2114 2669 malum
2148 2616 2205 2669 aut

201 2693 305 2758 sumit
335 2692 374 2756 de
400 2693 469 2756 suis
499 2689 657 2768 hostibus,
688 2700 720 2752 et
747 2690 824 2755 lacit
856 2691 917 2754 hoo
946 2690 1114 2773 praecipiti
1146 2700 1179 2754 et
1231 2692 1387 2757 vitiosum
1422 2692 1465 2755 sit
1497 2699 1608 2774 petere
1640 2691 1801 2755 auxilinm
1831 2712 1851 2755 a
1878 2691 2010 2772 vicinis,
2044 2690 2101 2755 sed
2129 2690 2205 2771 quia

203 2797 298 2843 caeco
325 2777 461 2843 affectu:
493 2794 554 2858 ego
577 2772 745 2839 ostendam
768 2795 822 2839 me
843 2795 916 2841 cese
937 2775 1094 2855 iudicem,
1128 2775 1178 2839 in·
1233 2777 1360 2843 volebat
1381 2775 1473 2841 Deus
1507 2776 1644 2841 solidam
1678 2774 1807 2840 laudem
1841 2775 1902 2840 sibi
1935 2796 2085 2857 manere,
2119 2774 2205 2856 quod

203 2864 284 2944 quit.
338 2861 427 2926 Hinc
460 2860 613 2942 colligere
647 2860 722 2925 licet
754 2861 869 2925 utilem
904 2860 1105 2927 doctrinam:
1142 2879 1179 2924 aa
1231 2863 1371 2947 populus
1393 2861 1448 2926 ille
1477 2863 1590 2926 salvus
1612 2871 1646 2926 ct
1667 2861 1839 2927 incolumis
1867 2868 1980 2925 staret.
2023 2861 2206 2943 Receperat

202 2950 310 3032 primo
340 2947 410 3012 loco
439 2944 621 3011 notandum
645 2951 712 3022 est,
745 2946 830 3011 nihil
852 2947 957 3031 magis
978 2946 1089 3012 Deum
1122 2944 1177 3010 ab·
1231 2950 1317 3013 enim
1350 2948 1445 3013 illum
1476 2947 1509 3012 in
1543 2946 1642 3012 fidem
1675 2967 1778 3011 suam.
1834 2946 1923 3029 lllrgo
1955 2965 2057 3027 quum
2090 2945 2207 3010 Iudaei

203 3034 356 3109 ominari,
383 3050 484 3113 quam
506 3031 593 3096 hanc
614 3032 840 3112 pervicaciam,
863 3032 920 3097 ubi
942 3033 1066 3098 scilicet
1087 3031 1176 3098 volu·
1231 3041 1340 3099 essent
1361 3033 1425 3097 Dei
1457 3031 1601 3115 clientes,
1636 3031 1817 3096 debuerant
1850 3030 2055 3113 acquiescere
2076 3031 2112 3095 in
2135 3031 2206 3097 eius

203 3140 278 3183 mus
299 3118 403 3182 videri
422 3116 560 3195 innoxii,
583 3136 682 3198 quum
702 3125 813 3181 tamen
832 3119 1031 3183 conscientia
1049 3117 1180 3201 propria
1231 3119 1401 3202 praesidio.
1440 3117 1553 3199 Quum
1575 3123 1801 3201 respectarent
1823 3116 1887 3181 huc
1909 3123 1942 3180 et
1962 3116 2049 3191 illuc,
2072 3116 2205 3200 signnm

203 3224 264 3268 nos
287 3204 429 3268 damnet.
475 3202 604 3265 Deinde
634 3202 778 3266 secundo
807 3202 877 3267 loco
906 3203 1088 3268 notandum
1118 3211 1179 3283 est,
1231 3204 1295 3269 luit
1327 3203 1542 3269 diffidentiae:
1577 3210 1610 3266 et
1632 3213 1790 3352 {uantum
1815 3200 1937 3266 dabant
1960 3201 2011 3266 vel
2033 3201 2206 3286 Aegyptiis

204 3289 390 3372 quicunque
423 3289 470 3351 ita
502 3288 740 3352 contumaciter
772 3289 965 3371 insurgunt,
1000 3294 1034 3353 et
1064 3288 1180 3354 volunt
1232 3289 1284 3355 vel
1303 3290 1461 3373 Assyriis,
1483 3294 1612 3352 tantum
1657 3286 1852 3352 etrahebant
1873 3286 1946 3351 Deo
1967 3306 2037 3364 sno,
2059 3289 2114 3368 qni
2135 3307 2207 3368 pro-

202 3372 349 3456 improbe
379 3383 413 3438 et
434 3372 640 3455 impudenter
662 3371 749 3437 tueri
771 3392 831 3437 sua
853 3374 942 3452 vitia,
975 3372 1073 3439 simul
1102 3394 1179 3439 eon·
1232 3376 1368 3440 miserat
1388 3374 1521 3438 illorum
1545 3372 1685 3437 salutem
1709 3371 1769 3437 sibi
1793 3373 1862 3437 fore
1884 3391 1990 3438 curae.
2029 3372 2207 3453 Comparat

203 3459 297 3543 gredi
320 3478 395 3523 cum
417 3459 488 3541 ipso
507 3458 586 3522 Deo.
619 3457 705 3522 Nam
728 3457 828 3522 falsae
851 3460 1075 3525 excusationes
1096 3479 1178 3524 sem·
1231 3461 1333 3543 igitur
1354 3459 1434 3522 istas
1456 3459 1652 3541 agitationes
1676 3458 1802 3522 levitati
1826 3457 2035 3533 meretriciae,
2068 3454 2124 3519 ubi
2145 3456 2207 3519 sci-

203 3566 261 3627 per
284 3543 348 3610 huo
371 3544 527 3620 tendant,
557 3552 595 3606 ut
620 3543 712 3608 Deus
742 3540 916 3608 damnetur
937 3545 1080 3609 iniustae
1104 3565 1179 3610 cru·
1232 3547 1308 3610 licet
1329 3552 1436 3609 scorta
1458 3543 1523 3608 huc
1545 3551 1578 3606 et
1599 3542 1681 3607 illud
1703 3541 1901 3606 discurrunt.
1934 3539 2075 3623 Oportet
2096 3551 2205 3605 autem

203 3630 355 3695 delitatis.
401 3628 468 3694 Sed
491 3628 645 3694 videmus
673 3627 750 3711 qnid
778 3627 860 3693 tales
889 3630 1068 3711 proficiant.
1114 3629 1178 3694 Os·
1232 3639 1375 3695 scortum
1406 3649 1477 3693 esse
1508 3627 1682 3706 foetidum,
1715 3627 1771 3692 ubi
1800 3629 1847 3690 ita
1874 3624 1971 3709 vulgo
2004 3625 2206 3690 conditiones

203 3716 309 3779 tendit
336 3715 423 3779 enim
446 3713 539 3779 Deus
568 3713 701 3777 tandem
731 3734 766 3778 se
788 3734 859 3778 esse
888 3713 1044 3779 iudicem:
1078 3724 1111 3778 et
1133 3716 1180 3778 ita
1231 3715 1294 3780 sibi
1317 3714 1452 3796 quaerit.
1498 3713 1626 3777 Multae
1659 3713 1746 3777 onim
1781 3712 1968 3776 meretrices
2002 3718 2206 3793 exspectant,

204 3800 359 3874 ostendit,
388 3810 427 3863 ut
448 3798 554 3881 palam
579 3803 707 3882 retegat
728 3818 842 3863 eorum
864 3800 1011 3879 crimina,
1041 3801 1096 3881 qni
1119 3820 1178 3881 pu·
1232 3800 1311 3864 dnm
1335 3799 1448 3863 veniat
1469 3797 1588 3880 aliquis
1610 3807 1750 3862 amator:
1772 3797 1828 3862 sed
1853 3815 1936 3880 quae
1958 3816 1993 3860 se
2015 3797 2061 3860 ita
2083 3798 2204 3879 passim

204 3897 316 3949 terunt
349 3885 559 3967 subterfugiis
593 3895 626 3947 et
658 3883 828 3949 fallacibus
861 3885 986 3949 cavillis
1017 3907 1052 3950 se
1084 3905 1179 3967 posse
1231 3885 1443 3968 prostituunt,
1475 3883 1593 3947 merito
1616 3892 1693 3947 sunt
1722 3882 1963 3947 abominabiles.
2007 3880 2081 3946 Hoc
2103 3883 2205 3966 igitur

203 3990 369 4036 excusare.
402 3968 468 4050 Qui
492 3988 570 4052 ergo
592 3968 640 4032 ita
661 3968 734 4033 Deo
756 3971 991 4035 contumaciter
1013 3971 1179 4049 resistunt,
1231 3991 1319 4035 nuno
1340 3968 1504 4052 significat
1525 3967 1694 4051 propheta,
1724 3967 1863 4033 Iudaeos
1885 3967 2055 4046 cursitare,
2078 3975 2111 4030 et
2132 3968 2204 4049 qni·

204 4054 336 4120 tandem
376 4075 508 4119 necesse
545 4063 595 4116 est
631 4075 686 4118 eos
718 4057 831 4120 venire
867 4055 908 4120 ad
944 4054 1033 4120 hunc
1069 4056 1178 4133 finem,
1232 4054 1305 4120 dem
1328 4055 1383 4132 ita,
1409 4053 1450 4119 Ut
1468 4059 1586 4118 mutent
1605 4054 1676 4118 cias
1697 4074 1784 4118 suas.
1818 4053 1904 4118 Nam
1927 4053 1961 4117 in
1980 4053 2205 4118 meretricibus

203 4138 477 4221 quemadmodum
522 4140 716 4221 pronuntiat
759 4140 937 4223 propheta,
982 4162 1100 4224 nempe
1136 4149 1180 4205 -nt
1231 4160 1328 4222 saepe
1351 4146 1461 4203 tamen
1485 4139 1606 4203 residet
1628 4140 1746 4221 aliquis
1768 4139 1901 4203 nativus
1922 4159 2023 4203 amor.
2056 4135 2123 4202 Sed
2142 4138 2205 4201 hoc

204 4246 381 4308 agnoscere
414 4235 578 4310 cogantur
605 4224 712 4289 Deum
742 4225 1050 4291 non-excanduisse
1080 4226 1178 4290 nimis
1231 4227 1361 4309 signum
1395 4233 1444 4288 est
1477 4223 1608 4302 brutae,
1648 4235 1681 4289 et
1713 4223 1899 4306 pudendae,
1933 4233 1965 4287 et
1998 4223 2204 4306 prodigiosae

203 4309 347 4377 violento
380 4312 506 4394 impetu
540 4323 749 4388 contraeas,
782 4309 839 4375 sed
862 4312 965 4376 iustas
995 4331 1116 4393 poenas
1138 4311 1179 4375 de
1232 4313 1331 4377 etiam
1351 4309 1506 4387 libidinis,
1528 4310 1584 4375 ubi
1602 4310 1728 4386 mulier,
1753 4328 1980 4391 quemcunque
1998 4309 2204 4390 conspexerit

203 4395 283 4476 ipsis
305 4399 461 4480 exegisse.
1232 4397 1358 4475 virum,
1392 4395 1533 4477 appetit:
1567 4395 1619 4460 vel
1648 4394 1705 4458 ubi
1735 4396 1833 4459 etiam
1857 4395 1908 4461 vir
1936 4394 2069 4476 aliquis,
2101 4414 2203 4473 quum

1232 4483 1339 4565 aliqua
1358 4481 1499 4547 occurrit
1522 4480 1648 4558 mulier,
1678 4481 1788 4545 statim
1811 4479 2009 4545 accenditur.
2054 4477 2118 4543 Ubi
2141 4479 2203 4560 igi-

561 4583 818 4646 ΡΒΕΟΑΤῙΟ,
1232 4578 1286 4633 tur
1308 4567 1381 4631 talis
1407 4574 1457 4631 est
1485 4565 1704 4647 impudentia,
1737 4567 1884 4647 sequitur
1916 4565 1982 4628 iam
2015 4562 2098 4626 nihil
2132 4585 2204 4628 esse

1231 4651 1400 4717 residuum
1433 4651 1584 4734 pudoris,
1625 4650 1675 4714 vel
1710 4652 1808 4714 etiam
1846 4660 1998 4727 naturae,
2037 4649 2202 4731 quoniam,

289 4734 355 4813 Da,
377 4735 565 4817 omnipotens
587 4736 688 4818 Deus,
717 4754 813 4816 quum
835 4738 879 4798 tot
898 4735 989 4799 uitiis
1009 4736 1111 4801 simus
1132 4759 1179 4802 rc·
1231 4738 1329 4803 sicuti
1360 4737 1427 4800 iam
1462 4735 1544 4812 dixi,
1578 4736 1694 4799 merito
1726 4734 1947 4819 prodigiosum
1980 4733 2042 4798 hoc
2075 4736 2203 4798 censeri

200 4821 291 4903 serti,
325 4825 352 4885 et
381 4821 484 4898 toties,
518 4821 582 4885 imo
610 4821 760 4902 quotidie,
795 4824 822 4882 et
851 4819 976 4901 quidem
1004 4822 1179 4888 innumeris
1231 4820 1336 4905 debet,
1358 4823 1415 4888 ubi
1438 4822 1556 4885 mulier
1577 4822 1623 4884 ita
1644 4821 1771 4902 rapitur
1788 4821 1829 4885 ad
1847 4821 2003 4902 cuiusque
2025 4828 2201 4900 aspectum.

201 4907 304 4970 modis
324 4911 352 4969 te
375 4907 573 4984 lacessamus,
597 4907 761 4971 nasonem
782 4904 1020 4970 obdurescamus
1041 4909 1085 4972 ad
1106 4913 1178 4973 tuas
1230 4910 1277 4974 Et
1293 4914 1405 4973 tamen
1427 4906 1490 4970 hoc
1508 4906 1668 4989 flagitium
1690 4906 1865 4991 exprobrat
1888 4905 2046 4988 propheta
2063 4902 2203 4985 Iudaeis,

200 4996 328 5056 sanctas
356 4992 589 5069 admonitiones,
620 4994 674 5057 sed
699 4989 854 5071 lleaimles
880 4989 992 5068 simus,
1024 5010 1060 5057 ac
1081 4996 1177 5058 mori·
1230 5015 1332 5078 quum
1355 4993 1433 5059 dicit
1455 4993 1623 5056 cursdasse
1644 4993 1687 5057 ad
1708 4991 1969 5057 mutandascias
1991 5009 2078 5069 snas,
2101 4991 2203 5054 itaut

200 5077 282 5157 peri,
312 5080 340 5139 et
361 5077 396 5139 r'n
417 5081 550 5158 tempore
574 5078 814 5159 resipiscamus,
844 5094 883 5139 ne
904 5080 991 5157 capnt
1018 5081 1046 5142 te
1071 5084 1179 5144 nostra
1230 5099 1394 5161 nusquam
1416 5078 1600 5143 eonstiterit
1621 5077 1765 5159 ipsorum
1789 5097 1889 5152 amor,
1913 5075 1969 5139 sed
1985 5074 2204 5156 appetiverint

196 5161 359 5239 protentio
388 5165 415 5225 et
443 5162 577 5226 durities
610 5182 739 5226 manum
770 5168 858 5227 tuam
886 5164 1041 5241 patentem
1068 5169 1178 5229 contra
1230 5166 1341 5231 obvios
1364 5182 1515 5247 quosque,
1537 5163 1603 5227 imo
1625 5164 1723 5227 ctiam
1745 5163 1808 5226 huc
1831 5166 1864 5225 et
1882 5160 1959 5226 illuc
1981 5159 2114 5242 profecti
2139 5159 2204 5225 sint

201 5263 440 5312 recenserem:
465 5247 519 5310 seat
537 5247 646 5329 potius
667 5247 759 5311 sicuti
779 5245 909 5312 annhac
930 5249 1048 5328 auperti
1068 5267 1179 5316 snmus
1231 5251 1272 5316 ad
1295 5271 1349 5315 eos
1372 5246 1560 5332 captandos.
1592 5249 1683 5314 Haec
1706 5254 1826 5313 tractat
1848 5247 1997 5311 Ezechiel
2023 5255 2055 5308 et
2073 5246 2204 5327 saepius
