4784 5970
1049 367 1201 434 OAPUP
1223 368 1335 433 LXII.

508 676 696 758 CAPUT
727 677 857 760 LXll.

284 864 310 926 1.
336 860 470 944 Propter
493 861 571 928 Sicu
587 884 649 928 mou
670 863 784 929 tacebo:
806 869 834 928 et
848 871 980 945 propter
997 863 1171 929 qusalem

195 968 256 1013 nou
283 950 456 1030 quiescam,
487 950 580 1014 olouec
606 950 782 1033 eqrediotur
808 955 843 1013 ut
871 951 1018 1031 splendor
1047 949 1171 1014 iustitio

196 1035 274 1114 eius,
303 1039 329 1098 et
358 1035 446 1100 salus
468 1037 536 1100 cites
556 1036 637 1100 suut
659 1035 782 1118 lampas
803 1035 922 1100 ardeat.
967 1037 997 1101 2.
1022 1036 1067 1099 Et
1087 1035 1171 1100 uido-

195 1119 270 1184 buut
288 1125 393 1203 peotes
414 1122 569 1186 iustitiam
590 1127 685 1199 tuam,
707 1126 734 1184 et
754 1141 857 1186 omues
879 1141 967 1204 repes
988 1126 1088 1186 terrae
1108 1121 1169 1204 plo-

195 1205 279 1270 riom
300 1215 397 1289 tuom,
428 1207 634 1272 etoocabitur
662 1205 718 1271 tibi
745 1227 856 1271 nomeu
883 1228 1003 1286 uocum
1035 1208 1170 1288 quados

196 1289 329 1357 Ieltooae
360 1294 559 1374 nuncupabit.
615 1293 645 1358 3.
673 1292 718 1357 El
748 1295 812 1358 eris
844 1313 957 1358 corona
986 1294 1106 1377 plorlae
1135 1294 1170 1356 iu

194 1397 293 1442 mauu
316 1378 464 1444 Iebooae:
494 1385 521 1443 et
549 1379 697 1445 diadema
727 1381 815 1462 requi
845 1381 879 1442 iu
901 1400 997 1443 otauu
1019 1378 1084 1442 Dei
1113 1381 1169 1442 lui.

195 1463 226 1528 4.
252 1463 324 1527 Nou
346 1465 462 1529 dicetur
482 1465 538 1529 tilii
560 1464 698 1545 amplius
721 1465 874 1545 derelicta,
901 1484 955 1529 uec
976 1470 1078 1530 terrae
1100 1470 1170 1528 luae

195 1549 315 1616 dicetur
329 1550 467 1632 amplius
480 1550 633 1616 desolata:
656 1551 733 1630 quio
747 1550 896 1615 uocabuut
910 1556 938 1614 te
952 1549 1170 1632 beneplacitum

196 1655 298 1699 meum
321 1636 355 1699 iu
376 1656 422 1714 ea,
445 1641 471 1699 et
492 1640 607 1700 terram
629 1640 716 1700 tuam
743 1638 934 1701 maritatam.
983 1637 1065 1717 Quia
1088 1635 1171 1699 beoc-

192 1720 344 1801 placitum
377 1719 509 1786 Ioboaae
541 1722 576 1784 iu
608 1727 650 1798 te,
692 1726 720 1784 et
756 1727 841 1785 terro
873 1726 928 1785 lua
960 1721 1170 1786 maritoltitur.

197 1804 226 1869 5.
260 1805 413 1886 Quouiam
441 1808 521 1873 sicut
551 1807 724 1872 adolescens
757 1809 887 1872 maritat
917 1808 979 1872 eibi
1006 1808 1170 1889 cirpiuem,

196 1891 242 1955 ita
264 1891 455 1955 maritabuut
476 1897 503 1957 te
524 1891 585 1958 sibi
604 1892 666 1972 ulit
687 1893 752 1956 tui:
774 1899 802 1956 et
817 1893 934 1976 paullo
951 1894 1058 1973 spousi
1076 1913 1171 1973 super

196 1977 636 2128 lllllllllll‘lblll
653 1977 1048 2145 &illinitum
1063 1998 1171 2127 tlt

196 2152 279 2212 nocte
300 2148 414 2230 iupiter
435 2169 497 2212 nort
517 2148 663 2212 tacebuut.
713 2150 774 2230 Qui
802 2169 952 2213 memores
980 2151 1054 2214 estis
1064 2149 1087 2234 ¹)
1118 2149 1169 2212 Ie·

198 2232 303 2309 bovae,
326 2254 364 2298 rte
384 2234 543 2297 silentium
560 2235 602 2299 sit
619 2234 713 2299 vobis.
748 2236 776 2299 l.
799 2234 844 2299 Et
860 2255 898 2298 ue
915 2236 994 2299 cletis
1013 2235 1170 2299 sdcrdium

197 2319 247 2382 illi
275 2319 365 2384 donec
393 2325 525 2400 reparet,
555 2325 583 2384 et
610 2320 701 2384 donec
724 2326 822 2402 pouat
845 2320 1016 2386 Ierusalem
1045 2322 1170 2386 laudem

196 2405 232 2468 iu
259 2409 352 2468 terra.
398 2405 427 2469 8.
452 2404 579 2470 Iuravit
602 2405 716 2470 Ieltoua
739 2427 800 2487 per
827 2407 986 2471 deuteram
1014 2427 1114 2486 suam,
1143 2411 1171 2468 et

189 2509 253 2570 per
275 2489 434 2554 bruelium
452 2491 570 2557 roboris
592 2492 659 2555 sui:
684 2491 721 2555 Si
739 2492 849 2556 dedero
868 2494 1062 2573 frumentum
1083 2498 1170 2556 tuum

196 2574 335 2654 amplius
357 2576 458 2641 cibum
480 2576 620 2641 inimicis
641 2579 714 2656 tuis,
737 2579 810 2642 etsi
832 2578 961 2641 biberint
979 2578 1042 2657 tilii
1059 2577 1170 2641 alieui-

194 2681 290 2743 9cuae
322 2662 429 2726 viuum
461 2667 549 2725 tuum
573 2682 632 2742 pro
660 2684 720 2742 quo
747 2663 902 2727 laborasti.
948 2663 977 2728 9.
1002 2663 1088 2727 Nam
1116 2663 1171 2742 qui

197 2753 457 2830 comprepaceruut
478 2747 567 2824 illud,
589 2748 747 2831 comedent,
771 2752 796 2812 el
819 2749 992 2814 laudabunt
1014 2748 1169 2824 lebetam,

196 2837 225 2894 ct
247 2831 414 2896 collectores
436 2834 502 2896 uus
525 2831 625 2896 libent
646 2835 752 2897 viuum
773 2835 808 2898 iu
830 2836 923 2898 atriis
945 2835 1022 2898 meis
1042 2834 1168 2897 aarum.

199 2916 248 2980 10.
265 2917 418 2996 Tramite,
430 2919 560 2983 tramite
568 2924 758 3000 perportas:
773 2924 935 3002 repurpate
945 2921 1031 2984 uiam
1037 2919 1171 3002 populo:

196 3003 395 3083 complorate,
416 3003 610 3084 complouate
629 3005 705 3069 iter.-
731 3007 857 3069 sternite
880 3004 1050 3088 lapidibus
1075 3005 1171 3068 lecolo

194 3088 321 3170 sipuum
343 3090 385 3153 aa
400 3090 543 3172 populos.
580 3090 629 3153 11.
653 3089 732 3155 Ecce
752 3089 866 3154 lelooa
881 3090 1055 3172 publicauit
1072 3110 1170 3171 usque

197 3175 240 3238 ad
261 3180 430 3239 extremum
452 3181 570 3241 terrae:
591 3175 683 3240 tlicite
702 3175 789 3256 tiliae
812 3174 903 3240 Sicu:
931 3176 1010 3241 Ecce
1032 3181 1171 3241 seruator

197 3262 380 3337 tumuerit,
409 3281 471 3327 ecce
492 3279 606 3326 merces
625 3261 692 3325 eius
713 3281 782 3327 cum
803 3282 846 3345 eo,
876 3268 904 3326 et
924 3263 1045 3344 effectus
1067 3262 1170 3344 operis

197 3345 266 3408 mus
289 3364 392 3410 coram
413 3348 494 3428 ipso.
541 3346 590 3410 12.
614 3346 659 3410 Et
679 3347 825 3412 vocabunt
840 3367 894 3412 vos
910 3349 1062 3430 populum
1079 3367 1168 3412 cauc-

196 3436 270 3510 tum,
302 3432 474 3513 redemptos
502 3431 641 3497 leboriae.
695 3430 739 3497 Et
767 3439 794 3498 te
820 3433 968 3498 vocabunt
997 3434 1169 3515 quaesitam

196 3516 311 3594 urbem
334 3537 397 3581 uou
416 3517 563 3585 relictam.

503 3741 552 3805 IN
575 3740 727 3806 CAPUT
750 3739 863 3804 LXII.

284 3894 313 3956 1.
342 3891 488 3977 (Propter
512 3894 611 3980 Sicu.)
655 3893 765 3974 Quum
789 3894 885 3957 triste
912 3892 994 3957 illud
1017 3893 1168 3957 exsilium

195 3979 391 4056 immineret,
412 4000 475 4062 qno
491 3981 663 4045 universae
680 3980 910 4062 propemodum
928 3979 1035 4062 gentis
1051 4000 1168 4043 nomen

196 4063 370 4129 delendum
402 4075 481 4144 erat,
519 4066 665 4148 pluribus
698 4067 808 4130 verbis
838 4065 1035 4141 confirmari,
1073 4076 1170 4146 atque

195 4153 334 4216 animari
357 4151 428 4234 pios
449 4172 581 4217 necesse
607 4152 679 4227 fuit,
708 4160 744 4215 ut
765 4153 861 4216 firma
882 4161 915 4214 et
937 4160 1025 4215 certa
1052 4149 1169 4215 fiducia

195 4238 229 4301 iu
253 4237 305 4302 his
327 4237 593 4318 promissionibus
622 4238 683 4302 sub
711 4238 816 4303 crucis
846 4257 946 4301 onere
973 4240 1168 4318 perstarent.

195 4321 260 4387 Hic
282 4324 383 4406 igitur
405 4323 565 4405 propheta
593 4324 733 4407 iungens
762 4344 800 4386 eo
830 4342 964 4387 munero
995 4320 1079 4402 quod
1108 4321 1168 4385 sibi

195 4408 381 4473 iniunctum
416 4422 486 4473 erat
523 4417 635 4491 aperte
676 4408 868 4490 pronuntiat
901 4429 936 4472 se
970 4407 1076 4472 officio
1110 4427 1168 4471 suo

195 4494 330 4556 minime
360 4493 563 4559 defuturum:
597 4514 655 4558 nec
682 4493 833 4576 loquendi
868 4495 965 4557 finem
995 4492 1167 4571 iacturum,

197 4577 298 4644 donec
320 4580 423 4661 erigat
445 4581 572 4661 piorum
595 4581 721 4644 animos
748 4599 805 4660 ape
833 4579 961 4643 futurae
983 4578 1108 4655 salutis,
1132 4587 1169 4641 ut

195 4663 383 4744 intelligant
409 4686 446 4729 uc
475 4686 667 4747 persuasum
697 4666 848 4744 habeant,
876 4664 985 4729 Deum
1015 4664 1168 4729 ecclesiae

195 4770 274 4814 suae
303 4749 509 4814 liberatorem
542 4753 620 4816 fore.
671 4752 807 4817 Poterat
836 4752 924 4816 enim
958 4752 1065 4833 frangi
1099 4751 1168 4832 ipse

195 4856 321 4916 quoque
353 4835 582 4901 incredulitate
616 4836 728 4920 populi
760 4836 861 4916 illius,
894 4847 991 4918 atque
1022 4836 1167 4900 animum

196 4920 411 5003 despondere,
450 4943 548 5002 quum
589 4943 641 4989 res
674 4922 799 4989 videret
831 4923 976 5004 quotidie
1007 4921 1042 4983 iu
1076 4922 1167 5003 peius

195 5007 318 5082 collabi,
343 5016 376 5071 et
398 5008 546 5071 acerbam
569 5007 660 5072 illam
682 5008 841 5073 ultionem
857 5009 965 5072 animo
981 5026 1166 5089 praesume·

195 5102 255 5156 rat.
288 5091 355 5158 Sed
374 5093 533 5158 adversus
550 5103 658 5159 tantas
676 5093 884 5159 difficultates
901 5113 936 5157 se
954 5091 1167 5156 nihilominus

282 5282 305 5349 ¹)
322 5283 380 5348 Vel,
399 5282 557 5336 memoriam
575 5282 727 5336 celebratis.

2131 367 2196 433 382

1223 559 1435 640 perstiturum
1458 557 1492 621 in
1511 558 1616 622 officio
1634 556 1787 635 declarat,
1811 566 1846 618 ut
1867 555 2056 638 intelligant
2074 575 2195 632 omnes,

1222 663 1327 724 neque
1345 643 1599 709 internecionem
1615 643 1735 727 populi,
1758 662 1818 707 neo
1833 639 2048 705 diffidentium
2066 641 2196 706 obstare

1222 744 1316 810 passe
1339 729 1418 805 Deo,
1442 729 1615 810 quominus
1646 728 1805 811 promissa
1827 747 1886 790 sua
1909 729 1941 790 iu
1973 740 2117 809 tempore
2139 748 2196 789 ex·

1222 827 1384 896 sequatur.
1430 814 1521 879 Haec
1544 825 1652 879 autem
1676 813 1805 895 saepius
1827 815 1931 896 repeti
1962 831 2093 877 necesse
2115 813 2193 875 luit:

1222 900 1374 981 quoniam
1403 921 1440 964 ea
1467 909 1517 964 est
1545 900 1669 983 ingenii
1698 899 1801 964 nostri
1833 898 1988 979 pravitas,
2020 910 2057 961 ut
2083 899 2194 963 statim

1222 985 1457 1068 promissorum
1486 985 1550 1050 Dei
1580 985 1817 1049 obliviscamur.
1863 981 1974 1062 Quum
2004 1003 2038 1048 se
2068 983 2193 1046 nullum

1222 1073 1321 1134 finem
1345 1070 1497 1152 loquendi
1520 1071 1682 1136 iacturum
1704 1068 1790 1148 dicit,
1819 1069 1917 1133 simul
1940 1069 2020 1133 alios
2043 1068 2195 1133 admonet

1222 1157 1319 1221 otfioii
1353 1158 1422 1238 sui,
1455 1166 1493 1221 ut
1524 1156 1682 1239 colligant
1715 1156 1858 1235 animos,
1891 1167 2042 1236 certaque
2074 1153 2196 1217 fiducIa

1221 1243 1465 1308 restitutionem
1483 1252 1682 1325 exspectent,
1705 1242 1835 1305 tametsi
1858 1242 1891 1302 in
1915 1239 2048 1322 longum
2068 1250 2195 1320 tempus

1223 1328 1406 1393 differatur:
1433 1329 1499 1392 imo
1521 1342 1558 1392 ut
1580 1328 1743 1391 continuis
1764 1326 1828 1390 Dei
1850 1325 1981 1391 vocibus
2003 1324 2196 1405 respondeat

1222 1414 1435 1497 infatigabilis
1467 1434 1579 1477 eorum
1613 1414 1759 1477 attentio.
1804 1410 1842 1475 Id
1866 1432 1964 1492 quam
1987 1431 2119 1475 necesse
2151 1411 2196 1474 sit

1221 1503 1408 1582 experimur
1430 1501 1465 1563 in
1487 1499 1566 1580 dies,
1589 1519 1689 1581 quum
1712 1497 1817 1562 modis
1838 1497 1987 1562 omnibus
2011 1495 2113 1561 Satan
2136 1518 2194 1560 nos

1222 1605 1241 1649 a
1274 1597 1361 1649 recto
1394 1606 1491 1650 cursu
1524 1599 1672 1650 avertere
1712 1594 1856 1649 conetur.
1912 1583 2020 1647 Simul
2052 1581 2193 1645 ostendit

1222 1671 1317 1754 quale
1336 1672 1463 1753 piorum
1483 1671 1650 1735 doctorum
1668 1669 1814 1734 studIum
1834 1688 1903 1732 esse
1922 1669 2053 1731 debeat:
2077 1688 2194 1748 nempe

1222 1768 1259 1821 ut
1288 1778 1322 1822 se
1346 1768 1429 1821 totos
1457 1757 1649 1839 impendant
1679 1776 1716 1820 ec
1745 1754 1947 1838 profundant
1977 1754 2009 1815 in
2041 1753 2194 1817 ecclesiae

1223 1842 1406 1907 utilitatem.
1450 1843 1535 1906 Nam
1561 1863 1663 1924 quum
1693 1841 1740 1905 ait
1763 1845 1894 1921 propter
1916 1837 2002 1914 Sicu,
2031 1839 2196 1919 significat

1222 1929 1395 2010 praecipue
1413 1928 1596 1994 curandum
1619 1926 1713 1991 nobis
1736 1947 1806 1990 esse
1825 1936 1862 1988 ut
1880 1924 1971 1989 salsa
1989 1924 2033 1988 sit
2050 1923 2194 1998 ecclesis,

1224 2036 1283 2079 nec
1305 2015 1424 2098 probos
1445 2027 1501 2078 aut
1522 2014 1603 2078 fidos
1630 2034 1700 2078 esse
1723 2013 1870 2076 doctores
1901 2011 1963 2074 nisi
1987 2010 2105 2089 quibus
2128 2021 2193 2072 tam

1222 2120 1296 2164 cara
1315 2110 1364 2165 est
1383 2101 1452 2165 eius
1470 2100 1557 2165 salus
1577 2109 1611 2162 ut
1630 2097 1730 2162 nullis
1747 2096 1912 2161 laboribus
1931 2106 2072 2177 parcant.
2109 2094 2195 2158 Non·

1222 2186 1303 2249 nulli
1326 2193 1496 2267 exponunt
1519 2186 1558 2249 de
1585 2184 1751 2267 precibus:
1781 2182 1838 2247 sed
1859 2202 1919 2264 ego
1943 2181 1983 2245 ad
2014 2180 2193 2245 doctrinam

1222 2272 1342 2334 referre
1371 2272 1475 2336 malo:
1508 2285 1540 2335 et
1569 2269 1630 2335 hoc
1660 2270 1775 2334 melius
1808 2269 1972 2350 convenit,
2003 2265 2193 2348 prophetam

1222 2357 1313 2420 nullo
1345 2357 1451 2421 taedio
1485 2357 1647 2438 nullisque
1680 2354 1839 2420 molestiis
1872 2355 2044 2436 fatigatum
2077 2352 2127 2426 iri,
2162 2363 2195 2415 et

1222 2442 1321 2506 nullis
1354 2442 1528 2508 obstaculis
1561 2461 1737 2518 cessurum,
1772 2443 1850 2522 quin
1880 2450 1994 2521 pergat
2025 2440 2059 2502 in
2089 2439 2194 2502 officio

1224 2528 1359 2593 docendi
1382 2530 1465 2610 quod
1482 2527 1573 2592 Deus
1596 2526 1764 2590 mandavit
1787 2524 1827 2588 de
1849 2524 2072 2606 redemptione
2094 2523 2194 2587 eccle·

1223 2614 1298 2678 siae.
1328 2614 1412 2678 Nem
1429 2615 1456 2677 si
1470 2614 1674 2678 tristissimae
1692 2611 1775 2677 cladi
1792 2611 1908 2674 luisset
1922 2620 2097 2690 superstes,
2113 2607 2195 2671 mul·

1224 2700 1264 2763 tis
1287 2700 1372 2763 haud
1397 2699 1492 2765 dubie
1511 2699 1664 2762 conviciis
1683 2716 1757 2760 eum
1774 2697 1972 2777 exagitasset
1995 2691 2194 2758 incredulum

1224 2785 1352 2866 vulgus,
1383 2800 1419 2848 ut
1449 2785 1530 2848 alios
1552 2782 1735 2865 prophetas.
1782 2782 1906 2844 Verum
1931 2778 2087 2861 quidquid
2111 2779 2194 2844 acci·

1224 2869 1319 2949 derit,
1340 2871 1462 2934 invicta
1479 2892 1513 2934 se
1532 2869 1714 2934 constantia
1731 2868 1930 2930 instructum
1949 2865 2035 2941 dicit,
2059 2877 2095 2927 ut
2111 2885 2194 2928 nun·

1223 2976 1320 3037 quam
1337 2955 1459 3038 pudore
1475 2955 1685 3036 obmutescat,
1707 2953 1764 3017 sed
1779 2962 1912 3017 strenue
1928 2950 2061 3014 nitendo
2080 2960 2196 3033 pergat

1222 3041 1257 3105 in
1291 3062 1350 3106 suo
1384 3062 1489 3106 cursu.
1543 3039 1648 3104 Porro
1683 3040 1744 3104 hac
1778 3037 1929 3119 loquendi
1961 3037 2064 3100 forma
2097 3035 2194 3099 fidem

1222 3127 1374 3192 conciliat
1396 3146 1433 3190 ao
1458 3124 1607 3191 vendicat
1628 3125 1696 3189 suis
1720 3123 1890 3202 vaticiniis,
1920 3134 1957 3186 ut
1978 3122 2048 3205 ipso
2069 3142 2196 3203 quoque

1223 3222 1350 3276 mortua
1383 3233 1498 3276 souare
1533 3232 1596 3275 nou
1631 3210 1783 3275 desinent
1815 3211 1849 3274 in
1890 3209 2024 3273 auribus
2057 3209 2194 3288 piorum.

1225 3297 1386 3362 Iustitiam
1416 3298 1533 3380 accipit
1562 3317 1619 3378 pro
1647 3297 1718 3360 iure
1746 3295 1912 3361 ecclesiae:
1943 3294 2020 3376 quia
2050 3302 2195 3373 tempora

1221 3384 1417 3449 calamitatis
1440 3384 1594 3447 damnata
1620 3402 1692 3447 esse
1712 3382 1893 3445 videbatur.
1938 3379 2088 3458 Emergit
2117 3397 2195 3458 ergo
2239 3452 2241 3455 .

1220 3470 1347 3534 iustitie
1360 3470 1462 3552 ipsius
1480 3489 1579 3551 quum
1598 3468 1781 3532 restituitur
1799 3468 1832 3530 in
1851 3467 2013 3548 integrum
2030 3473 2062 3525 et
2084 3462 2194 3542 pristi-

1221 3577 1303 3619 num
1325 3565 1447 3619 statum
1471 3562 1650 3634 recuperat.
1694 3552 1836 3616 Latebat
1863 3552 1948 3614 enim
1972 3558 2116 3629 tempore
2137 3568 2195 3612 ex-

1221 3642 1296 3706 silii.
1342 3640 1480 3705 Salutem
1502 3639 1645 3704 iustitiae
1675 3637 1859 3718 coniungit:
1889 3637 1964 3716 quia
1993 3652 2073 3717 quos
2101 3636 2195 3697 iusti·

1221 3729 1297 3792 licat
1319 3728 1419 3808 Daue,
1442 3726 1494 3790 vel
1517 3724 1635 3806 quibus
1657 3742 1752 3786 suum
1783 3723 1835 3786 ius
1864 3723 1989 3797 asserit,
2018 3720 2116 3785 simul
2146 3720 2195 3784 illi

1222 3813 1361 3877 salutem
1384 3820 1586 3892 recuperant.
1631 3808 1728 3873 Unde
1750 3806 1932 3889 colligimus
1956 3827 2015 3872 nos
2037 3805 2111 3871 idac
2134 3808 2194 3870 mi-

1221 3918 1311 3962 seros
1342 3918 1423 3974 csse,
1454 3898 1575 3978 absque
1601 3894 1732 3972 auxilio,
1761 3892 1953 3975 quantisper
1980 3891 2021 3956 ab
2050 3891 2196 3975 indignis

1220 3985 1360 4065 gratiam
1383 4003 1476 4048 suam
1501 3983 1590 4046 Deus
1612 3978 1779 4044 subducit:
1806 3979 1944 4060 ideoque
1966 3976 2043 4042 alibi
2065 3979 2194 4060 saepius

1221 4069 1351 4133 vocavit
1372 4069 1528 4133 iustitiam
1553 4065 1625 4147 Dei,
1647 4085 1745 4148 quam
1769 4065 1821 4128 hic
1844 4064 1923 4127 dicit
1942 4063 2193 4149 asseecclesise.

1220 4152 1411 4217 Interiimus
1433 4174 1511 4237 ergo
1535 4153 1611 4216 dum
1630 4169 1779 4214 caremus
1802 4149 1927 4213 iustitia
1949 4146 2025 4213 Dei:
2050 4147 2111 4213 hoo
2133 4158 2192 4225 est,

1221 4238 1297 4302 dum
1321 4240 1356 4302 in
1379 4241 1517 4319 peccatis
1540 4238 1660 4303 nostris
1685 4246 1859 4317 torpemus,
1882 4242 1915 4297 et
1932 4233 2026 4298 Deus
2042 4254 2193 4299 severum

1220 4323 1360 4387 iudicem
1394 4323 1589 4389 vindicando
1627 4344 1662 4387 ss
1699 4320 1851 4386 ostendit.
1912 4319 2017 4384 Porro
2057 4319 2193 4383 verbum

1219 4409 1353 4474 eccuudi
1396 4409 1558 4491 significat
1601 4408 1761 4472 iustitiam
1801 4404 1955 4470 ecclesiae
1995 4403 2192 4484 aliquamdiu

1219 4494 1320 4560 luisse
1343 4492 1565 4559 absconditam
1586 4503 1619 4557 et
1636 4495 1729 4574 quasi
1752 4491 1930 4575 sepultam:
1953 4489 2045 4554 nulla
2063 4488 2192 4570 quidem

1220 4601 1291 4646 esse
1313 4580 1500 4644 merebatur
1521 4599 1629 4645 coram
1655 4577 1736 4652 Deo,
1768 4580 1846 4661 quin
1878 4577 1985 4659 potius
2015 4577 2192 4640 immensae

1219 4667 1289 4731 eius
1322 4666 1510 4748 iniquitates
1543 4667 1589 4729 ita
1625 4664 1877 4745 praevaluerant
1908 4671 1947 4725 ut
1979 4659 2060 4723 nihil
2095 4681 2192 4742 quam

1218 4752 1305 4816 iusta
1338 4750 1403 4815 Dei
1436 4750 1517 4815 ultio
1547 4758 1740 4831 superesset.
1791 4749 1916 4813 Verum
1947 4747 1999 4811 hic
2027 4759 2193 4828 respectus

1219 4836 1358 4902 habetur
1391 4835 1431 4900 ad
1464 4834 1622 4914 homines,
1655 4837 1712 4916 qui
1744 4835 1898 4900 afflictam
1932 4831 2100 4897 ecclesiam
2133 4854 2192 4917 pro

1218 4922 1346 5005 perdita
1368 4923 1433 4986 iam
1452 4919 1621 4996 ducebant,
1639 4931 1672 4983 et
1686 4921 1774 4985 laetu
1791 4939 1849 4983 suo
1868 4919 2059 4999 probrisque
2081 4915 2122 4981 ad
2144 4919 2193 4982 in·

1219 5011 1304 5073 feros
1333 5009 1401 5073 lere
1431 5004 1633 5072 deiiciebant.
1685 5003 1838 5087 Denique
1867 5025 1936 5068 eam
1964 5023 2038 5068 cum
2070 5005 2191 5069 mundo

1219 5101 1393 5176 comparat,
1424 5102 1456 5158 et
1482 5091 1597 5156 mundi
1619 5101 1769 5174 respectu
1789 5092 1911 5153 iustam
1933 5089 2001 5153 fore
2022 5086 2112 5166 dicit,
2134 5092 2191 5156 ubi

1218 5180 1367 5263 purgatis
1399 5179 1469 5244 sias
1503 5178 1601 5261 vitiis,
1631 5197 1762 5243 causam
1795 5177 1864 5239 eius
1895 5176 2083 5256 susceperit.
2127 5175 2191 5241 His

1219 5265 1328 5330 verbis
1350 5262 1445 5328 docet
1466 5263 1626 5347 propheta
1654 5284 1781 5345 semper
1810 5260 1851 5325 de
1878 5260 2113 5326 instauratIcne
2141 5283 2191 5327 ec·
