1463 1656
231 175 263 191 405

232 220 296 242 1³2,1).
308 220 391 237 Memento
399 220 469 237 Domine
478 220 539 236 David.
556 220 662 236 Patriamhse
673 225 716 236 mor-

232 244 256 260 tui
270 247 330 259 nomen
347 242 443 262 proponitur
457 242 500 260 Dee.
518 247 550 258 nen
567 241 610 262 quod
627 241 717 262 patrocinio

232 265 308 281 futurum
318 264 371 284 ipsum
386 263 438 279 sancti
454 263 558 282 existiment,
574 263 603 279 ssd
621 262 663 283 quod
681 267 717 283 pro-

232 286 288 302 missio
299 284 327 301 uni
339 284 377 300 data
388 284 408 300 ds
420 289 471 305 regno
482 284 579 301 stabiliendo
587 285 603 300 in
612 284 648 300 sius
656 284 718 300 familie

233 308 249 323 in
260 311 308 323 omne
320 310 388 325 nevum,
403 305 423 321 ad
435 306 490 326 pupuli
501 311 559 326 cerpus
573 306 659 326 pertinent.
682 305 718 321 Has

232 333 279 345 voces
291 327 338 343 avide
349 327 431 348 arripiunt
442 327 522 348 papistae.
538 328 584 347 qussi
596 327 717 343 intercessioni-

232 350 262 366 bus
273 351 366 365 sanctorum
380 348 497 369 suffragentur.
519 348 553 364 Sed
568 353 616 369 quam
632 348 683 364 fusilis
697 348 718 364 sit

232 370 316 391 responsio
333 370 372 386 satis
392 375 412 386 ex
430 375 470 386 vera
489 370 625 390 interpretatione
645 371 717 390 apparet.

231 393 260 408 Fit
271 392 315 408 enim
327 391 387 407 mentio
399 393 473 412 petrum,
487 396 519 407 non
531 391 573 411 quod
588 391 674 411 promeriti
685 391 718 407 sint

232 419 252 430 ex
264 418 281 430 se
293 412 359 433 aliquid.
371 415 399 428 eut
410 417 454 428 nune
465 412 573 431 intercedant,
587 412 615 428 sed
627 412 670 433 quod
680 417 717 432 grs-

232 435 292 451 tuitum
304 434 360 450 foedus
372 439 408 450 eum
419 434 439 450 iis
449 434 509 450 initum
521 434 548 454 sit,
559 433 602 454 qued
612 438 644 450 nen
652 435 717 449 tantum

232 456 253 472 ad
264 456 308 477 ipses
320 455 348 471 sed
359 455 379 471 ud
391 458 464 475 posteros
475 460 532 471 omnes
543 455 619 475 pertinet.

274 483 309 504 (Ad
319 482 381 503 tribue.)
403 482 504 499 Psrtieulam
516 483 541 502 ad,
553 488 595 503 quse
606 482 718 499 subaudienda

231 507 261 525 est,
273 504 345 523 ndiunxi,
357 506 376 520 ut
384 503 448 520 facilius
456 506 538 520 const-ret
545 509 607 520 sensus.
625 504 655 520 Est
663 505 718 520 sutem

231 526 312 543 Hebraeis
323 525 383 541 usitata
394 525 446 541 forme
456 525 532 546 loquendi
544 525 645 541 Convertere
660 525 718 545 tribus,

232 552 261 568 pro
273 547 293 563 nd
305 546 365 563 tribus:
382 551 401 563 ae
415 546 428 563 si
440 546 509 566 diceret,
524 546 560 563 redi
571 552 608 563 eum
620 546 679 567 pupulo
691 548 718 562 tuo

231 569 249 585 in
260 569 334 589 gretiam⁴
353 568 398 584 Hine
409 570 477 588 apparet
489 573 508 584 es
519 573 561 589 ques
572 568 618 588 prius
629 567 672 584 diets
679 569 719 584 sunt

232 595 264 607 non
276 590 308 606 alie
319 592 398 610 spectare,
409 594 459 609 quum
471 592 489 605 ut
501 589 571 610 populus
582 589 670 610 prepositis
682 588 717 605 Deo

233 611 303 628 miseriis
314 613 331 627 st
341 610 461 627 eulemitstibus
473 611 513 630 suis,
528 611 581 631 ipsum
593 610 613 626 ad
626 610 717 626 misericor·

232 633 274 649 diam
287 635 367 653 provocet.
389 632 445 652 Atque
459 632 482 648 ita
497 637 526 648 nos
539 632 560 648 nd
572 631 626 648 Deum
642 631 718 648 noue-iere

232 659 298 670 necesse
309 656 342 670 est:
358 658 416 674 nempe
428 653 516 674 repetendo
527 653 597 674 pristina
608 653 690 673 beneficia,
702 655 718 669 st

232 675 329 696 proferendo
346 676 410 691 nostrus
427 679 522 693 aerumnas,
539 675 553 691 si
570 674 591 691 ab
607 675 627 690 iis
643 675 718 695 cupimus

231 697 302 713 liberari.
325 696 432 713 Haeredimtis
444 698 496 715 vocnt,
507 695 550 716 quod
561 695 606 712 Deus
618 701 655 712 eum
667 700 718 716 popu-

232 718 265 734 lum
277 717 308 734 sibi
320 717 365 733 velut
376 717 393 733 in
409 717 491 737 peculium
506 717 575 738 delegit.
591 722 610 733 uo
621 717 634 733 si
650 717 717 733 diceret:

232 739 263 756 Ubi
275 739 307 755 erit
318 738 388 759 populus
399 740 443 757 tuns,
454 738 468 754 si
480 738 576 759 pereamus?
588 743 621 754 nen
631 738 673 759 qnod
681 738 718 754 alli-

232 763 280 781 gatus
290 763 333 776 esset
344 760 359 776 ei
370 759 430 780 pupule
442 759 531 779 Dominus,
546 759 573 775 ssd
589 759 631 779 qnod
643 759 691 775 fidem
703 759 717 775 ei

232 786 278 798 susm
290 781 366 797 dedisset.
382 781 436 797 Deum
444 780 494 801 igitur
505 780 525 796 ob
536 785 566 797 sna
578 780 657 801 promisse
667 780 718 797 inter-

232 803 294 824 pollue
305 807 324 818 sc
335 802 410 823 precibus
421 807 480 822 urgere
492 801 541 818 nudet
551 801 631 822 populus,
645 802 689 822 qued
700 807 718 818 ss

232 830 262 841 sua
273 826 332 845 sponte
343 826 360 840 et
367 823 442 844 patribus
450 825 466 839 st
473 823 543 844 posteris
552 823 654 844 obligaverit.
670 823 718 840 Nune

232 851 282 866 quum
297 845 412 866 promissiones
426 849 483 861 omnes
497 844 570 861 sancitae
584 847 601 860 et
614 845 718 861 eonfirmetae

232 867 266 883 sint
277 867 293 883 in
305 867 381 887 Christo,
398 871 416 882 ne
428 866 514 882 veritatem
526 871 582 882 rerum
593 866 665 882 omnium
676 865 718 882 obti-

232 893 309 907 neamus,
326 893 355 904 nos
369 887 431 903 meiere
446 887 506 904 fiducia
520 890 582 904 sreetos
597 892 632 903 esse
648 889 717 907 oportet:

233 914 263 926 nec
274 909 318 926 enim
330 908 432 925 solummodo
443 913 537 929 percussum
549 911 574 925 est
585 908 641 924 foedus
655 908 671 924 in
683 909 718 924 eius

233 936 290 950 manu,
308 930 336 946 sed
347 930 382 946 eius
393 930 474 951 sanguine
485 932 539 946 rutum
551 932 568 946 et
582 929 673 946 stabilitum
689 932 718 945 est,

232 953 273 969 Fuit
289 951 354 972 quidem
371 954 388 968 et
404 951 439 972 ipse
455 951 536 967 mediator
547 951 626 972 'patribus
644 951 718 971 entiquis,

232 974 261 990 ssd
272 978 303 990 nus
314 973 383 990 elariorn
394 975 410 989 et
421 973 503 993 apertiora
510 972 590 989 habemus
597 972 657 991 omnia,
668 977 718 992 quum

232 995 256 1011 illi
268 994 389 1011 obscurioribus
400 994 463 1010 umbris
474 994 528 1010 adhuc
539 993 630 1010 haererent.

276 1024 301 1040 18.
316 1024 350 1044 (Aa
360 1024 446 1045 aiyuum.)
468 1023 529 1040 Mirum
541 1026 566 1040 est
577 1023 672 1044 proplietam
684 1023 718 1039 exi-

233 1051 283 1067 guum
296 1048 361 1066 tempus
373 1050 439 1064 vocure,
457 1050 505 1065 quum
517 1044 565 1061 mille·
574 1047 591 1060 et
604 1044 720 1065 quadringenti

233 1067 272 1083 anni
284 1067 376 1085 fluxissent,
387 1071 408 1082 ex
419 1071 451 1086 que
463 1066 531 1086 populus
542 1068 602 1082 terrem
613 1065 658 1081 illam
667 1065 719 1086 pessi-

233 1089 271 1104 dsre
283 1089 363 1108 eoeperat.
382 1087 414 1103 Sed
424 1086 542 1103 consideranda
551 1089 577 1103 est
587 1086 677 1107 promissio,
688 1091 720 1107 qus

233 1112 329 1130 perpetuum
340 1108 374 1125 fore
386 1108 445 1124 semini
456 1108 533 1124 Abrahae
544 1108 662 1124 haereditatem
674 1107 719 1124 dixe-

234 1133 263 1147 rut.
281 1130 335 1147 Breve
346 1130 397 1150 igitur
408 1132 445 1146 eret
455 1129 495 1145 illud
507 1132 577 1150 tempus,
589 1129 602 1145 si
614 1134 651 1146 eum
663 1134 720 1149 perpe-

233 1152 292 1168 tnitste
309 1151 406 1167 conseratur.
433 1150 489 1171 Quare
508 1150 565 1167 fideles
585 1151 664 1167 obiiciunt
685 1150 720 1166 Deo

233 1173 330 1189 brevitatem
345 1172 390 1189 illum
406 1172 492 1193 temperis,
509 1177 542 1188 nnn
557 1172 600 1192 quod
615 1172 667 1188 melae
681 1171 719 1187 fidei

233 1195 287 1215 ipsum
298 1193 400 1213 insimulent,
414 1193 442 1210 sed
454 1196 473 1209 ut
484 1194 526 1214 pacti
537 1195 555 1209 et
565 1193 634 1209 foederis
646 1192 719 1209 recorde-

233 1218 268 1235 tur,
286 1218 335 1236 utque
350 1215 430 1231 rationem
447 1214 501 1235 potins
516 1214 576 1231 habeat
589 1219 628 1231 suse
644 1214 720 1231 bonitatis

233 1242 283 1257 qnam
300 1241 388 1257 poenarum
406 1241 446 1257 ques
463 1236 495 1256 ipsi
511 1236 595 1256 promeriti
612 1238 665 1252 erant.
692 1235 720 1252 Sic

234 1258 301 1274 Psalmo
312 1257 343 1274 120
354 1257 428 1277 queritur
439 1260 486 1273 vetus
498 1257 565 1273 ecelesia
580 1257 658 1273 virtutem
674 1261 720 1273 suam

234 1280 250 1295 in
262 1279 321 1295 itinere
331 1279 413 1298 afflictam,
425 1278 528 1295 abbreviatos
539 1283 574 1294 esse
586 1277 620 1294 diss
631 1282 677 1294 snos:
694 1282 720 1294 rn-

234 1302 296 1322 gatque
307 1305 328 1316 ns
342 1300 434 1321 perimatur
448 1300 465 1316 in
481 1299 534 1315 medio
550 1299 594 1315 vitas
608 1304 666 1315 eursuz
683 1299 721 1319 quie

234 1322 296 1338 scilicet
306 1321 365 1338 astaus
374 1320 458 1341 plenitudo
465 1326 474 1336 ι
483 1320 545 1337 Christi
554 1320 626 1337 adventu
634 1320 720 1341 pendebat.

277 1348 391 1370 (Adversarii.)
415 1348 469 1365 Mults
484 1348 550 1369 gravior
565 1348 597 1364 fuit
612 1348 652 1364 haee
667 1348 721 1368 queri-

235 1371 294 1390 monis,
306 1370 349 1391 qnod
360 1372 410 1389 terra,
426 1374 475 1390 qnam
486 1370 516 1386 sibi
529 1371 653 1386 consecraverat
665 1369 720 1385 Demi-

235 1397 274 1411 nus.
294 1391 409 1412 profanaretur
426 1391 446 1407 ab
463 1391 522 1411 impiis.
550 1391 587 1407 Hoc
607 1393 652 1406 esrte
668 1390 720 1406 inulte

656 172 731 190 CAPUT
743 172 809 189 LXIII.

1198 172 1231 189 406

743 219 817 236 acerbius
828 219 859 236 snit
870 219 929 240 populu
940 224 988 240 quam
1000 222 1073 236 eceterae
1086 219 1195 236 eslsmitstes:
1211 225 1230 236 ae

743 241 806 257 merite.
821 241 856 257 Nec
864 241 908 257 enim
918 242 952 257 tem
962 241 1014 257 nestri
1023 241 1102 257 rationem
1112 240 1172 257 hebere
1182 241 1230 257 debe—

744 267 789 282 mus,
805 267 854 283 quun
869 262 923 278 cultus
938 262 969 278 Dei
985 264 1003 278 et
1020 262 1109 283 religionis.
1134 263 1149 278 Δ
1168 267 1189 279 ue
1204 262 1231 278 bio

743 284 792 300 etium
809 285 835 300 est
850 283 889 300 finis
903 283 1027 304 redemptionis,
1044 284 1063 299 ut
1079 284 1100 300 sit
1116 288 1159 304 popu
1166 289 1186 300 us
1202 284 1230 304 qui

743 305 811 321 Domini
823 310 882 321 nemen
894 304 964 321 celebret
975 309 994 321 se
1006 304 1037 321 rite
1048 304 1096 321 celat.

787 334 813 351 19.
829 334 905 356 (Fuimus
919 340 929 350 a
943 334 1016 355 sacculo.)
1041 335 1108 356 Duplex
1124 340 1160 351 esse
1175 338 1231 355 potest

744 361 802 372 sensns
815 356 907 376 prophetae.
930 355 958 372 sie
968 356 1013 372 enim
1027 355 1072 373 hune
1087 356 1140 373 locum
1156 356 1230 373 nonnulli

744 377 832 398 accipiunt,
848 383 866 394 ac
878 377 891 393 si
902 377 972 398 populns
983 377 1060 393 obiiceret
1072 377 1116 397 Deo,
1131 383 1149 394 ss
1160 378 1230 394 slsetum

744 399 794 415 l'uisse
810 404 829 415 so
844 402 916 419 tempore
932 404 964 419 quo
980 401 1053 415 caeterse
1070 399 1145 415 ustiones
1160 399 1230 416 reiectae

744 422 800 436 erant:
816 422 866 440 atque
877 420 909 436 ism
921 425 931 436 e
942 420 1011 439 sneculo¹
1024 420 1055 437 boe
1066 423 1095 439 est,
1107 426 1117 437 n
1128 420 1179 437 multo
1190 423 1231 437 tem-

744 446 788 462 pore,
800 441 855 457 foedus
867 441 898 457 hoc
905 441 985 458 sancitum
995 447 1035 458 esse.
1053 441 1100 458 Alter
1109 447 1172 462 sensus,
1182 447 1230 463 quem

744 462 798 483 petius
809 467 873 483 sequor,
888 462 925 478 talis
935 465 969 479 est:
986 463 1056 479 obiicere
1067 463 1145 484 populum
1157 463 1197 483 Deo,
1212 468 1231 479 sc

744 484 827 504 conqueri.
839 483 881 504 quod
891 483 934 500 nihil
945 483 965 500 sb
974 484 1063 500 incredulis
1072 484 1138 501 differre
1148 484 1230 501 videntur:

744 505 782 526 quin
793 505 856 521 seilicet
866 505 928 521 nullam
941 510 987 526 spem
1003 508 1032 521 sut
1046 505 1162 522 allevationem
1176 506 1197 522 nb
1211 511 1230 522 ee

744 526 813 547 percipit
829 526 846 542 in
863 526 945 543 adversis:
966 526 1008 547 quod
1029 527 1117 543 absurdum
1137 528 1187 548 atque
1206 527 1230 543 in-

745 548 813 568 dignum
825 550 854 564 est.
871 549 926 568 Atque
937 548 1007 568 insignis
1019 549 1036 564 st
1047 548 1119 564 netands
1130 551 1155 565 ost
1165 551 1231 564 senten-

745 569 772 586 tia.
794 569 841 585 Licet
852 569 897 585 enim
909 569 961 589 nubis,
975 569 1039 590 quoties
1054 569 1098 586 ultre
1113 569 1179 586 mudum
1194 575 1231 590 pre-

744 591 805 606 mimur
819 590 892 607 adversis
909 590 965 610 rebus,
981 591 1058 611 eonqueri
1073 596 1110 607 cum
1122 590 1167 610 Dee,
1184 591 1231 611 eique

744 617 835 633 proponere
847 611 948 628 mentionem
960 614 1038 632 nesti-sm,
1054 615 1073 628 ut
1087 617 1134 632 opem
1150 612 1198 631 feret,
1212 617 1231 628 ac

745 633 846 649 demonstret
857 636 937 654 quantum
948 633 970 649 sit
981 633 1024 649 inter
1035 638 1065 650 nos
1076 636 1092 650 et
1101 636 1166 649 exteros
1175 633 1231 650 disari-

745 660 798 671 m1n1s.

787 682 847 703 (Super
857 682 908 703 quos.)
925 682 987 698 Eodem
998 682 1038 699 haee
1047 682 1137 703 pertinent:
1150 683 1231 704 significat

744 704 788 720 enim
801 704 900 720 vocationem
913 703 944 720 Dei
956 703 1019 720 irritam
1031 709 1066 720 esse
1078 709 1110 720 nen
1122 703 1186 720 debere.
1209 704 1232 720 Et

744 727 788 741 certe
801 725 880 741 Dominus
892 724 936 741 haud
948 725 1008 741 frustra
1020 725 1055 741 vult
1071 730 1080 741 a
1092 725 1138 741 nobis
1153 725 1231 742 invocari.

745 746 805 762 Inunss
816 746 860 762 enim
872 748 920 766 atque
931 746 998 762 inutiles
1009 748 1063 762 essent
1074 751 1138 766 preces,
1153 746 1184 762 nisi
1197 746 1231 762 Do-

744 768 799 783 minus
811 772 867 783 eurum
879 767 931 783 nostri
943 767 1014 783 haberet.
1037 767 1073 784 Hne
1084 770 1140 783 sutem
1155 770 1194 784 nats
1205 768 1231 783 in-

744 789 816 809 signitur
827 788 895 805 secleein
907 788 937 804 Dei
949 788 991 808 quud
1003 793 1062 804 nomen
1074 789 1110 805 eius
1121 794 1170 809 supsr
1179 789 1231 809 ipsam

744 810 836 826 invocetur.
853 809 895 825 Nam
908 810 954 830 impii
966 810 1020 830 ipsum
1027 810 1104 826 invsesrs
1113 815 1144 826 non
1156 813 1231 831 possunt:

746 837 775 848 nee
786 831 830 847 enim
842 833 887 852 patet
898 830 919 847 ad
930 831 983 851 ipsum
995 831 1056 849 aditus.
1071 831 1103 847 nisi
1118 837 1147 852 per
1159 832 1231 851 verbum,

745 853 790 869 euius
803 852 819 868 hi
832 852 915 869 notionem
925 857 957 868 non
967 852 1033 868 habent.
1050 852 1082 869 Ubi
1093 853 1144 873 igitur
1153 855 1177 869 est
1187 852 1232 872 fides,

744 874 778 890 illie
789 874 838 890 etiam
850 873 931 890 invocatio
942 876 977 889 est:
989 873 1032 894 quod
1043 874 1056 890 si
1068 873 1115 894 sbsit,
1127 874 1188 890 nullsm
1198 874 1232 890 illio

745 900 789 916 spem
801 898 830 911 aut
840 895 917 911 fidneiam
929 900 964 911 esse
975 897 1037 911 eertum
1048 898 1077 911 est.

787 922 809 944 (Ο
823 923 838 938 si
854 923 946 943 disrumpas
960 922 1024 944 welosl)
1051 923 1134 939 Particuls
1149 919 1176 939 κύ
1191 922 1231 939 mihi

745 944 775 960 hoe
784 944 819 960 lose
829 943 894 960 videtur
903 949 938 960 esse
947 944 1027 964 optentis:
1039 944 1114 964 quumvis
1123 944 1167 960 enim
1177 943 1232 964 plures

745 965 872 986 significationes
884 965 946 984 hubent,
961 965 1003 981 haue
1014 968 1069 981 tamen
1081 965 1231 982 convenientiorem

745 992 780 1003 esse
797 986 835 1002 huie
852 986 887 1002 loco
903 988 990 1002 contextus
1007 987 1041 1006 ipse
1058 986 1109 1002 ducet.
1137 986 1232 1007 Erumpunt

745 1008 789 1024 enim
800 1007 826 1023 hie
838 1007 894 1023 fideles
905 1008 921 1023 in
934 1010 990 1023 vntum
1000 1007 1089 1027 ardentius,
1100 1007 1149 1024 sieuti
1158 1007 1232 1024 assidere
1256 1017 1258 1019 r

745 1029 790 1048 solet,
802 1033 852 1049 quum
864 1028 944 1049 angustiis
955 1028 1017 1044 duriter
1029 1029 1125 1049 urgentibus
1141 1034 1173 1045 non
1186 1034 1232 1050 reps-

745 1050 796 1066 rimus
817 1050 833 1066 in
854 1049 923 1070 simplici
944 1055 1019 1066 sermone
1035 1049 1077 1070 qued
1093 1050 1159 1066 affectui
1176 1053 1232 1066 nostro

746 1070 847 1092 respondent.
871 1071 925 1087 Coelos
936 1070 1038 1091 disrumpere
1049 1071 1109 1087 dicitur
1120 1071 1166 1087 Dens
1182 1076 1231 1092 quum

746 1098 800 1109 rerum
812 1095 829 1108 et
840 1092 945 1108 mernorsbile
957 1092 1021 1113 aliquod
1033 1092 1099 1113 signnm
1122 1092 1179 1109 nebat
1193 1098 1232 1109 sune

746 1114 822 1133 virtutis,
838 1113 886 1134 idque
897 1119 918 1130 ex
931 1114 1017 1134 insperato.
1040 1113 1064 1129 At
1075 1119 1096 1130 ne
1123 1114 1160 1130 uius
1175 1114 1190 1130 lo
1202 1119 1231 1130 uu-

746 1135 795 1151 tionis
812 1135 854 1151 ntia
870 1137 903 1154 est,
920 1140 953 1151 non
970 1135 1018 1151 mode
1035 1140 1066 1156 quo
1093 1135 1176 1155 homines,
1204 1140 1231 1151 um

746 1156 813 1177 gravius
829 1159 934 1177 premuntur,
950 1156 1013 1173 soleant
1032 1156 1050 1172 in
1069 1156 1132 1173 eoelum
1150 1156 1233 1177 suspicere

747 1177 789 1194 unde
800 1177 880 1194 suxilium
891 1180 996 1198 exspectant:
1007 1177 1035 1194 ser]
1047 1177 1086 1198 quis
1097 1180 1174 1198 perrupto
1186 1180 1233 1194 nutu-

747 1204 775 1215 rse
789 1199 846 1215 ordine
863 1199 942 1215 miraculs
958 1199 1003 1215 viam
1019 1199 1101 1215 insolitam
1118 1198 1149 1215 sibi
1166 1199 1232 1215 fuciunt.

746 1220 818 1236 Videtur
829 1223 884 1236 sutem
896 1220 942 1236 Deus
957 1220 1001 1236 coele
1016 1220 1089 1237 inclusus
1103 1225 1153 1241 quum
1168 1220 1232 1236 nullum

747 1242 826 1258 auxilinm
838 1242 891 1261 effert,
903 1247 922 1258 se
931 1241 1015 1262 negligere
1023 1246 1066 1262 qnae
1075 1242 1091 1257 in
1102 1244 1146 1257 terra
1155 1243 1231 1262 aguntur.

747 1263 836 1283 Propterea
853 1262 913 1279 dicitur
932 1263 996 1283 aperire
1015 1263 1068 1279 coeles
1088 1267 1106 1279 sc
1126 1262 1232 1283 disrumpere,

747 1289 798 1304 quum
809 1284 876 1300 exbibet
889 1284 935 1300 nobis
950 1284 1061 1300 testimenium
1077 1283 1142 1304 aliquod
1156 1289 1232 1305 prsessn-

747 1306 780 1321 tiae
791 1310 837 1325 suae,
854 1305 896 1325 qnod
908 1310 945 1321 cum
957 1310 1017 1326 magno
1028 1305 1089 1326 alioqui
1102 1305 1190 1321 intervallo
1204 1305 1232 1321 ab·

747 1331 783 1342 esse
794 1326 911 1343 existimemus.
933 1326 979 1343 Hane
990 1329 1044 1343 sutem
1056 1326 1134 1343 dicuntur
1144 1332 1174 1347 pro
1182 1331 1233 1343 sensu

747 1348 800 1364 esi-nis
812 1349 882 1367 nostrae,
893 1348 935 1364 sicut
946 1350 963 1364 et
973 1347 1076 1364 descendere.
1098 1347 1133 1364 Nec
1143 1348 1187 1364 enim
1199 1353 1233 1364 mo-

748 1369 783 1385 veri
794 1369 828 1385 loco
839 1368 894 1385 Deum
906 1374 972 1385 necesse
983 1371 1017 1385 est:
1033 1368 1062 1385 sed
1077 1369 1101 1385 its
1116 1374 1134 1385 se
1148 1369 1195 1385 nobis
1206 1374 1233 1386 ee-

747 1390 845 1410 oemmedat,
857 1392 875 1406 ut
886 1390 944 1406 melius
955 1390 986 1407 ists
995 1390 1157 1411 comprehendamus.
1172 1390 1234 1407 Montes

1104 1415 1129 1429 23·
