4784 5970
188 360 253 424 447
1059 357 1295 426 1u1sn1au
1789 444 1792 449 ⁴
2117 358 2179 426 ιιι

190 569 263 614 rum
286 545 345 613 hoo
367 548 510 631 profanis
531 545 805 629 contemptoribus
832 568 897 612 non
927 546 1044 613 dicitur
1072 566 1153 631 quos
1204 566 1265 613 neo
1287 546 1411 615 destitit
1432 544 1496 611 alia
1518 545 1616 611 etiam
1639 553 1673 611 st
1694 545 1786 610 vada
1814 546 1867 611 sui
1888 543 2052 612 ιάιιιιιιιι
2081 542 2178 612 docn-

190 633 281 700 nulla
302 633 454 700 ccclesiae
475 654 553 699 cura
579 635 695 719 tangit,
723 633 780 699 sed
802 635 858 718 qui
879 634 933 718 pio
954 633 1062 698 studio
1085 633 1154 699 eius
1204 643 1315 699 menta
1335 630 1472 700 subinde
1495 630 1581 710 dare,
1602 630 1722 714 quibus
1742 652 1778 697 se
1800 629 1904 696 electo
1929 630 2051 714 populo
2083 650 2176 713 prae·

190 741 225 785 se
245 719 329 783 filios
351 740 421 785 ιιιι
444 718 619 785 declarant.
662 718 807 785 Vivendi
829 721 928 785 verbo
950 728 1071 785 certam
1094 739 1152 785 ex·
1203 728 1329 784 sentem
1352 716 1506 798 ostendit,
1532 725 1630 801 atqde
1652 718 1686 781 in
1708 715 1786 800 igne
1807 719 1899 805 venit
1920 715 1962 782 ad
1984 714 2177 783 iudicandos

189 805 380 887 parientiam
404 805 559 888 exprimit
579 826 619 869 ne
642 803 681 870 de
706 814 824 871 eventu
852 805 967 871 fideles
995 804 1153 884 dubitent,
1204 805 1323 871 hostes.
1347 803 1492 870 Tandem
1506 804 1626 868 seimus
1639 822 1717 868 eum
1731 801 2038 868 ultimoventnrum
2054 803 2092 866 in
2102 803 2176 888 igne

189 891 245 956 sed
268 891 456 955 vaticinium
479 892 541 956 hoc
562 891 657 974 plena
679 890 875 956 certitudine
893 890 1035 973 amplexi
1052 889 1153 956 eccle·
1204 900 1241 955 ut
1258 911 1371 956 omnes
1388 889 1504 972 impios
1527 888 1709 955 ulciscatur.
1743 885 1810 955 Sed
1832 887 1990 954 hicloons
2007 886 2051 953 ad
2072 902 2175 954 extro·

190 978 257 1041 siae
280 975 453 1041 orbitatem
476 978 636 1059 patienter
658 975 699 1040 ad
720 987 848 1060 tempus
869 977 985 1043 ferant.
1028 974 1152 1040 Simili·
1203 997 1292 1041 mum
1315 975 1471 1042 iudicium
1491 972 1740 1057 restringendus
1767 994 1834 1039 non
1861 982 1912 1040 ιιι
1939 974 2020 1056 quin
2049 973 2174 1058 τιιίᾳιι

191 1061 304 1126 tudine
326 1062 388 1128 hoc
409 1060 494 1127 idem
515 1061 669 1140 illustrat,
698 1082 771 1127 ossa
793 1083 905 1128 eorum
927 1062 1039 1128 dicens
1060 1081 1152 1129 recu-
1204 1063 1302 1127 etiam
1334 1061 1595 1145 complectamur.
1651 1059 1847 1143 Quanquam
1879 1059 1939 1124 bas
1970 1059 2101 1142 minas,
2136 1071 2173 1125 nt

191 1160 343 1230 peratura
375 1169 495 1212 novum
525 1149 682 1231 vigorem,
712 1148 807 1214 sicuti
836 1146 957 1213 herbae
985 1156 1153 1212 emortuae
1204 1148 1301 1230 paulo
1334 1157 1406 1231 post
1434 1144 1625 1224 videbimus,
1658 1145 1868 1228 peculiariter
1895 1144 2031 1229 stringit
2061 1156 2174 1210 eontra

190 1234 409 1298 reflorescunt.
461 1233 545 1299 Ossa
574 1254 651 1299 vero
680 1235 840 1313 nominat,
875 1254 958 1317 quae
986 1244 1022 1297 ut
1050 1231 1153 1299 tristis
1203 1233 1346 1299 larvatos
1368 1232 1516 1297 Iudaeos.
1561 1229 1805 1315 Metaphoricac
1826 1251 1904 1296 vero
1927 1230 1991 1296 bae
2012 1229 2173 1313 loquutio-

190 1319 324 1402 spiritus
354 1319 525 1394 desiccare,
561 1321 608 1384 ita
636 1319 744 1385 alacer
772 1328 806 1384 ιι
833 1320 938 1384 laetus
967 1317 1092 1402 replere
1120 1327 1153 1382 et
1205 1338 1261 1384 nes
1282 1319 1361 1384 satis
1383 1319 1525 1384 usitatae
1552 1325 1630 1382 sunt
1657 1317 1846 1400 seripturis:
1876 1314 2060 1381 nonenim
2081 1315 2174 1381 aliter

190 1412 340 1488 vegetare
362 1404 452 1469 solet.
496 1404 734 1470 Vehementem
756 1426 834 1489 ergo
857 1415 891 1470 ιι
918 1402 1153 1486 incomparabi·
1204 1404 1404 1469 horrendum
1426 1404 1487 1470 hoc
1509 1402 1665 1468 iudicium
1685 1402 1749 1467 Dei
1771 1403 1879 1467 animo
1896 1400 2174 1485 comprehendero

190 1490 254 1554 lem
293 1489 449 1554 laetitiam
490 1489 655 1573 designat:
695 1510 732 1554 ιο
763 1488 895 1557 videtur
935 1489 1079 1555 alludere
1112 1487 1153 1553 ad
1204 1509 1372 1572 possemus
1393 1509 1490 1571 quam
1513 1490 1541 1554 si
1562 1489 1741 1572 prophetae
1759 1508 1801 1553 ex
1823 1486 1920 1553 rebus
1942 1488 2029 1551 notis
2053 1495 2089 1552 et
2109 1487 2174 1553 nsi·

190 1577 442 1658 tristitiamque
469 1577 515 1658 pii
544 1576 579 1640 in
606 1577 720 1641 exsilio
752 1578 819 1641 fere
848 1576 1085 1643 contabuerant
1116 1586 1154 1638 ut
1205 1576 1283 1639 tatis
1316 1574 1545 1641 similitudines
1586 1573 1761 1638 adferrent
1814 1572 1878 1639 His
1915 1580 2025 1638 autem
2059 1592 2174 1640 sensus

189 1660 272 1725 aridi
295 1663 497 1745 mortuisque
522 1661 708 1726 hominibus
736 1660 858 1728 similes
887 1660 1006 1727 redditi
1035 1670 1153 1726 essent.
1205 1671 1333 1726 nostros
1362 1661 1445 1726 serio
1478 1661 1607 1724 afficere
1639 1660 1772 1724 student
1804 1656 1993 1742 prophetae,
2025 1669 2067 1722 ut
2099 1679 2174 1724 vero

190 1748 257 1812 Eos
277 1767 356 1829 ergo
379 1747 562 1812 consolatur
584 1747 755 1825 Dominus,
785 1760 881 1830 atque
902 1749 1073 1812 florentem
1100 1743 1155 1810 bo·
1206 1746 1269 1812 Dei
1291 1747 1406 1811 timore
1428 1746 1567 1828 perculsi
1589 1764 1655 1809 non
1679 1744 1882 1810 aemulemur
1902 1745 2031 1826 impios,
2056 1744 2174 1826 quibus

189 1833 304 1913 nisque
326 1832 477 1897 omnibus
500 1832 719 1899 abundantem
738 1832 906 1899 ecclesiam
925 1832 1095 1916 promittit,
1116 1850 1154 1896 ac
1205 1841 1272 1896 tam
1312 1831 1478 1897 horribilis
1515 1832 1664 1895 imminet
1697 1830 1849 1897 vindicta.
1903 1828 2001 1895 Unde
2038 1842 2175 1914 apparet

190 1919 218 1982 si
248 1937 323 1981 ossa
352 1938 447 1983 succo
477 1919 621 1984 carentia
653 1940 774 1984 novum
806 1919 950 2003 vigorem
985 1935 1155 2000 recupera·
1205 1938 1302 2000 quam
1319 1917 1455 1983 frivolae
1472 1926 1505 1982 et
1525 1916 1658 1982 inutiles
1674 1917 1743 1982 sint
1754 1914 1992 2000 speculationes
2009 1916 2174 1998 sophista·

189 2013 280 2069 rent:
310 2002 407 2068 aienti
436 2004 546 2082 herba,
575 2024 658 2087 quae
688 2005 807 2089 hyeme
835 2013 984 2070 emortua
1014 2003 1153 2085 videtur,
1206 2024 1288 2082 rum,
1309 2004 1363 2086 qui
1386 2002 1426 2068 de
1447 2001 1605 2084 qualitate
1627 2012 1660 2067 et
1681 2002 1860 2067 subtilitate
1889 2000 1978 2065 illius
1999 2001 2092 2084 ignis
2113 2000 2174 2067 dis·

189 2089 363 2171 quotannis
395 2089 566 2172 germinat.
623 2090 743 2155 Postea
770 2091 900 2167 iterum,
935 2099 972 2154 ut
999 2088 1153 2155 fiduciam
1205 2100 1330 2172 serunt,
1352 2109 1452 2171 quum
1474 2088 1636 2170 scripture
1657 2108 1695 2153 ιο
1717 2086 1839 2164 tendat,
1869 2093 1908 2152 ut
1935 2084 2098 2153 horribile
2125 2087 2173 2152 iu·

188 2174 379 2256 concipiant,
401 2194 572 2258 assurgere
589 2174 631 2241 ad
650 2174 757 2240 Deum
775 2177 874 2255 iubet,
895 2176 951 2258 qui
968 2184 1047 2240 tunc
1066 2184 1154 2257 pate·
1205 2173 1324 2240 dicium
1357 2175 1420 2239 Dei
1457 2174 1548 2239 nobis
1580 2173 1641 2238 sub
1673 2174 1788 2257 figuris
1826 2172 2048 2249 demonstret,
2091 2171 2174 2255 qued

189 2260 286 2325 faciet
306 2280 401 2325 suum
423 2261 589 2326 auxilium.
629 2258 786 2343 Sequitur
807 2271 915 2326 autern
938 2281 1002 2325 non
1026 2278 1154 2341 semper
1205 2260 1323 2342 alioqui
1345 2280 1406 2325 nee
1427 2259 1623 2343 cogitatione
1648 2259 1828 2342 complecti,
1856 2278 1917 2325 neo
1944 2258 2059 2324 animo
2087 2277 2172 2324 cem·

189 2346 353 2429 cognitam
376 2345 475 2411 fuisse
497 2345 562 2411 Dei
584 2367 728 2424 manum,
754 2346 810 2412 sed
834 2344 1035 2429 aliquamdiu
1063 2345 1154 2428 igno·
1204 2346 1407 2429 prehendere
1437 2365 1614 2428 possemus.
1663 2344 1759 2425 Quod
1787 2345 1888 2410 etiam
1923 2343 2044 2408 melius
2072 2343 2173 2426 liquet

188 2436 256 2494 tam
279 2430 421 2507 latuisse,
445 2452 482 2497 ac
503 2433 530 2497 si
554 2432 677 2496 nullam
702 2452 835 2497 suorum
866 2451 977 2496 curam
1007 2430 1152 2496 baberet.
1205 2453 1248 2498 ex
1270 2432 1402 2495 nomine
1424 2430 1534 2515 gladii,
1557 2430 1635 2513 quia
1656 2428 1768 2496 eadem
1791 2439 1841 2495 est
1862 2428 1957 2494 ratic.

189 2517 275 2580 Nam
307 2517 342 2580 in
374 2518 481 2598 specie
514 2517 686 2583 videbatur
724 2518 811 2601 ipsos
850 2517 1018 2591 abiecisse,
1052 2536 1153 2598 quum
1292 2517 1341 2582 16.
1364 2516 1533 2600 (Quonim
1554 2517 1590 2581 iu
1611 2515 1702 2601 ipssa)
1745 2515 1811 2582 Hic
1832 2513 1915 2581 nihil
1942 2514 2053 2580 adfert
2081 2515 2171 2580 novi:

189 2600 308 2666 Daniel
338 2601 457 2685 aliique
486 2602 530 2684 pii
558 2623 624 2667 non
653 2603 762 2668 minus
791 2623 890 2685 quam
911 2601 1089 2667 Zedeobias
1117 2603 1153 2666 in
1204 2600 1262 2668 sed
1284 2602 1511 2668 tantummodo
1533 2603 1705 2667 confirmat
1731 2601 1930 2685 superiorem
1958 2602 2171 2666 sententiam:

188 2687 338 2753 exsilium
362 2686 491 2753 abducti
513 2698 631 2754 essent.
675 2689 765 2772 Ergo
786 2689 842 2754 ubi
863 2687 1010 2754 illuxerit
1031 2688 1152 2753 seroni-
1205 2709 1243 2754 ac
1263 2687 1507 2754 formidolosum
1530 2687 1592 2752 hoc
1613 2687 1767 2754 iudicium
1794 2686 1864 2752 fore
1889 2686 2104 2764 demonstrat,
2132 2707 2173 2752 na

189 2780 248 2850 ιιι,
272 2771 445 2838 discrimen
468 2773 623 2839 bonorum
647 2773 863 2841 etmalorum
889 2773 954 2839 tale
975 2774 1044 2840 fore
1066 2774 1153 2851 dicit,
1205 2775 1278 2856 quis
1308 2794 1377 2838 rem
1405 2774 1487 2839 levis
1516 2774 1674 2838 momenti
1700 2794 1771 2839 esse
1799 2782 1900 2857 putet
1943 2771 2045 2837 Illum
2073 2772 2172 2856 igitur

188 2866 227 2923 ut
248 2858 422 2940 conspicua
442 2861 486 2923 sit
508 2859 588 2925 haec
619 2880 737 2926 manus
765 2880 849 2943 quae
878 2861 969 2944 prius
998 2859 1152 2943 quodam·
1206 2860 1374 2924 horrorem
1396 2859 1573 2942 amplificat
1593 2869 1631 2923 ut
1651 2867 1799 2924 metuant
1829 2857 1930 2941 impii,
1958 2857 2005 2940 pii
2026 2878 2107 2924 vere
2135 2878 2169 2922 se

189 2942 284 3007 modo
307 2943 494 3009 abscondita
519 2954 606 3010 erat:
637 2946 714 3027 quia
744 2967 809 3010 non
840 2944 1057 3011 dissimulabit
1085 2966 1153 3010 am·
1205 2966 1304 3029 puros
1326 2956 1360 3010 ot
1388 2952 1495 3010 castos
1524 2953 1726 3022 conservent,
1755 2953 1852 3027 atque
1880 2944 1920 3009 ab
1947 2963 2064 3008 eornm
2094 2963 2169 3009 con·

190 3029 284 3111 plius,
306 3047 365 3092 nee
386 3031 502 3111 impios
523 3032 666 3114 grassari
684 3032 778 3111 sinet,
799 3031 857 3097 sed
875 3041 986 3114 aperte
1004 3030 1155 3096 ostendet
1205 3031 1360 3096 sortisse
1380 3028 1578 3096 subducant:
1599 3030 1725 3096 interea
1740 3048 1843 3113 aequo
1857 3028 1967 3093 animo
1985 3029 2170 3094 sustineant

190 3123 345 3196 quantam
367 3134 426 3197 pro
448 3117 516 3179 suis
538 3136 649 3179 curem
678 3125 780 3199 gerat.
825 3117 914 3200 Ergo
944 3116 971 3181 si
1001 3115 1043 3182 ad
1072 3126 1154 3181 tem·
1205 3117 1344 3182 iniustos
1365 3125 1398 3181 et
1419 3115 1565 3183 crudeles
1588 3115 1733 3181 hostium
1753 3117 1904 3198 impetus,
1935 3113 2038 3179 donec
2066 3134 2169 3179 uma·

190 3218 251 3282 pus
278 3198 478 3280 praevalent,
511 3212 608 3282 atque
639 3203 774 3284 impune
806 3211 997 3285 grassantur
1028 3202 1155 3267 hostes:
1206 3212 1260 3267 tus
1281 3200 1414 3285 prodeat
1436 3223 1454 3267 e
1475 3200 1563 3267 coelo
1580 3201 1713 3267 vindex.
1749 3201 1884 3268 Oladem
1901 3219 1980 3265 vero
2000 3200 2172 3265 denuntiat

190 3285 218 3349 si
251 3284 374 3367 negligi
403 3304 441 3348 ιο
474 3284 605 3350 destitui
638 3288 726 3351 omni
761 3286 883 3351 auxilio
915 3286 1079 3363 videmur,
1113 3306 1154 3351 ne
1206 3288 1331 3353 cunctis
1361 3287 1560 3366 mortalibus,
1594 3299 1630 3351 ut
1657 3286 1762 3352 multa
1790 3288 1835 3352 sit
1863 3284 2064 3352 cadaverum
2097 3306 2171 3353 con·

191 3370 416 3452 desperemus:
442 3371 519 3453 quia
541 3371 650 3437 veniet
677 3381 890 3454 tempusque
919 3393 954 3437 ιο
981 3372 1155 3455 patefaciet
1206 3373 1321 3457 geries.
1366 3373 1411 3437 Et
1434 3371 1553 3437 diserte
1573 3371 1636 3438 boc
1657 3371 1791 3451 addidit,
1813 3372 1889 3456 quia
1910 3371 2033 3454 passim
2055 3391 2171 3455 regna·

189 3455 361 3539 Dominus,
391 3476 515 3540 nosque
543 3456 583 3522 ab
612 3477 725 3524 eorum
757 3457 886 3523 iniuriis
917 3466 950 3523 et
979 3457 1155 3543 tyrannide
1206 3470 1256 3524 ret
1288 3457 1454 3541 impietas,
1492 3478 1528 3522 ac
1561 3458 1773 3540 periculosam
1806 3460 2022 3523 tentationem
2055 3458 2101 3540 pii
2132 3457 2172 3521 ob

190 3541 377 3608 vindicabit.
1206 3544 1393 3609 felicitatem
1424 3545 1598 3626 impiorum
1630 3544 1838 3609 sustinerent.
1887 3541 1974 3608 Nam
2008 3561 2093 3625 quae
2122 3543 2171 3606 in·

277 3628 326 3692 15.
363 3626 557 3714 (penam.)
600 3629 693 3694 Haec
721 3628 937 3714 hypotyposis
966 3649 1004 3693 ιο
1031 3637 1156 3713 spectat
1206 3631 1293 3715 genii
1316 3631 1417 3697 nostri
1439 3640 1489 3695 ιιι
1510 3629 1636 3709 levitas,
1666 3650 1766 3712 prava
1794 3627 2029 3695 consuetudine
2059 3626 2173 3693 abduci

191 3725 238 3792 ut,
259 3733 360 3794 quum
383 3715 430 3796 pii
451 3715 624 3779 sceleratos
651 3714 800 3780 homines
821 3716 856 3778 in
880 3735 993 3780 eornm
1014 3716 1156 3780 miseriis
1209 3737 1267 3781 nos
1290 3715 1437 3796 sinimus,
1466 3725 1499 3779 et
1521 3713 1694 3780 multitudo
1724 3735 1783 3781 nos
1811 3713 1994 3794 conturbat,
2020 3732 2061 3780 ao
2081 3715 2110 3778 si
2132 3713 2172 3779 ad

191 3799 354 3862 exsultare
376 3799 545 3881 magisque
568 3820 605 3864 ac
627 3801 731 3884 magis
753 3800 945 3866 insolescere
967 3799 1089 3877 vident,
1113 3821 1155 3864 ne
1207 3800 1440 3884 prohibendam
1463 3802 1527 3866 Dei
1549 3820 1683 3865 manum
1704 3801 1877 3867 sufficeret.
1914 3799 2062 3864 Pravnm
2085 3800 2173 3866 huno

191 3893 361 3965 propterea
375 3881 549 3949 deflectant
565 3906 585 3949 a
600 3895 688 3950 reeta
703 3887 765 3965 via,
788 3894 846 3951 aut
859 3886 1005 3949 animum
1021 3883 1155 3968 despon·
1207 3897 1329 3952 metum
1352 3887 1485 3970 corrigit
1512 3886 1686 3969 propheta:
1718 3888 1794 3969 quia
1822 3884 1945 3952 scilicet
1972 3904 2038 3968 qno
2068 3885 2173 3971 magis

191 3967 306 4033 deant:
336 3989 396 4034 nec
425 3971 510 4033 enim
539 3971 741 4035 solummodo
767 3971 869 4036 voluit
894 3969 1068 4053 percellere
1093 3972 1155 4035 im·
1206 3973 1406 4057 grassabitur
1434 3972 1592 4054 impietas,
1625 3981 1659 4036 et
1689 3973 1793 4037 maior
1821 3970 2054 4037 sceleratorum
2082 3972 2172 4055 copia

191 4053 261 4134 pios
282 4053 337 4135 qui
360 4053 460 4119 nullis
481 4067 656 4121 moventur
684 4056 792 4135 minis,
819 4057 992 4139 omniaque
1021 4055 1156 4122 subsan·
1206 4059 1316 4123 futura
1344 4067 1404 4137 est,
1436 4076 1475 4122 eo
1507 4059 1612 4141 magis
1646 4056 1841 4124 accendetur
1871 4058 1922 4122 ira
1953 4055 2103 4136 Domini,
2136 4068 2172 4123 ut

194 4148 282 4217 nant,
304 4137 361 4203 sed
382 4141 453 4222 pios
475 4142 634 4206 consolari
656 4147 693 4205 ut
714 4161 750 4207 se
775 4142 885 4207 beatos
912 4160 983 4208 esso
1011 4142 1155 4207 sentiant
1205 4144 1315 4226 plures
1354 4164 1392 4210 ac
1428 4143 1567 4208 maiores
1604 4151 1730 4228 strages
1773 4143 1860 4208 edat:
1900 4162 1960 4208 nec
1994 4142 2173 4226 impiorum

191 4223 275 4306 quod
299 4224 359 4288 sub
382 4226 484 4290 tutela
505 4226 568 4290 Dei
590 4227 666 4305 sint,
689 4246 749 4291 nec
777 4236 949 4310 propterea
977 4247 1012 4292 ιο
1041 4227 1155 4292 adiun-
1206 4230 1302 4294 turba
1331 4238 1365 4293 et
1396 4228 1591 4310 conspiratio
1621 4228 1778 4312 impediet
1808 4228 1886 4312 quin
1923 4225 2038 4294 eodem
2071 4230 2171 4295 exitio

190 4320 270 4392 gant
301 4309 410 4392 impiis
442 4309 528 4393 qued
560 4332 714 4395 prospere
751 4313 791 4378 iis
823 4313 934 4377 emnia
965 4312 1153 4379 succedunt.
1205 4316 1292 4398 ipsos
1313 4313 1416 4378 tollat.

191 4395 253 4460 His
275 4414 353 4478 ergo
375 4396 578 4476 potissimum
597 4398 747 4476 consulit,
769 4405 807 4461 ut
824 4398 886 4462 Dei
908 4396 1011 4462 tutela
1028 4411 1061 4462 et
1083 4420 1154 4481 gra·
1292 4400 1342 4464 17.
1375 4397 1453 4482 (Qut
1481 4398 1697 4484 candificant.)
1744 4398 1842 4465 Nunc
1876 4399 1987 4465 hostes
2014 4397 2092 4466 illos
2121 4398 2173 4465 de·

190 4482 237 4545 tia
258 4482 402 4546 contenti
423 4483 499 4547 sint.
544 4482 718 4548 Caeterum
740 4505 781 4549 an
811 4493 995 4548 extremum
1025 4504 1154 4566 quoqne
1205 4485 1313 4570 signat
1345 4483 1462 4567 quibus
1493 4484 1603 4549 Deum
1634 4486 1789 4551 infestum
1817 4485 1888 4550 fore
1913 4483 2033 4551 docuit.
2087 4485 2172 4552 Nam

190 4566 346 4631 iudicium
379 4567 632 4648 comprehendat
665 4590 738 4635 cum
768 4567 1002 4651 temporahbus
1032 4570 1153 4651 poenis,
1206 4570 1341 4637 dubium
1363 4589 1433 4635 esse
1460 4578 1593 4652 poterat,
1622 4579 1794 4636 exterosne
1822 4579 1856 4636 et
1877 4570 2041 4653 professos
2063 4572 2174 4639 hostes

191 4651 307 4733 quibus
328 4652 393 4716 iam
416 4653 532 4735 impios
561 4657 709 4736 persequi
739 4655 861 4736 incipit,
891 4653 1012 4737 ambigi
1040 4664 1153 4736 petest.
1205 4666 1350 4735 nemrot,
1380 4676 1424 4719 an
1445 4676 1523 4721 vero
1545 4676 1727 4722 sermonem
1760 4655 1916 4740 dirigeret
1937 4654 1979 4720 ad
2000 4654 2067 4723 Dei
2096 4678 2172 4724 ocn-

191 4738 263 4821 Ego
286 4757 363 4802 vero
386 4756 452 4801 non
475 4738 585 4802 dubito
608 4742 686 4820 quin
708 4738 788 4805 illud
811 4758 938 4821 quoque
960 4740 1056 4803 simul
1079 4760 1154 4805 cum
1207 4749 1393 4823 temptores,
1427 4742 1481 4823 qui
1515 4754 1622 4806 tamen
1651 4742 1761 4806 electis
1793 4752 1828 4806 et
1859 4741 1983 4808 sanctis
2015 4744 2172 4825 permixti

191 4823 230 4888 iis
251 4822 421 4904 complecti
437 4823 527 4904 velit,
549 4844 630 4906 quae
647 4827 773 4890 aeterni
795 4825 905 4890 iudicii
928 4824 1153 4890 tantummode
1205 4835 1318 4891 erant:
1340 4836 1451 4910 aperte
1474 4847 1551 4909 ergo
1568 4826 1666 4891 falsos
1683 4834 1717 4891 et
1735 4826 1910 4910 degeneres
1927 4826 2068 4895 Iudaeos
2085 4849 2171 4895 oom-

191 4906 359 4991 praeludia
381 4917 467 4974 sunt.
1205 4912 1323 4995 pellat:
1347 4933 1406 4977 nec
1427 4912 1508 4976 mihi
1528 4911 1660 4976 dubium
1678 4924 1728 4978 est
1749 4914 1829 4995 quin
1849 4915 1955 4995 priore
1975 4912 2048 4979 loco
2070 4913 2171 4999 hypo·

275 4992 424 5079 (Veniet.)
465 4994 537 5059 Ηοο
559 4994 630 5060 fieri
652 4995 759 5077 coepit
780 5016 879 5078 quum
901 4995 1019 5078 populo
1042 4994 1153 5080 Baby·
1205 4999 1303 5063 critas
1336 4998 1551 5081 perstringat:
1591 4997 1734 5062 secundo
1765 5010 1874 5063 autem
1908 4998 1962 5065 ubi
1995 4998 2084 5077 dicit,
2116 5002 2172 5082 qui

191 5078 298 5144 lenem
328 5080 465 5146 abducto
498 5079 609 5145 hostes
638 5079 829 5146 domesticos
859 5081 948 5146 ultus
976 5092 1026 5145 est
1054 5082 1152 5147 Deus.
1205 5083 1381 5148 comedunt
1402 5102 1533 5148 carnem
1556 5082 1695 5162 suillam,
1717 5084 1889 5151 sceleratos
1912 5083 2078 5169 designet:
2110 5086 2173 5153 hoe

191 5162 244 5227 Ex
267 5184 330 5245 quo
352 5174 459 5231 autem
482 5165 649 5250 impletum
673 5165 736 5231 luit
761 5166 993 5249 redemptionis
1016 5177 1152 5249 tempus,
1205 5179 1263 5252 est,
1285 5189 1340 5234 eos
1363 5170 1418 5251 qui
1441 5167 1549 5250 palam
1572 5178 1604 5232 et
1628 5170 1785 5235 crassiore
1807 5169 1938 5235 lieentia
1954 5169 2049 5253 impii
2067 5187 2170 5237 erant.

191 5258 317 5315 armata
339 5272 438 5317 manu
460 5253 577 5334 impias
606 5259 720 5336 gentes
750 5251 862 5317 durius
891 5271 1065 5336 aggressus
1093 5265 1151 5331 est,
1206 5252 1463 5321 Sanctificabant
1484 5274 1518 5319 ιι
1539 5252 1738 5337 hypocritae,
1767 5254 1830 5321 boc
1851 5265 1911 5335 est,
1931 5255 2031 5323 falsas
2052 5259 2172 5325 sancti
