4784 5970
196 394 261 458 oss
1003 390 1389 460 Pasunscmouns
2158 377 2221 443 656

195 581 248 647 hic
272 580 422 645 habitabo
447 579 547 665 (Psal.
574 579 712 665 132,14),
742 579 903 661 putabant
925 602 959 645 sc
982 601 1045 645 oon
1074 601 1169 663 posse
1222 581 1383 646 Praesenti
1407 582 1493 644 enim
1512 579 1643 645 fuerant
1661 578 1694 642 iu
1712 576 1801 643 hunc
1819 574 1917 639 finem
1936 575 1977 638 ut
1997 571 2120 637 lucem
2144 565 2219 636 aliis

195 667 286 732 illinc
309 667 415 742 evelli,
440 675 472 730 et
495 673 561 729 tam
585 676 709 730 certum
734 664 794 729 sibi
818 686 888 729 esse
910 665 1111 732 domicilium
1135 667 1169 730 io
1222 667 1433 750 praeferrent.
1478 665 1587 746 Quum
1611 684 1688 748 ergo
1710 662 1759 727 illi
1781 678 1907 744 quoque
1934 666 2055 756 essent
2080 662 2218 738 aposta·

195 763 283 817 terra
305 752 463 817 Chanaan
487 751 759 834 imaginabantur,
783 770 878 833 quam
896 765 985 817 certa
1007 760 1056 818 est
1078 751 1170 819 sedes
1222 763 1273 818 tae
1296 753 1347 817 vol
1376 751 1552 835 degeneres
1582 751 1622 817 ab
1649 750 1738 814 omni
1762 747 1823 812 Dei
1853 745 1954 827 cultu,
1984 741 2072 827 qurd
2107 743 2219 824 potuit

195 838 254 902 soli
278 848 311 902 et
334 839 430 902 lunae
452 838 488 901 in
511 839 608 902 coelo.
644 835 753 916 Quum
773 837 874 921 igitur
892 838 994 902 stulta
1016 837 1073 902 illa
1094 858 1169 904 cou-
1221 837 1372 922 cognosci
1405 839 1439 903 in
1472 837 1598 920 reliquo
1627 831 1768 920 populo?
1812 831 1909 897 Nunc
1937 851 2021 913 ergo
2059 827 2218 893 videmus

195 924 330 988 fidentia
352 946 386 988 se
410 923 604 1005 deciperent,
629 922 708 987 dicit
725 921 885 1004 propheta
905 923 973 1006 sore
995 924 1170 1004 circuitum,
1222 925 1274 988 hic
1297 923 1422 989 obstrui
1445 943 1482 988 os
1502 922 1620 1005 impiis,
1644 943 1685 986 ne
1707 917 1916 1004 expostulent
1937 936 2017 981 cum
2046 915 2136 992 Deo,
2162 914 2217 978 vel

194 1020 231 1073 ut
259 1009 350 1073 Deus
378 1009 554 1073 transferat
584 1009 714 1072 illorum
746 1006 858 1072 domos
892 1009 932 1073 ad
966 1018 1081 1092 gentes
1113 1032 1169 1073 ex·
1221 1011 1410 1093 obstrepant
1432 1009 1502 1075 eius
1525 1008 1700 1083 severitati,
1729 1006 1879 1089 quoniam
1900 1009 2136 1100 pervenerant
2161 1021 2217 1065 us·

196 1109 291 1160 teras.
330 1096 448 1160 Postea
470 1094 560 1159 addit
583 1099 610 1158 et
631 1095 667 1158 cte
688 1094 778 1177 apris
796 1099 823 1158 et
839 1093 877 1159 de
893 1095 1054 1160 acoribus.
1088 1095 1171 1160 Erat
1221 1117 1283 1178 que
1305 1095 1346 1160 ad
1367 1115 1531 1160 summum
1550 1093 1719 1160 cumulum
1736 1088 1924 1173 impietatis,
1947 1106 2058 1170 quum
2083 1086 2216 1152 scilicet

195 1181 256 1247 hoc
278 1179 467 1245 incredibile
489 1180 637 1244 Iudaeis:
667 1181 724 1244 sed
751 1181 895 1262 oportuit
927 1190 993 1244 tam
1025 1182 1171 1264 graviter
1221 1180 1403 1247 sacerdotes
1425 1181 1486 1263 ipsi
1509 1189 1543 1245 et
1571 1180 1749 1264 prophetae
1772 1198 1836 1240 non
1859 1175 1968 1239 minus
1990 1181 2116 1238 essent
2139 1193 2214 1237 cor·

194 1266 273 1349 ipsis
296 1265 481 1331 denuntiari
504 1266 565 1328 Dei
586 1265 775 1341 vindictam,
800 1272 836 1328 ut
859 1266 987 1330 tandem
1010 1286 1169 1351 experge·
1221 1268 1311 1351 rupti
1340 1287 1436 1349 quam
1467 1265 1588 1349 vulgus
1623 1263 1803 1330 hominum.
1858 1258 1952 1341 Quod
1983 1258 2073 1324 dicit
2104 1278 2216 1325 manco

193 1355 319 1416 fierent.
365 1353 409 1416 Et
431 1351 503 1415 ideo
526 1351 699 1416 subiicitur
721 1351 814 1429 ratic,
847 1351 935 1433 Quod
955 1351 1045 1418 Deus
1068 1358 1168 1417 exten·
1220 1353 1429 1434 concupiscere
1460 1352 1751 1434 wncupisccrttlcm,
1788 1344 1976 1413 extenditur
2011 1343 2058 1409 ad
2092 1365 2214 1412 omnes

192 1439 242 1503 det
263 1458 392 1503 monum
413 1459 513 1502 scum.
548 1437 716 1520 Propheta
733 1437 821 1501 enim
843 1436 897 1502 hic
918 1438 1037 1502 evertit
1059 1459 1168 1503 eorum
1220 1438 1350 1504 fraudes
1372 1448 1406 1502 et
1428 1452 1556 1522 turpem
1575 1444 1762 1519 quaestum:
1786 1432 1923 1515 denique
1945 1431 2214 1512 comprehendit

193 1525 440 1600 contumaciam,
475 1524 551 1604 quia
583 1523 732 1604 producit
761 1521 868 1587 Deum
897 1522 1043 1589 hostem:
1076 1525 1168 1606 quasi
1220 1544 1334 1589 omnes
1368 1534 1478 1607 partes
1508 1522 1675 1588 avaritiae.
1720 1521 1832 1602 Quum
1863 1518 1941 1583 dicit
1966 1517 2158 1583 sacerdotes
2186 1523 2215 1581 et

193 1610 323 1689 diceret,
347 1630 411 1673 non
435 1629 505 1673 esse
533 1630 592 1675 cur
621 1609 681 1672 sibi
712 1617 829 1691 putent
859 1608 1069 1691 tranquillam
1101 1610 1169 1674 fore
1214 1610 1387 1692 propbetas
1404 1609 1530 1692 operari
1548 1608 1752 1684 mendacium,
1772 1606 1826 1671 vel
1845 1624 1940 1688 agere
1958 1601 2213 1682 fraudulenter,

192 1696 425 1778 possessionem
450 1706 566 1772 terrae,
590 1695 665 1775 quie
687 1693 780 1758 Deus
801 1695 866 1758 iam
889 1694 955 1759 illis
984 1704 1034 1761 est
1062 1695 1168 1759 iufen·
1219 1695 1306 1761 idem
1328 1695 1501 1780 significat,
1525 1695 1582 1760 sed
1605 1695 1678 1761 aliis
1701 1692 1816 1771 verbis,
1846 1709 1963 1773 nempe
1985 1687 2081 1770 quod
2115 1688 2213 1753 nulla

193 1802 260 1845 sus.
315 1779 411 1846 Unde
445 1790 552 1844 autern
588 1781 652 1843 illis
686 1792 793 1844 terrae
826 1779 996 1861 possessio,
1030 1781 1093 1845 nisi
1127 1802 1167 1845 ex
1219 1791 1304 1847 esset
1325 1781 1497 1864 integritas
1520 1780 1617 1844 etiam
1639 1781 1674 1845 in
1697 1780 1775 1861 ipsis
1799 1776 1983 1843 doctoribus
2017 1793 2061 1839 ac
2085 1775 2212 1859 magis·

192 1867 336 1949 gratuito
365 1867 521 1931 beneficio
552 1865 634 1929 Dei?
664 1866 691 1931 si
722 1867 786 1929 iam
816 1865 909 1932 Deus
938 1876 988 1932 est
1017 1866 1082 1931 illis
1110 1865 1187 1930 ad»
1219 1867 1277 1932 tris
1299 1866 1353 1950 qui
1376 1865 1539 1931 debebant
1557 1886 1629 1931 esse
1652 1865 1750 1930 duces
1772 1881 1951 1929 caecorum.
1990 1861 2094 1925 Deus
2118 1862 2211 1925 enim

192 1973 317 2029 versus,
339 1949 415 2035 quid
437 1953 505 2032 spei
528 1951 693 2015 residuum
717 1972 787 2016 esse
809 1951 937 2033 potest?
970 1951 1067 2018 Nunc
1090 1973 1167 2037 ergo
1218 1953 1292 2018 illos
1315 1951 1524 2017 ordinaverat
1546 1959 1582 2016 ut
1602 1951 1805 2034 praeferrent
1833 1948 1949 2026 lucem,
1981 1946 2210 2029 quemadmo-

190 2037 339 2103 videmus
361 2058 490 2102 oausam
514 2037 603 2101 reddi
627 2058 645 2099 a
668 2036 828 2120 propheta
845 2037 880 2101 in
898 2039 964 2103 fine
983 2059 1106 2117 versus,
1129 2046 1168 2102 ut
1217 2038 1295 2103 dum
1319 2037 1396 2114 dixi,
1419 2042 1453 2103 et
1474 2038 1562 2104 mam
1585 2037 1701 2103 salutis
1723 2042 1944 2102 monstrarent
1965 2031 2112 2115 reliquis
2138 2052 2210 2096 om·

192 2124 298 2188 sciant
329 2123 441 2187 Iudaei
473 2143 540 2187 non
572 2144 643 2188 esse
676 2122 864 2188 incredibile
897 2121 984 2207 quod
1015 2123 1099 2189 dixit
1126 2124 1166 2189 de
1219 2125 1324 2191 nibus.
1368 2121 1534 2206 Sequitur,

193 2209 428 2273 transferendis
455 2230 565 2272 corum
597 2208 730 2273 aedibus
759 2217 792 2272 et
821 2211 908 2292 agris
938 2213 972 2274 et
999 2210 1165 2275 uxoribus.
1277 2210 1283 2222 '

194 2294 359 2377 Sequitur,
1305 2296 1355 2359 14.
1385 2294 1430 2359 Et
1450 2297 1607 2359 accurunt
1623 2292 1753 2377 plepem
1772 2290 1860 2373 [ilice
1874 2284 1990 2373 popuii
2012 2291 2084 2354 mei
2106 2308 2209 2371 saper

1217 2381 1338 2447 levitam
1366 2380 1440 2467 (hoc
1463 2388 1526 2456 est,
1559 2400 1658 2462 super
1680 2379 1799 2459 nihilo,
1833 2375 1873 2441 de
1902 2372 2025 2460 nihilo)
2058 2376 2206 2459 dicendo,

281 2466 329 2531 13.
370 2466 453 2546 Quia
486 2487 507 2529 o
538 2486 639 2547 porco
675 2485 778 2530 mrum
812 2485 910 2548 usquc
942 2465 986 2533 oti
1017 2486 1166 2550 mupaum
1220 2467 1293 2532 Pax
1310 2488 1398 2549 pcc:
1419 2471 1446 2531 et
1467 2486 1528 2531 ooo
1543 2485 1625 2547 poc.

194 2572 300 2617 omum
326 2553 425 2617 omnio
458 2551 535 2637 (vel,
565 2549 715 2636 quilibet)
749 2552 936 2633 concupiscit
963 2552 1165 2634 cupiditatem

191 2636 268 2722 (hoc
291 2649 350 2718 est,
379 2639 516 2719 cupidus
539 2648 587 2702 est
609 2636 701 2717 lucri,
730 2636 784 2702 vel
806 2635 955 2703 addictus
984 2637 1164 2723 avaritiae),
1301 2638 1374 2704 Hoc
1397 2638 1536 2703 refertur
1558 2636 1599 2702 ad
1622 2636 1706 2701 solos
1728 2631 1910 2699 sacerdotes
1942 2640 1976 2697 et
2004 2631 2206 2716 prophetae,

190 2729 259 2789 etc
283 2723 433 2805 propitcto
462 2744 560 2805 usque
582 2724 625 2788 od
646 2725 832 2789 sacerdotem
862 2723 991 2805 quilibet
1017 2729 1165 2806 operam
1216 2723 1300 2808 quod
1323 2724 1448 2790 scilicet
1469 2744 1536 2788 non
1558 2729 1688 2786 tantum
1708 2720 1794 2785 malo
1817 2718 1966 2801 exemplo
1982 2720 2205 2801 corruperint

190 2810 387 2875 menducium
410 2809 485 2894 (hoc
508 2822 566 2885 est,
590 2808 816 2873 fraudulenter
838 2808 928 2894 agit).
1216 2810 1380 2894 populum,
1403 2809 1459 2875 scd
1482 2811 1579 2873 etiam
1603 2807 1807 2873 excusserint
1828 2824 1955 2869 omnem
1973 2814 2107 2869 metum
2126 2804 2203 2881 Dei,

1216 2906 1249 2962 et
1271 2897 1338 2960 suis
1360 2894 1550 2980 imposturis
1572 2912 1788 2976 perversaque
1815 2890 1970 2955 iactantia
1993 2889 2203 2956 abstulerint

276 2981 372 3045 Nunc
396 2982 514 3044 iterum
545 2980 705 3062 propheta
732 2979 896 3063 exprimit,
925 3001 990 3045 non
1013 3001 1083 3047 esse
1103 2982 1163 3046 mi·
1216 3001 1346 3048 omnem
1380 2980 1599 3047 reverentiam
1633 2979 1801 3046 doctrinae
1833 2975 2057 3060 propheticae.
2105 2975 2202 3040 Dicit

191 3086 264 3129 rum
288 3067 313 3127 si
334 3066 425 3129 Deus
456 3072 548 3128 tanta
581 3065 756 3129 severitate
786 3066 936 3130 statuerit
963 3087 1060 3150 agere
1088 3087 1162 3132 cum
1217 3068 1319 3153 igitur
1341 3087 1472 3133 sonasse
1492 3067 1531 3132 de
1550 3065 1658 3149 adelo,
1680 3064 1732 3129 vel
1755 3084 1855 3146 super
1882 3060 2034 3145 levitate,
2061 3062 2201 3146 plepem

191 3150 310 3232 populo
332 3150 397 3226 illo,
420 3161 451 3211 et
474 3150 621 3230 infligere
639 3149 789 3213 ultimam
810 3149 951 3214 cladem:
975 3151 1051 3233 quia
1075 3153 1165 3217 nulla
1210 3153 1337 3235 popuii.
1381 3153 1446 3217 Per
1467 3153 1709 3217 concessionem
1731 3148 1809 3214 dicit
1837 3167 1968 3214 ocaccsc
1986 3147 2106 3233 popuii
2128 3148 2199 3213 oul-

192 3256 267 3316 pars
290 3256 369 3299 sena
393 3245 471 3310 erat,
495 3234 551 3296 sed
574 3234 724 3315 impietas
746 3245 962 3316 occupaverat
979 3256 1093 3300 omnes
1115 3260 1164 3301 or·
1215 3259 1300 3303 nero.
1345 3237 1459 3319 Neque
1480 3237 1567 3300 enim
1591 3236 1652 3302 hoc
1674 3244 1725 3301 est
1745 3254 1877 3316 curare,
1904 3231 1959 3297 ubi
1982 3232 2115 3297 malum
2140 3254 2197 3298 au·

192 3320 294 3384 dines.
353 3321 465 3395 Potest
495 3319 626 3400 quidem
655 3319 716 3384 hoc
754 3319 866 3383 referri
896 3319 937 3383 ad
969 3322 1103 3386 iuvenes
1131 3325 1164 3386 et
1215 3332 1328 3408 gatus:
1362 3321 1631 3405 quemadmodum
1654 3322 1759 3386 solent
1780 3318 1932 3404 imperiti,
1963 3319 2044 3384 dum
2069 3327 2197 3383 temere

193 3428 286 3471 senes
309 3427 409 3488 quum
432 3405 519 3483 dicit,
543 3408 575 3468 Α
591 3424 695 3487 porco
717 3424 814 3486 usqae
842 3405 885 3469 cd
912 3425 1078 3489 mopacm:
1106 3405 1164 3472 sed
1215 3407 1371 3472 adhihent
1388 3427 1543 3490 perversa
1560 3407 1713 3485 remedia,
1736 3405 1871 3489 gignere
1885 3404 2195 3482 inflammationem,

191 3492 277 3556 malo
290 3492 329 3556 de
342 3489 539 3575 pauperibus
558 3500 590 3553 et
605 3491 741 3573 ignobili
756 3490 855 3574 vulgo
871 3491 1053 3577 intelligere
1064 3514 1164 3557 mem·
1215 3495 1270 3561 ubi
1293 3493 1455 3560 mediocre
1477 3493 1606 3576 aliquod
1630 3502 1701 3557 erat
1722 3492 1859 3556 malum:
1881 3490 1934 3555 vel
1956 3489 2038 3554 dum
2059 3498 2195 3555 tantum

191 3578 286 3641 brum
310 3595 430 3642 unum:
452 3576 592 3640 alterum
612 3598 688 3640 vero
711 3577 750 3641 de
772 3576 968 3660 proceribus,
992 3579 1046 3660 qui
1068 3579 1166 3661 polle·
1214 3581 1407 3647 incumbunt·
1429 3577 1587 3645 leniendis
1610 3577 1783 3656 doloribus,
1806 3585 1964 3661 generant
1978 3574 2194 3659 putredinem

190 3665 269 3727 bant
299 3664 473 3727 autoritate
500 3672 532 3726 et
562 3660 686 3726 divitiis
714 3664 749 3726 in
771 3662 899 3745 populo.
944 3663 1035 3729 Dicit
1065 3665 1165 3748 igitur
1215 3668 1312 3746 intus,
1334 3687 1416 3748 quae
1439 3686 1477 3731 eo
1500 3667 1604 3748 magis
1626 3674 1674 3729 est
1697 3662 1838 3729 exitialis
1860 3682 1924 3744 qno
1945 3671 1996 3726 est
2019 3661 2195 3728 occultior.

191 3769 256 3813 non
281 3759 410 3812 tantum
433 3749 469 3811 in
491 3758 583 3829 parte
607 3768 672 3810 uua
694 3768 832 3829 regnare
855 3756 1077 3831 contemptum
1102 3752 1164 3815 Dei
1215 3753 1287 3818 Hoc
1310 3773 1374 3816 non
1404 3761 1453 3817 est
1479 3772 1607 3827 sanare,
1642 3750 1698 3814 sed
1728 3748 1873 3833 perdere.
1917 3745 1983 3813 Sed
2015 3745 2194 3829 propheta,

189 3844 222 3897 et
250 3855 345 3897 omne
372 3855 474 3916 genus
502 3832 671 3914 scelerum,
706 3832 762 3897 sed
790 3833 824 3896 in
856 3841 922 3898 toto
953 3855 1097 3917 corpore,
1127 3846 1165 3900 ut
1215 3837 1485 3921 quemadmodum
1509 3836 1587 3915 dixi,
1614 3834 1761 3901 concedit
1782 3833 1862 3916 ipsis
1884 3831 2020 3896 verbum
2044 3835 2194 3899 sanatio·

189 3918 280 3982 nulla
306 3920 350 3982 sit
379 3920 503 3983 sanitas
526 3939 545 3981 a
567 3918 673 3999 capite
702 3939 805 3999 usque
833 3918 873 3981 ad
904 3918 1033 4000 plantas
1061 3921 1164 4003 pedis.
1215 3923 1281 3987 nis:
1306 3923 1346 3986 de
1368 3944 1403 3986 re
1427 3929 1555 3987 tantum
1579 3921 1719 3998 disserit,
1742 3918 1828 4002 quod
1851 3919 1973 3985 scilicet
1996 3919 2066 3982 sint
2081 3920 2194 3983 carni-

189 4004 287 4068 Nunc
309 4025 387 4086 ergo
411 4017 558 4068 tenemus
579 4003 750 4067 consilium
779 4003 957 4085 prophetae
986 4027 1084 4087 quum
1116 4005 1163 4070 di·
1214 4010 1300 4084 fices,
1323 4017 1356 4072 et
1378 4025 1445 4071 non
1468 4006 1599 4072 medici:
1635 4006 1765 4082 Sonant,
1788 4005 1903 4087 inquit,
1920 4004 2055 4087 ptopam
2070 4004 2194 4087 populi

191 4090 244 4168 cit,
267 4088 299 4151 A
317 4111 418 4171 parvo
440 4110 536 4170 usqote
558 4091 601 4154 cd
625 4109 781 4171 mapsam.
823 4088 867 4151 Et
896 4087 957 4153 hoo
979 4092 1076 4154 etiam
1100 4112 1165 4156 me·
1214 4095 1283 4158 mei.
1337 4092 1503 4174 Loquitur
1535 4093 1625 4175 quasi
1656 4114 1697 4157 ex
1726 4111 1836 4156 eorum
1866 4111 1935 4169 ore,
1964 4089 2035 4154 Vos
2064 4090 2194 4156 scilicet

192 4175 258 4241 lius
287 4187 421 4257 apparet
450 4197 491 4239 ex
521 4175 589 4238 fine
621 4193 744 4250 versus,
775 4172 831 4236 uhi
862 4172 938 4237 dicit
966 4196 987 4239 o
1013 4177 1164 4257 propbeta
1215 4179 1293 4242 estis
1315 4177 1391 4241 boni
1420 4176 1550 4254 medici,
1586 4179 1660 4261 quia
1688 4177 1809 4243 vestris
1837 4175 2004 4241 blanditiis
2035 4175 2193 4242 mulcetis

189 4282 288 4343 osque
309 4261 351 4324 od
372 4260 565 4341 sacerdotem,
589 4259 644 4324 ubi
668 4257 847 4340 amplificat
867 4258 951 4340 quod
974 4261 1103 4325 dixerat
1125 4261 1164 4326 de
1215 4262 1370 4345 populum
1393 4283 1519 4326 meum:
1542 4267 1614 4327 erat
1636 4262 1795 4328 utendum
1818 4281 1883 4326 nou
1906 4270 2036 4327 tantum
2056 4262 2193 4327 acribus

191 4348 303 4430 parvis
326 4358 358 4410 et
380 4346 517 4427 magnis.
563 4346 652 4426 Ergo
674 4343 823 4408 videmus
850 4363 907 4425 per
934 4365 1069 4428 magnos
1098 4368 1164 4411 non
1217 4346 1477 4426 medicamentis,
1510 4353 1543 4412 et
1566 4369 1647 4429 quac
1677 4356 1860 4432 pungerent
1890 4356 1986 4430 atque
2017 4346 2193 4412 adferrent

191 4432 329 4514 intelligi
368 4431 517 4494 homines
552 4430 666 4494 aetatis
700 4441 864 4507 maturae,
896 4430 951 4494 vel
984 4441 1164 4512 provectae,
1216 4432 1379 4498 dolorem:
1413 4433 1468 4496 sed
1498 4434 1596 4498 etiam
1626 4435 1779 4499 cauteriis
1808 4443 1841 4499 et
1862 4432 2080 4499 sectionibus.'
2121 4433 2193 4498 Vos

194 4519 250 4583 aed
274 4519 330 4601 qui
353 4525 447 4582 erant
469 4517 501 4578 in
525 4516 634 4596 aliquo
652 4514 755 4598 gradu
774 4512 953 4592 ethonore,
977 4526 1010 4580 et
1027 4538 1164 4598 quorum
1216 4526 1324 4582 autem
1348 4527 1474 4582 tantum
1494 4518 1655 4583 adhibetis
1677 4519 1870 4584 lenimenta:
1902 4519 1982 4584 haec
2004 4527 2056 4583 est
2078 4529 2194 4585 vestra

192 4604 394 4670 existimatio
412 4601 554 4684 vigebat,
579 4601 629 4665 vel
647 4616 781 4683 proptor
796 4599 940 4681 divitias,
963 4599 1014 4663 vel
1032 4608 1166 4684 propter
1216 4606 1297 4668 ratio
1329 4601 1488 4668 medendi.
1535 4604 1667 4670 Sanctis
1698 4605 1759 4671 hoc
1792 4604 1888 4671 modo
1913 4606 2048 4689 picpcm
2073 4606 2196 4689 popuii

192 4690 272 4754 alias
295 4688 396 4753 dotes.
430 4688 483 4751 Ita
504 4686 601 4751 ctiam
625 4709 666 4750 ex
684 4686 829 4768 opposito
847 4704 965 4766 parvos
982 4695 1077 4750 vocat
1100 4709 1164 4751 non
1215 4690 1293 4767 mci,
1327 4688 1380 4751 vol
1403 4688 1603 4774 emplastris,
1636 4690 1687 4755 vel
1711 4692 1783 4758 aliis
1810 4689 2071 4767 medicamentis,
2107 4712 2194 4774 quae

192 4795 319 4860 pueros,
342 4773 398 4839 sed
422 4774 478 4855 qui
501 4781 593 4837 erant
622 4772 808 4853 contempti,
841 4771 895 4853 qui
925 4778 1017 4834 erant
1046 4793 1086 4835 ex
1115 4772 1165 4835 in·
1216 4774 1336 4837 malum
1360 4775 1445 4836 intro
1466 4774 1610 4856 pellunt:
1633 4774 1690 4839 sed
1712 4778 1782 4857 quis
1805 4785 1856 4842 est
1874 4776 2064 4860 profectus?
2101 4779 2194 4843 Gon·

192 4863 271 4925 fimo
293 4861 394 4944 plebe,
418 4871 450 4925 et
473 4858 730 4941 quasiexfaece
753 4859 833 4939 ipsa.
867 4855 963 4934 Nam,
986 4854 1081 4919 sicuti
1100 4857 1163 4920 iam
1217 4859 1310 4922 tiuuo
1344 4869 1416 4938 post
1448 4861 1589 4923 ostendit
1623 4880 1785 4941 quaenam
1819 4862 1917 4926 fuerit
1950 4862 2006 4926 illa
2041 4867 2193 4928 sanatio:

195 4949 274 5030 dixi,
297 4947 474 5029 amplificat
497 4944 581 5028 quod
604 4943 740 5019 dixerat,
773 4941 824 5004 ubi
856 4941 1004 5024 producit
1033 4941 1067 5002 in
1097 4963 1163 5004 me·
1216 4942 1364 5019 Dicendo,
1388 4943 1503 5024 inquit,
1524 4967 1598 5026 pcc,
1617 4966 1691 5025 pcc,
1730 4946 1859 5013 Scimus
1882 4950 1942 5013 hoc
1965 4949 2068 5013 fuisse
2092 4962 2194 5017 vetus

193 5033 282 5098 dium
304 5032 487 5099 sacerdotes
511 5042 544 5094 et
566 5028 751 5113 prophetas.
790 5027 927 5090 Etiamsi
951 5048 1017 5101 rex,
1042 5033 1075 5088 et
1096 5047 1163 5088 om·
1216 5028 1357 5104 malum,
1391 5036 1424 5091 et
1457 5030 1523 5092 fere
1552 5052 1723 5094 commune
1753 5035 1904 5099 omnibus
1937 5035 2097 5100 saeculis:
2133 5060 2194 5104 nec

194 5140 252 5183 nes
276 5120 344 5184 eius
367 5117 543 5183 consiliarii
565 5125 675 5181 essent
698 5114 840 5178 maxime
863 5112 1028 5177 scelerati:
1053 5111 1165 5174 debuit
1216 5113 1346 5175 mirum.
1384 5113 1488 5178 Nemo
1510 5117 1596 5178 enim
1619 5119 1742 5199 estqui
1764 5141 1830 5183 non
1853 5121 1965 5205 cupiat
1988 5121 2052 5184 sibi
2078 5125 2195 5189 afferri

194 5215 304 5270 tamen
327 5206 438 5289 vigere
461 5202 589 5285 aliquod
610 5201 741 5285 pietatis
771 5199 917 5263 studium
940 5199 974 5260 in
998 5195 1168 5285 prophetis·
1217 5195 1361 5261 delitias:
1395 5203 1428 5262 et
1450 5202 1533 5280 quod
1557 5201 1718 5267 cernimus
1741 5206 1884 5286 quotidie
1906 5209 1941 5271 in
1969 5208 2097 5274 morbis
2124 5232 2196 5276 cor·

193 5301 227 5355 et
244 5290 483 5357 sacerdotibus:
503 5289 618 5354 saltem
638 5287 747 5354 debuit
766 5305 897 5348 manere
916 5282 1032 5364 aliquis
1051 5280 1163 5362 pudor.
1217 5282 1395 5364 poralibus,
1427 5284 1511 5348 idem
1535 5286 1630 5349 etiam
1655 5311 1748 5354 usum
1771 5290 1870 5358 habet
1896 5295 1929 5357 in
1960 5294 2198 5376 spiritualibus
