4784 5970
195 372 259 441 309
1055 372 1205 441 CAPUT
1226 371 1336 438 LVII.
2130 377 2194 444 310

195 563 367 631 lectionem
389 563 546 644 relinquo.
582 560 719 644 Semper
739 563 826 626 enim
847 582 964 627 sensus
982 562 1067 626 idem
1087 563 1164 627 erit:
1218 563 1304 626 enim
1327 562 1391 627 Dei
1415 582 1480 627 vox
1500 564 1534 627 iu
1558 564 1713 647 religione
1735 575 1769 628 et
1790 564 1880 631 cultu
1903 566 2006 647 ipsine
2031 566 2193 632 audienda

196 671 300 732 neque
323 648 522 714 dissentiunt
543 647 755 730 interpretes,
783 648 860 730 quin
884 646 1043 729 propheta
1064 646 1164 712 idolo·
1218 654 1277 712 est.
1322 645 1359 712 Si
1383 647 1499 730 politos
1529 648 1652 731 lapides
1678 662 1806 716 vertere
1836 650 1971 732 placeat,
2001 651 2193 735 perstringit

196 735 325 802 latriam
356 734 496 798 damnet
541 732 616 799 Non
644 731 804 798 contendo
830 731 933 816 igitur
955 733 994 796 de
1016 731 1164 798 lectione.
1217 732 1321 798 Isaiae
1342 731 1424 816 legis
1446 744 1677 818 contemptum,
1702 735 1755 801 ubi
1779 744 1927 801 vetuerat
1949 736 2040 804 Deus
2062 737 2191 803 malleis
2243 786 2245 792 .

198 822 391 904 Quanquam
418 817 584 902 probabile
607 829 671 898 est,
703 839 793 883 more
822 817 972 884 hebraico
1003 817 1052 883 bis
1079 817 1165 882 idem
1218 830 1331 900 aptare
1354 819 1478 902 lapides
1501 819 1553 885 vel
1576 821 1717 886 formare
1745 821 1943 887 exstruendo
1966 822 2079 888 altari:
2114 822 2192 905 quia

197 907 300 992 repeti
328 927 386 989 per
414 905 554 987 speeiem
583 914 616 969 et
644 925 762 987 genus,
790 914 823 968 et
850 904 974 969 interea
1003 906 1063 969 snb
1087 925 1166 970 vooe
1218 925 1285 968 non
1309 905 1372 969 nisi
1393 905 1427 968 in
1451 927 1513 970 nno
1535 906 1693 972 sacrificia
1714 906 1825 972 offerri
1848 907 1986 973 volebat.
2026 907 2093 974 Sed
2114 908 2192 991 quia

197 993 281 1060 ambi
308 1013 349 1056 ua
370 991 561 1073 prophetem
584 989 729 1055 alludere
751 989 790 1054 ad
815 989 901 1055 deos.
1218 989 1303 1071 apud
1326 1000 1441 1074 gentes
1464 992 1577 1056 tritum
1597 992 1658 1057 luit
1676 994 1710 1056 in
1729 993 1872 1058 lontibus
1890 1004 1923 1058 et
1941 994 2048 1060 fluviis
2069 993 2191 1076 templa

204 1131 205 1135 ,
282 1013 495 1163 flmmeum
510 1075 649 1161 paone.)
682 1074 748 1140 Hic
765 1074 868 1158 magis
887 1073 1165 1158 premitludaeos,
1219 1075 1376 1152 dedicare,
1400 1097 1465 1140 non
1490 1079 1598 1142 minus
1620 1078 1792 1143 conveniet
1814 1078 1896 1143 alter
1918 1101 2042 1145 sensus.
2083 1078 2190 1161 Repe·

196 1185 315 1247 eosque
345 1182 409 1226 non
441 1182 512 1227 esse
541 1182 654 1225 verum
687 1180 799 1225 semen
822 1160 976 1225 Abrahae
1009 1160 1165 1225 ostendit:
1218 1160 1290 1225 titio
1320 1183 1402 1244 qnae
1432 1182 1507 1226 mox
1536 1165 1684 1244 sequitur
1713 1164 1896 1246 emphatica
1924 1173 1983 1241 est,
2013 1166 2087 1249 ipsi,
2116 1165 2189 1246 ipsi.

196 1272 296 1334 quum
331 1269 365 1313 se
398 1247 545 1330 polluant
576 1247 683 1311 omnis
715 1247 844 1329 generis
875 1243 1166 1328 superstitionibus.
1219 1247 1334 1312 Potest
1351 1258 1458 1311 autem
1478 1248 1622 1330 suppleri
1642 1248 1774 1313 verbnm
1792 1251 1826 1313 in
1847 1248 1938 1314 modo
1957 1251 2192 1332 permissionis,

196 1336 284 1418 Quia
303 1355 380 1399 vero
398 1333 509 1398 Iudaei
533 1332 594 1398 sibi
615 1333 785 1414 placebant
803 1331 838 1395 in
857 1331 976 1396 talibus
995 1332 1166 1414 figmentis,
1219 1343 1258 1397 nt
1275 1334 1443 1414 permittat
1458 1333 1587 1398 Iudaeis
1603 1333 1763 1400 Dominus
1781 1333 1916 1400 haerere
1932 1337 1999 1400 suis
2015 1335 2191 1421 figmentis,

195 1422 269 1486 ideo
304 1418 540 1501 turpitudinem
574 1419 720 1500 ipsorum
755 1416 896 1501 detegit:
934 1417 1002 1482 Vos
1036 1416 1165 1499 quidem
1219 1417 1479 1501 quandoquidem
1512 1419 1583 1502 ipso
1620 1421 1731 1486 relicto
1768 1421 1853 1485 idola
1887 1431 1919 1485 et
1952 1423 2191 1488 commentitios

196 1504 373 1571 obtenditis
395 1503 562 1587 religionis
582 1524 711 1582 nomen,
734 1502 790 1568 sed
809 1504 984 1586 pronuntio
1002 1522 1063 1567 vos
1082 1523 1166 1567 scor·
1218 1505 1327 1570 cultus
1350 1504 1552 1569 maluerunt:
1576 1505 1672 1570 sicuti
1694 1506 1875 1572 Ezechielis
1896 1506 1939 1572 20
1960 1505 2004 1592 (v.
2027 1506 2100 1590 39):
2129 1506 2190 1586 Ite,

195 1593 259 1658 tari
293 1614 365 1657 num
400 1590 503 1655 idolis.
560 1588 616 1654 Sic
648 1589 752 1673 igitur
784 1586 965 1670 detegenda
998 1597 1031 1652 et
1064 1589 1166 1671 digito
1219 1591 1398 1655 sacrificate
1420 1589 1525 1654 idolis.
1561 1597 1669 1673 Atque
1691 1591 1771 1657 baeo
1793 1591 1886 1657 lectio
1910 1593 1991 1657 mibi
2014 1614 2067 1657 ma
2091 1593 2118 1658 is
2141 1613 2190 1656 ar·

196 1675 410 1744 monstranda
432 1685 481 1740 est
497 1675 648 1757 impietas
665 1695 762 1756 quam
781 1675 882 1739 variis
902 1674 1064 1739 coloribus
1084 1673 1166 1745 valri
1219 1676 1312 1749 ridet,
1336 1697 1373 1741 ao
1395 1676 1424 1740 si
1447 1674 1585 1741 diceret:
1619 1677 1691 1761 Ego
1715 1678 1870 1761 figmenta
1893 1688 2003 1743 vestra
2025 1614 2117 1744 vobis
2140 1699 2190 1742 re·

196 1773 228 1828 et
250 1762 402 1828 malitiosi
426 1761 572 1826 homines
595 1761 746 1844 obtegere
764 1770 934 1825 conantur.
966 1760 1080 1842 Itaque
1097 1761 1166 1824 lun·
1220 1762 1340 1843 linquo,
1371 1783 1409 1826 ae
1431 1762 1523 1826 facile
1546 1762 1650 1843 patior
1672 1784 1730 1827 vos
1756 1783 1827 1827 esse
1856 1762 1921 1828 illis
1950 1764 1983 1828 in
2008 1771 2110 1828 totum
2134 1762 2191 1827 ad·

196 1850 282 1933 gitur
305 1859 437 1912 strenue
460 1847 564 1912 officio
587 1867 645 1911 suo
665 1847 836 1928 propbeta,
858 1845 937 1909 dum
955 1866 1010 1909 eos
1028 1846 1107 1910 citat
1126 1846 1166 1910 ad
1220 1846 1330 1920 dictos,
1354 1848 1481 1928 iurique
1500 1869 1570 1911 meo
1590 1850 1751 1926 renuntio,
1775 1851 1850 1931 quia
1869 1848 1951 1914 nihil
1972 1848 2052 1913 mihi
2071 1850 2191 1933 negotii

195 1933 339 2001 tribunal
362 1933 434 2011 Dei,
465 1952 503 1996 ao
524 1953 596 1997 reos
619 1932 754 2013 peragit,
785 1933 912 1995 tametsi
936 1931 1041 1996 modis
1063 1932 1166 1994 omni·
1219 1944 1269 1997 est
1290 1954 1363 1997 eum
1387 1933 1518 2013 perfidis
1539 1933 1706 2015 apostatis.
1751 1934 1819 1998 Nec
1841 1945 1949 1999 temen
1981 1935 2115 1999 dubium
2142 1945 2191 1999 est

196 2021 256 2086 bus
278 2020 487 2103 tergiversari
511 2018 621 2082 velint.
656 2015 811 2081 Ostendit
833 2027 941 2081 eutem
965 2019 1051 2098 ipsos
1073 2038 1167 2099 prae·
1219 2019 1299 2101 quin
1322 2017 1447 2082 alludet
1468 2017 1508 2081 ad
1532 2020 1754 2084 testimonium
1778 2019 1858 2084 illud
1883 2022 1992 2100 Mosis,
2022 2021 2114 2084 cuius
2136 2041 2192 2085 ore

196 2107 394 2172 varicatores
412 2126 492 2181 esse,
515 2125 552 2168 ae
571 2103 756 2168 discessisse
774 2123 793 2166 a
810 2102 882 2186 lege
895 2103 956 2167 Dei
975 2103 1166 2166 detestando
1219 2103 1383 2168 Dominus
1404 2124 1439 2167 se
1461 2105 1496 2167 in
1519 2103 1751 2169 haereditatem
1778 2107 1897 2187 populo
1920 2128 1978 2170 suo
2000 2107 2069 2170 loro
2092 2106 2190 2170 dixit:

195 2192 355 2256 idolorum
374 2190 480 2256 cultu:
504 2200 601 2272 atque
623 2190 761 2271 speciem
785 2188 937 2252 horrendi
961 2187 1078 2267 cultus,
1102 2190 1167 2252 imo
1220 2195 1257 2252 ut
1279 2191 1349 2270 ipso
1371 2189 1440 2252 solo
1463 2191 1608 2254 contenti
1627 2203 1744 2254 essent.
1790 2190 1886 2271 Quod
1909 2194 2007 2256 etiam
2035 2202 2193 2272 sequutus

197 2276 387 2342 exsecrandi
411 2277 551 2358 portenti
571 2287 813 2339 commemorat:
839 2296 954 2356 nempe
975 2275 1166 2337 immolatio·
1219 2273 1330 2339 David
1354 2274 1433 2339 dicit
1454 2272 1589 2358 (Psalm.
1603 2276 1652 2354 16,
1664 2275 1707 2361 5),
1730 2274 1891 2341 Dominus
1912 2298 1989 2359 pers
2012 2297 2092 2355 mea,
2116 2278 2190 2341 hae-

197 2384 271 2428 nem
294 2382 478 2444 puerorum,
504 2382 543 2424 ex
568 2380 633 2442 qna
655 2360 735 2425 satis
757 2372 901 2442 apparet,
931 2381 1027 2441 qnam
1052 2361 1167 2424 efficax
1220 2362 1341 2425 reditas
1366 2380 1446 2425 mea.
1481 2360 1593 2441 Quum
1616 2363 1716 2445 igitur
1737 2360 1850 2426 Iudaei
1874 2363 2064 2428 desedissent
2082 2362 2192 2441 aDeo,

198 2451 242 2515 sit
265 2448 383 2513 erroris
413 2446 559 2530 spiritus,
595 2446 651 2509 ubi
673 2445 772 2511 semel
795 2467 814 2509 a
836 2447 908 2510 Deo
940 2445 1088 2510 homines
1117 2467 1165 2509 re·
1220 2457 1317 2529 atque
1340 2446 1426 2510 idola
1455 2447 1585 2527 sequuti
1620 2456 1738 2524 essent,
1773 2449 1889 2512 merito
1912 2447 2075 2513 Dominus
2105 2449 2193 2530 ipsos

197 2542 375 2600 cesserunt.
420 2532 545 2597 Eorum
569 2533 654 2596 enim
677 2542 804 2595 montes
827 2534 872 2596 sie
896 2545 1032 2611 occupet
1054 2533 1166 2604 Satan,
1220 2553 1259 2595 ea
1281 2531 1341 2595 eibi
1371 2532 1490 2596 habers
1518 2533 1628 2611 iussit,
1661 2546 1758 2614 atque
1792 2534 1991 2617 significavit
2024 2553 2080 2598 eos
2110 2535 2191 2597 nihil

197 2633 235 2684 ut
253 2619 292 2683 ad
315 2618 475 2683 insaniam
499 2639 631 2700 prorsus
653 2625 686 2681 et
705 2616 825 2680 rabiem
849 2616 969 2699 adigat.
1004 2615 1069 2696 Qui
1091 2638 1167 2681 vero
1220 2636 1393 2683 commuue
1416 2639 1526 2682 seeum
1550 2617 1724 2683 babituros.

197 2705 309 2770 liberis
331 2705 406 2768 ¹suis
430 2723 495 2767 non
525 2713 664 2785 pereunt
697 2702 774 2783 qnin
804 2723 859 2766 eos
887 2702 1049 2784 iugulent,
1081 2702 1169 2766 velut
1256 2747 1261 2753 ·
1307 2700 1450 2787 (Fecisti
1481 2701 1638 2787 libamen.)
1695 2704 1807 2785 Pergit
1841 2704 1875 2767 in
1909 2706 2193 2785 superstitionibus

197 2792 275 2856 iusti
299 2789 447 2854 sacrificii
465 2809 572 2864 causa,
595 2789 724 2851 insanos
743 2809 780 2851 ae
797 2788 933 2852 luriosos
952 2808 1022 2851 esse
1039 2808 1169 2852 necesse
1221 2788 1523 2870 commemorandis,
1553 2809 1651 2870 seque
1674 2789 1712 2852 ab
1736 2789 1801 2853 illis
1822 2789 1975 2854 reiectum
1999 2801 2030 2854 ct
2053 2791 2193 2875 abnega-

198 2886 258 2941 est.
289 2875 358 2939 Nec
375 2884 485 2938 tamen
505 2873 612 2956 aliquo
631 2883 803 2955 praetextu
820 2874 975 2937 carebant
994 2873 1169 2937 truculenti
1223 2887 1292 2938 tum
1315 2875 1414 2938 luisse
1448 2874 1634 2938 confirmet:
1668 2876 1742 2956 quia
1772 2875 2000 2940 transtulerint
2033 2874 2073 2939 ad
2096 2877 2194 2942 falsos

198 2963 247 3026 illi
270 2959 447 3044 paricidae:
476 2981 550 3023 nam
575 2959 699 3024 lacinus
721 2980 816 3022 sunm
841 2959 995 3039 tegebant
1019 2961 1170 3024 Abrahae
1224 2962 1299 3024 deos
1322 2960 1480 3040 quidquid
1502 2959 1563 3024 sibi
1586 2962 1642 3024 uni
1666 2962 1831 3042 proprium
1856 2981 1925 3026 esse
1948 2961 2086 3026 volebat.
2131 2963 2194 3027 Po·

198 3046 348 3128 exemplo
368 3046 424 3128 qni
444 3046 611 3126 unigenito
630 3045 695 3108 lilio
713 3065 777 3108 non
799 3046 951 3126 pepercit.
982 3045 1027 3108 Et
1045 3063 1170 3109 veteres
1223 3056 1333 3109 terent
1360 3058 1470 3108 eutem
1494 3045 1534 3108 ad
1557 3045 1686 3128 singula
1716 3045 1892 3128 prophetae
1916 3047 2017 3111 verba
2044 3047 2194 3129 excipere

148 3162 152 3167 ·
199 3133 342 3198 Hebraei
375 3130 574 3214 κακοζηλίαν
606 3130 705 3194 fuisse
739 3141 868 3211 putant:
915 3129 952 3196 Si
981 3130 1039 3194 lilii
1069 3130 1170 3195 simus
1222 3131 1349 3207 Iudaei,
1385 3131 1466 3194 nihil
1490 3129 1578 3195 alind
1601 3132 1662 3197 sibi
1685 3132 1719 3195 in
1742 3132 1850 3196 animo
1880 3133 2083 3215 propositum
2114 3156 2195 3213 esse,

199 3219 361 3294 Abrahae,
381 3217 491 3281 liberis
511 3217 629 3281 nostris
646 3236 777 3297 parcere
794 3238 859 3279 non
876 3215 1039 3281 debemus.
1068 3216 1169 3298 Atqui
1223 3238 1319 3299 quem
1344 3226 1381 3280 ut
1399 3217 1505 3280 Deum
1528 3217 1681 3281 colerent.
1717 3215 1782 3283 Sed
1804 3219 1965 3300 prophete
1987 3239 2090 3282 vanos
2113 3222 2196 3286 eius·

200 3304 367 3370 Abraham
397 3303 461 3367 Dei
491 3302 643 3367 mandato
675 3302 707 3364 id
738 3302 890 3366 faciebat:
923 3302 958 3365 hi
988 3309 1104 3383 sponte
1137 3311 1171 3366 et
1223 3303 1311 3366 modi
1334 3313 1367 3366 et
1389 3303 1518 3385 ineptos
1540 3313 1729 3383 praetextus
1752 3324 1818 3367 non
1841 3316 1995 3368 moratur.
2030 3304 2194 3369 Provoca·

200 3392 327 3454 iniussu
352 3390 423 3453 Dei.
469 3387 776 3453 Extraordinarium
800 3387 861 3451 luit
882 3388 1079 3469 exemplum,
1106 3411 1169 3470 quo
1224 3399 1276 3454 tur
1299 3389 1384 3452 enim
1409 3388 1457 3452 ira
1475 3386 1537 3450 Dei
1560 3389 1790 3453 commentitiis
1813 3387 1967 3454 cultibus:
1992 3400 2024 3453 et
2042 3408 2105 3469 quo
2125 3390 2194 3454 diu·

200 3476 298 3540 fidem
324 3474 476 3539 Abrahae
509 3474 643 3556 probare
677 3495 714 3538 eo
743 3483 893 3537 testatem
928 3473 1035 3538 facore
1065 3474 1171 3540 voluit
1224 3475 1386 3538 turniores
1408 3486 1441 3537 et
1463 3474 1567 3556 magis
1589 3473 1709 3538 assidui
1732 3471 1862 3551 fuerint,
1894 3495 1932 3538 eo
1954 3475 2059 3558 magis
2082 3495 2194 3540 acoen-

199 3560 371 3625 Dominus:
394 3580 455 3624 nec
477 3570 586 3624 tamen
609 3560 792 3623 immolatus
815 3559 981 3624 estIsaac.
1013 3559 1171 3641 Prompta
1224 3560 1323 3624 ditur.
1368 3559 1456 3624 Hinc
1480 3559 1641 3624 discamus
1663 3570 1784 3639 quauta
1809 3559 1967 3623 sobrietas
1990 3559 2130 3624 tenenda
2152 3561 2196 3626 sit

199 3647 288 3710 enim
306 3658 339 3710 et
357 3646 454 3710 alacri
467 3644 620 3710 Abrabae
636 3646 802 3710 voluntate
814 3645 979 3709 Dominus
997 3658 1171 3711 contentus
1223 3647 1258 3710 in
1277 3645 1365 3710 cultu
1381 3644 1456 3723 Dei,
1479 3652 1515 3708 ut
1533 3665 1552 3707 a
1570 3644 1638 3708 eolo
1660 3645 1730 3708 eins
1749 3645 1847 3709 verbo
1870 3645 2079 3727 pendeamus.
2111 3646 2195 3710 Nam

200 3732 270 3795 tuit.
315 3730 362 3795 Hi
384 3732 502 3797 liberos
532 3753 608 3797 suos
637 3730 832 3795 mactabant.
878 3730 1039 3794 Perverse
1071 3731 1171 3814 igitur
1223 3732 1277 3814 qui
1304 3729 1354 3793 vel
1379 3730 1547 3793 minimum
1582 3729 1739 3805 deflectet,
1775 3750 1840 3793 non
1863 3730 1968 3794 solum
1991 3752 2123 3813 operam
2145 3732 2196 3797 lu·

199 3817 338 3881 imitatio
360 3827 393 3881 et
415 3816 599 3881 damnanda
621 3816 692 3891 tuit,
715 3837 815 3897 quum
840 3816 934 3898 longe
957 3837 976 3879 a
997 3825 1090 3897 patre
1112 3837 1171 3881 suo
1223 3838 1319 3881 surus
1341 3826 1400 3893 est,
1424 3815 1478 3880 sed
1502 3816 1584 3878 iram
1603 3814 1667 3879 Dei
1691 3815 1853 3894 accendet,
1876 3816 1970 3882 cuius
1992 3817 2195 3883 maiestatem

200 3902 405 3967 dissiderent.
450 3902 545 3983 Quod
576 3900 750 3984 diligenter
783 3900 963 3965 notandum
997 3912 1059 3965 est:
1095 3902 1171 3983 quie
1224 3903 1321 3984 impie
1345 3900 1454 3982 violet,
1478 3910 1511 3963 et
1533 3909 1692 3981 quantum
1716 3901 1751 3964 in
1773 3922 1808 3966 se
1830 3911 1890 3980 est,
1912 3902 2088 3967 imminuit.

200 4008 320 4070 magna
340 4009 416 4069 pars
436 3988 705 4071 superstitionum
724 3986 764 4050 ab
784 3988 844 4052 hoo
863 3985 1061 4070 κακοζηλίας
1082 3986 1171 4051 fonte
1308 3985 1558 4085 (oblectationes
1596 3986 1745 4071 copiam.)
1809 3987 1925 4052 Potest
1963 3987 2061 4052 etiam
2102 3989 2196 4067 verti,

200 4073 344 4156 profecta
365 4083 424 4139 est.
469 4074 554 4138 Nam
577 4086 699 4136 temere
721 4083 754 4136 et
775 4073 846 4138 sine
872 4073 997 4137 delectu
1026 4073 1170 4155 arripne-
1223 4074 1431 4138 Paenitentia
1453 4071 1569 4137 ducar:
1599 4082 1698 4154 atque
1719 4072 1799 4138 haec
1821 4074 1925 4157 magis
1949 4084 2078 4155 recepte
2101 4074 2197 4139 lectio

157 4161 162 4175 “
201 4168 279 4224 runt
302 4158 449 4224 homines
472 4158 628 4241 quidquid
652 4180 671 4221 a
693 4159 841 4240 patribus
864 4170 970 4224 ectum
993 4168 1073 4224 erat.
1224 4171 1289 4234 est,
1323 4158 1408 4239 quod
1438 4158 1519 4222 velit
1551 4178 1681 4223 causam
1715 4159 1884 4222 ostendere
1918 4177 1974 4223 our
2005 4180 2127 4242 poenas
2157 4160 2197 4225 de

286 4245 316 4310 6.
348 4243 531 4329 (inpolitis
551 4242 735 4330 lapidibus.)
779 4243 990 4326 Prosequitur
1011 4243 1097 4308 idem
1120 4265 1170 4308 ar·
1223 4243 1341 4328 populo
1370 4251 1486 4308 sumat.
1531 4244 1582 4308 Ac
1603 4244 1630 4308 si
1654 4243 1787 4321 diceret,
1818 4245 1872 4308 An
1896 4264 1956 4327 ego
1985 4266 2084 4327 quum
2114 4245 2196 4312 haec

202 4340 402 4414 gumentum,
428 4340 462 4394 et
484 4331 574 4395 varie
596 4328 742 4412 exagitet
764 4331 1010 4411 superstitiones
1033 4351 1114 4412 quae
1136 4332 1171 4395 in
1224 4331 1346 4397 seelera
1367 4329 1506 4395 ulciscar
1527 4330 1728 4410 poenitentia
1751 4328 1823 4394 duci
1845 4329 1980 4413 potero?
2013 4332 2134 4396 Tamen
2158 4351 2197 4395 ea

201 4418 323 4482 Iudaea
345 4415 544 4501 regnabant:
570 4415 680 4480 nnllus
703 4414 789 4479 enim
813 4414 903 4480 locus
926 4417 965 4480 ab
988 4416 1172 4482 idololatria
1224 4416 1318 4483 lectio
1340 4435 1435 4498 quam
1459 4425 1616 4496 sequutus
1634 4435 1717 4496 sum,
1741 4415 1822 4479 mihi
1844 4418 2088 4481 convenientior
2108 4417 2196 4482 vide-

202 4504 329 4587 integer
359 4512 417 4567 eut
441 4501 597 4566 immunis
620 4510 699 4566 erat.
744 4499 819 4563 Non
842 4522 948 4583 rupes,
980 4523 1045 4566 non
1067 4503 1171 4585 fluvii,
1223 4515 1287 4581 tnr,
1311 4503 1362 4565 An
1382 4501 1629 4566 oblectationem
1652 4503 1787 4584 capiam,
1811 4500 1861 4565 vel
1884 4502 2135 4568 consolationem
2154 4524 2196 4568 ex

202 4610 266 4653 non
290 4587 462 4664 convalles,
486 4587 577 4651 nulla
597 4608 674 4669 pars
695 4587 826 4651 omnino
850 4587 909 4650 fuit
926 4587 959 4650 in
978 4608 1041 4668 qua
1059 4610 1171 4653 monu-
1224 4589 1276 4654 his
1298 4587 1465 4652 sacrificiis
1487 4607 1567 4670 quae
1591 4587 1671 4650 mibi
1694 4584 1880 4652 obtulistis?
1903 4589 1978 4670 quie
1998 4588 2120 4653 scilicet
2143 4587 2196 4654 de·

201 4684 347 4739 mentum
371 4674 610 4755 superstitionis
632 4693 712 4737 suae
734 4693 799 4735 non
822 4673 1021 4742 statuissent.
1062 4674 1172 4739 Hebe·
1225 4675 1310 4739 litias
1333 4673 1394 4737 sibi
1416 4673 1522 4737 lacere
1544 4672 1649 4736 solent
1672 4672 1861 4738 idololatrae
1883 4672 1917 4736 in
1940 4675 2007 4738 suis
2029 4694 2195 4738 commen-

201 4760 282 4825 bant
304 4759 391 4824 lucos
413 4781 490 4824 suos
512 4772 543 4822 et
561 4770 697 4837 montes,
717 4757 752 4822 in
771 4758 888 4840 quibus
911 4778 1002 4823 more
1024 4761 1170 4842 gentium
1224 4762 1282 4834 tie,
1313 4760 1505 4841 linguntque
1527 4778 1565 4822 ea
1587 4758 1697 4821 omnia
1718 4779 1857 4840 qnorum
1879 4760 1996 4823 insane
2018 4758 2195 4841 cupiditate

201 4844 437 4912 sacrificabant.
483 4844 562 4908 Sive
585 4843 638 4907 bic
661 4842 777 4925 politos
800 4844 932 4926 lapidos,
963 4845 1032 4909 sive
1063 4857 1172 4927 partes
1224 4846 1340 4910 ardent
1373 4843 1444 4907 Deo
1482 4842 1579 4908 simul
1616 4842 1757 4907 iucunde
1793 4865 1872 4908 esse.
1933 4844 2044 4926 Neque
2081 4866 2195 4926 snper-

201 4931 348 4996 flnminis
370 4929 527 5012 legamus,
549 4928 635 4993 idem
654 4950 768 4994 sensus
786 4931 857 4994 erit.
893 4927 1065 5013 Significat
1083 4933 1170 4996 enim
1224 4952 1367 4997 vacenea
1389 4940 1439 4994 est
1460 4927 1617 4993 eiusmodi
1642 4928 1863 5010 interrogatio,
1894 4930 2023 5011 quando
2046 4929 2194 4997 homines

202 5016 340 5082 Iudaeos
359 5015 420 5082 sibi
439 5019 595 5080 rationem
615 5013 781 5099 delegisse,
805 5036 868 5097 qua
885 5016 991 5079 Deum
1012 5015 1170 5082 colerent:
1224 5017 1362 5083 similem
1386 5016 1436 5079 sui
1459 5013 1568 5077 Deum
1592 5013 1803 5092 arbitrentur,
1833 5026 1866 5079 et
1887 5014 1972 5097 quod
2002 5017 2081 5097 ipsis
2104 5016 2194 5082 oolli-

202 5113 300 5185 atquo
328 5101 497 5185 arogula,
530 5121 627 5182 qoam
658 5101 911 5182 praescripserat
940 5103 973 5165 in
1002 5103 1074 5187 lege
1102 5125 1171 5186 sne,
1223 5102 1327 5167 bitum
1351 5111 1408 5175 est,
1435 5120 1454 5163 a
1477 5097 1547 5163 Deo
1570 5098 1773 5181 probandum
1797 5120 1876 5165 esse.
1921 5100 1995 5182 Ipse
2018 5121 2097 5166 vero
2119 5125 2138 5167 e
2160 5124 2195 5168 se

203 5189 388 5255 recessisse:
411 5207 449 5252 ae
467 5184 603 5269 proinde
625 5185 832 5251 detestabiles
853 5196 950 5268 atque
968 5188 1083 5269 impios
1101 5210 1171 5254 esse
1225 5188 1354 5269 probari
1390 5194 1503 5270 negat,
1543 5198 1602 5249 eut
1635 5186 1808 5267 quidquem
1843 5186 1930 5250 aliud
1963 5186 2024 5251 sibi
2058 5188 2195 5273 placere,

203 5294 316 5340 omnes
344 5273 449 5341 cultus
477 5293 556 5355 quos
585 5271 719 5336 arbitrio
752 5294 810 5337 suo
839 5271 1045 5338 exhibebant.
1093 5272 1171 5339 Sola
1222 5294 1320 5356 qnam
1344 5271 1429 5355 qnod
1453 5271 1553 5337 verbo
1575 5281 1826 5337 consentaneum
1850 5276 1909 5337 est.

1942 5375 1993 5430 202
