4784 5970
1052 359 1200 427 oAPuv
1222 359 1317 426 mx.
2116 358 2179 425 338

1216 558 1333 612 vocent
1362 567 1521 630 quaenam
1551 550 1618 613 sint
1643 547 1699 612 illa
1728 553 1870 629 peccata,
1900 569 1983 630 quae
2010 548 2179 613 dissidium

511 650 560 716 ΙΝ
583 650 732 716 CAPUT
753 650 846 716 LIX·
1214 633 1367 698 iecerunt.
1413 631 1552 698 Omnem
1584 633 1684 716 igitur
1712 635 1751 697 iis
1779 634 2022 698 excusationem
2055 634 2179 712 adimit,

1214 719 1336 802 species
1358 717 1445 800 ipsas
1467 719 1500 782 in
1520 720 1663 783 modium
1687 718 1876 801 producens,
1899 740 1936 785 ac
1954 721 1982 785 si
1999 721 2033 784 in
2052 720 2179 784 theatro

281 806 352 869 let
374 805 403 868 2.
439 804 531 888 (Ecce
558 825 620 869 stoa
648 810 692 870 est
719 802 886 889 mutilata.)
930 802 1022 868 Haec
1051 802 1161 868 concio
1214 804 1397 885 spectabilis
1430 813 1515 869 esset
1547 805 1707 888 flagitiosa
1739 825 1852 869 eornm
1885 806 1962 868 vita.
2017 806 2179 887 Loquitur

196 891 310 957 similis
332 891 399 955 fere
417 900 468 955 est
485 892 657 971 superiori:
683 912 757 954 nam
776 910 873 971 quum
898 889 1076 972 hypocritis
1098 888 1160 951 lar·
1214 903 1321 954 eutem
1352 892 1385 952 in
1414 889 1556 955 secunda
1585 910 1740 973 persona,
1774 890 1860 974 quod
1890 891 1993 955 veluti
2021 902 2178 973 patronus

196 998 270 1042 vam
301 976 481 1040 detraxerit
511 978 565 1058 qui
594 998 629 1041 se
658 977 800 1040 inaniter
833 974 1010 1050 iactabant,
1044 993 1160 1054 eosque
1213 995 1343 1040 oausam
1363 975 1425 1040 Dei
1448 985 1524 1059 agat
1545 987 1579 1041 et
1597 986 1825 1059 persequatur:
1848 984 1944 1057 atque
1967 975 2040 1040 ideo
2063 976 2179 1040 eximit

197 1065 297 1128 iustas
319 1062 407 1127 luere
437 1082 558 1144 poenas
587 1062 779 1127 ostenderit:
811 1080 897 1124 nunc
927 1057 1160 1125 obiectionibus
1214 1082 1248 1125 ss
1277 1061 1318 1124 ab
1346 1061 1520 1143 impiorum
1549 1061 1670 1127 ordine.
1721 1062 1789 1126 Nec
1819 1062 1905 1126 enim
1936 1062 1975 1125 iis
2006 1062 2179 1144 aggregari

197 1149 268 1214 aliis
289 1148 469 1228 respondet.
515 1145 632 1211 Solent
659 1147 745 1210 enim
768 1145 955 1228 hypocritae
978 1146 1082 1209 Deum
1105 1154 1161 1207 aut
1215 1146 1295 1224 vult,
1318 1147 1446 1210 tametsi
1469 1167 1533 1211 non
1557 1158 1641 1211 esset
1663 1168 1796 1230 prorsus
1818 1149 1973 1211 immunis
1995 1156 2177 1229 apeacatc:

196 1234 395 1299 infirmitatis
419 1244 474 1297 aut
491 1232 674 1297 severitatis
697 1232 814 1296 nimiae
833 1252 977 1314 arguere.
1008 1228 1161 1295 Ostendit
1214 1233 1348 1295 timebat
1370 1231 1490 1312 Deum,
1520 1243 1552 1296 et
1573 1233 1709 1312 colebat,
1739 1244 1773 1297 et
1794 1233 2009 1298 conscientiae
2031 1232 2179 1297 libertate

196 1321 297 1404 igitur
319 1320 346 1382 ei
370 1340 429 1383 nee
451 1319 628 1400 potentiam
652 1317 691 1381 ad
714 1317 890 1382 servandos
913 1339 999 1396 suos,
1020 1336 1080 1380 nec
1103 1337 1160 1378 vo·
1213 1317 1390 1382 fruebatur.
1443 1317 1511 1383 Nec
1542 1339 1618 1382 vero
1649 1329 1755 1400 posset
1784 1319 1884 1383 libere
1914 1319 1994 1383 alios
2023 1317 2179 1382 damnare

196 1407 354 1470 luntatem
386 1404 512 1467 deesse:
546 1404 602 1468 sed
631 1403 773 1485 ipsorum
808 1403 969 1485 pravitate
1001 1400 1160 1483 impediri,
1213 1403 1267 1484 qui
1289 1403 1404 1466 iisdem
1428 1402 1518 1467 vitiis
1547 1403 1724 1486 implicitus
1754 1415 1930 1481 teneretur,
1961 1425 2019 1469 nec
2042 1404 2178 1467 idoneus

197 1492 365 1574 quominus
399 1488 643 1553 beneficentiam
673 1510 751 1572 erga
773 1490 858 1570 ipsos
880 1509 973 1552 suam
996 1496 1159 1551 exerceat:
1213 1501 1298 1553 esset
1328 1487 1367 1551 ad
1396 1489 1555 1572 agendam
1585 1510 1716 1554 causam
1746 1488 1825 1567 Dei,
1859 1490 1913 1571 qui
1940 1509 2034 1554 suum
2068 1490 2097 1553 ei
2127 1491 2179 1553 ius

197 1578 341 1660 improbe
370 1595 448 1657 ergo
471 1574 675 1656 expostulare
704 1595 778 1640 cum
801 1572 883 1651 Deo,
916 1584 948 1637 et
970 1571 1161 1637 calumniari
1213 1573 1366 1638 scelerate
1390 1574 1528 1638 vivendo
1550 1578 1699 1656 eriperet.
1742 1575 1826 1640 Nam
1849 1586 1975 1658 oportet
1997 1595 2055 1639 nos
2077 1576 2116 1639 ab
2139 1575 2179 1638 iis

197 1663 274 1727 dum
296 1663 359 1727 ista
380 1661 552 1738 obiiciunt,
587 1681 687 1742 quum
711 1682 745 1725 se
766 1660 855 1743 ipsos
884 1660 989 1741 potius
1011 1678 1161 1723 accusare
1213 1659 1385 1724 dissimiles
1403 1680 1473 1724 esse
1489 1681 1568 1743 quos
1583 1662 1760 1743 arguimus,
1779 1660 1843 1724 nisi
1861 1660 2000 1724 ludibrio
2015 1680 2179 1742 exponere

196 1747 342 1813 debeant.
386 1746 495 1827 Atque
517 1746 687 1827 emphasin
710 1744 808 1809 habet
829 1744 987 1827 particula
1008 1758 1051 1841 qn,
1074 1764 1111 1808 ao
1134 1743 1161 1807 si
1214 1745 1394 1809 doctrinam
1412 1755 1565 1819 nostram,
1581 1757 1678 1827 atque
1694 1745 1897 1828 impudentes
1912 1745 2014 1809 videri
2031 1746 2179 1810 velimus.

196 1835 236 1897 de
253 1834 466 1914 inpraesenti
485 1831 646 1895 disserens
664 1830 868 1895 certitudinis
886 1830 1046 1894 notandae
1063 1847 1161 1894 causa
1213 1830 1278 1896 Ubi
1301 1851 1376 1894 vero
1397 1850 1477 1912 pura
1497 1832 1693 1897 conscientia
1715 1833 1876 1896 servimus
1894 1830 1976 1910 Deo,
2000 1830 2126 1912 pondus
2147 1841 2180 1894 et

195 1940 267 1985 eam
290 1917 390 2001 digito
412 1922 618 1992 monstraret,
640 1937 677 1981 ac
698 1915 945 1999 praecidendam
968 1936 1078 1979 ansam
1103 1914 1161 1996 by·
1213 1917 1419 1980 autoritatem
1443 1915 1568 1980 obtinet
1591 1917 1736 1980 doctrina
1757 1928 1878 1992 nostra,
1906 1926 2003 1998 atque
2027 1915 2178 1980 adversa·

195 2004 334 2088 poaritis,
354 2022 395 2065 ne
414 2002 551 2083 amplius
570 2001 836 2084 tergiversentur.
860 2001 904 2065 Et
919 1999 1160 2065 subaudiendae
1214 2003 1277 2066 rios
1300 2003 1388 2083 ipsos
1410 2004 1514 2082 magis
1536 2001 1702 2067 convictos
1724 2011 1822 2066 tenet.
1868 2003 1962 2082 Quod
1990 2002 2178 2067 sceleratam

194 2103 273 2155 sunt
292 2087 469 2153 antitheses
487 2088 522 2149 in
539 2086 646 2151 verbis
663 2091 832 2170 approvato
849 2091 876 2152 et
892 2087 1051 2151 inuitato:
1070 2084 1160 2167 quasi
1215 2087 1324 2169 populi
1343 2089 1442 2151 vitam
1462 2086 1616 2171 depingit,
1636 2108 1913 2169 supervacaneum
1932 2107 1996 2151 non
2015 2097 2079 2152 est:
2103 2107 2177 2150 nam

195 2176 329 2255 diceret,
358 2174 437 2238 satis
459 2173 535 2237 olim
559 2171 658 2237 inisse
681 2173 831 2254 praesidii
855 2173 887 2236 in
912 2192 1011 2235 manu
1033 2171 1096 2234 Dei
1119 2168 1160 2233 ad
1216 2174 1361 2237 homines
1385 2173 1473 2236 varia
1495 2173 1698 2256 subterfugia
1720 2182 1890 2254 quaerunt,
1914 2194 2017 2255 neque
2039 2174 2072 2236 in
2093 2173 2179 2236 ordi·

196 2281 290 2345 opem
323 2260 390 2325 suis
423 2257 610 2322 serendam:
650 2258 766 2322 deinde
803 2278 930 2340 semper
963 2257 1159 2321 exorabilem
1213 2279 1289 2322 nem
1312 2258 1382 2339 cogi
1405 2263 1558 2339 possunt,
1591 2259 1653 2323 nisi
1676 2258 1757 2322 vitia
1779 2259 1871 2340 prius
1893 2280 1951 2323 sua
1974 2260 2179 2341 agnoverint.

196 2348 293 2411 fuisse
316 2356 348 2410 et
370 2344 495 2408 facilem
524 2343 737 2408 exaudiendis
764 2345 862 2408 votis:
896 2343 961 2406 iam
991 2363 1068 2407 vero
1095 2362 1159 2404 non
1216 2343 1390 2425 Saapuiaia
1418 2345 1616 2408 mentionem
1645 2344 1766 2409 iaciens
1794 2364 1860 2407 non
1883 2342 2037 2427 intelligit
2064 2344 2181 2409 caedes

196 2453 266 2497 esse
296 2430 485 2496 dissimilem
515 2431 581 2511 sui,
615 2430 705 2511 quasi
730 2429 782 2494 vel
812 2450 928 2493 manus
962 2427 1031 2492 eius
1059 2427 1161 2491 fracta
1214 2430 1334 2510 passim
1365 2430 1462 2493 fuisse
1495 2440 1711 2511 perpetratas,
1746 2429 1801 2493 sed
1831 2429 1893 2493 hac
1922 2451 2000 2495 voce
2030 2430 2181 2513 designat

196 2517 301 2600 luerit,
321 2516 372 2581 vel
391 2537 485 2580 aures
504 2514 672 2580 hebetatae
692 2525 727 2579 ut
743 2514 865 2578 tardius
883 2513 1005 2578 audiat.
1028 2511 1161 2577 Summa
1215 2513 1496 2586 inhumanitatem,
1519 2515 1659 2597 rapinas,
1682 2516 1745 2579 vim
1765 2525 1798 2579 et
1815 2515 1959 2589 iniurias,
1983 2536 2061 2597 ques
2079 2515 2179 2600 hypo-

196 2616 258 2679 est,
290 2624 353 2666 non
384 2622 476 2683 posse
505 2601 620 2666 ascribi
652 2600 864 2663 mutationem
889 2598 970 2675 Deo,
1001 2599 1091 2680 quasi
1121 2596 1162 2661 ab
1214 2601 1313 2663 critae
1340 2600 1497 2664 adversus
1524 2601 1635 2682 inopes
1664 2608 1696 2663 et
1722 2610 1836 2665 tenues
1864 2601 2067 2665 exercebant.
2112 2603 2180 2669 Noc

197 2689 327 2772 ingenio
351 2686 536 2765 desciverit,
566 2685 622 2749 sed
646 2693 748 2749 totam
774 2685 903 2766 culpem
926 2684 960 2748 in
983 2686 1061 2764 ipsis
1085 2683 1161 2746 hee-
1215 2685 1301 2748 enim
1325 2695 1394 2748 erat
1416 2685 1496 2766 ipsis
1518 2687 1683 2767 negotium
1703 2706 1775 2749 eum
1794 2684 1975 2749 latronibus
1993 2698 2026 2749 ct
2045 2687 2180 2767 sicariis,

197 2795 283 2854 rere,
320 2774 395 2855 quia
428 2771 566 2853 peccatis
599 2772 666 2835 suis
699 2768 935 2851 quodammodo
968 2769 1163 2851 prohibeant
1214 2770 1270 2833 sed
1293 2791 1365 2834 cum
1389 2791 1463 2852 rege
1485 2779 1518 2833 et
1540 2769 1740 2852 primoribus,
1763 2771 1817 2852 qui
1841 2790 1957 2852 magno
1975 2772 2009 2833 in
2026 2772 2129 2853 pretio
2148 2784 2181 2838 et

197 2860 266 2923 eius
293 2857 557 2938 beneficentiam,
590 2877 649 2920 neo
683 2854 840 2920 auxilium
875 2855 944 2919 eius
978 2855 1160 2919 admittant.
1216 2856 1338 2919 honore
1361 2854 1575 2921 habebantur.
1609 2857 1675 2921 lllos
1697 2867 1792 2920 vocat
1813 2854 1999 2935 homicidas,
2021 2857 2105 2937 qnod
2128 2858 2180 2923 in·

197 2944 294 3024 Quod
316 2943 343 3006 si
365 2940 531 3007 obstacula
553 2961 612 3005 sua
635 2962 698 3004 nou
721 2942 906 3016 obiicerent,
930 2961 1031 3023 aeque
1054 2953 1162 3024 poten·
1216 2941 1329 3004 noxios
1351 2940 1526 3006 crudeliter
1546 2951 1712 3018 vexarent,
1735 2953 1833 3023 atque
1854 2942 1991 3005 aliorum
2016 2944 2100 3006 bona
2121 2964 2180 3025 per

197 3042 246 3093 ter
268 3048 305 3093 ac
327 3027 466 3110 benigne
488 3048 561 3092 oum
584 3027 665 3109 ipsis
688 3037 836 3090 acturum
866 3036 964 3108 atque
987 3025 1063 3090 olim
1087 3025 1161 3089 soli·
1214 3027 1282 3090 vim
1306 3036 1338 3090 et
1360 3027 1515 3090 iniuriam
1546 3027 1586 3091 ad
1614 3048 1649 3090 se
1676 3034 1836 3110 raperent.
1881 3027 1996 3109 Itaque
2025 3031 2180 3094 continuo

197 3125 249 3180 tus
270 3125 340 3178 crat
361 3134 434 3178 cum
459 3113 614 3195 patribus.
654 3112 706 3175 Ita
728 3133 747 3176 a
770 3124 924 3194 perpetua
947 3122 980 3176 et
1002 3110 1162 3193 aequabili
1215 3121 1303 3193 post,
1333 3112 1538 3193 iniquitatem
1569 3112 1660 3194 ponit
1688 3133 1747 3195 pro
1777 3112 1946 3194 sanguine.
1991 3114 2064 3179 Etsi
2092 3116 2179 3180 enim

196 3200 258 3265 Dei
281 3199 463 3264 constantia
492 3198 719 3274 ratiocinatur,
750 3197 818 3262 suis
840 3217 896 3261 eos
919 3199 1059 3279 peccatis
1088 3196 1161 3260 reii-
1215 3195 1343 3261 videtur
1375 3199 1504 3281 longius
1537 3198 1712 3263 extendere
1745 3218 1945 3277 sermonem,
1987 3210 2036 3264 est
2070 3210 2180 3266 tamen

196 3308 268 3351 cere
296 3284 360 3349 Dei
389 3284 544 3366 gratiam,
574 3305 634 3347 nec
662 3283 818 3346 auxilium
850 3282 1030 3348 admittere.
1074 3283 1162 3346 Hinc
1215 3285 1373 3365 repetitio,
1403 3296 1458 3347 aut
1481 3285 1587 3366 potius
1610 3283 1820 3366 reduplicatio
1847 3285 1998 3365 frequens
2020 3284 2180 3352 Hebraeis

195 3371 379 3454 colligimus
409 3369 480 3434 sola
509 3381 641 3451 peccata
668 3380 780 3432 nostra
809 3369 939 3450 privare
971 3389 1028 3432 nos
1058 3368 1163 3449 gratia
1214 3389 1288 3434 aum
1312 3370 1572 3452 amplificatione.
1607 3368 1692 3448 Quia
1713 3369 1787 3452 plus
1809 3370 1963 3451 exprimit
1983 3391 2041 3452 per
2061 3371 2180 3454 digitos

196 3456 275 3533 Dei,
310 3465 406 3538 atque
435 3452 604 3518 dissidium
638 3455 723 3518 inter
757 3475 815 3517 nos
845 3463 877 3518 st
907 3455 1013 3536 ipsum
1048 3454 1160 3517 facere.
1215 3474 1311 3536 quam
1342 3475 1398 3536 per
1421 3475 1552 3518 manus:
1584 3474 1620 3518 ac
1640 3456 1668 3518 si
1691 3454 1825 3518 dixisset
1848 3475 1889 3517 nc
1912 3456 2077 3518 minimam
2108 3456 2179 3537 qui·

196 3542 290 3622 Quod
314 3543 399 3606 enim
424 3541 581 3623 propheta
611 3549 749 3604 testatus
771 3552 821 3603 est
843 3539 882 3602 de
904 3539 1090 3603 hominibus
1112 3539 1161 3601 sui
1215 3541 1286 3604 dem
1322 3553 1445 3620 partem
1480 3539 1519 3604 ab
1549 3540 1671 3603 iniusta
1702 3540 1856 3603 violentia
1888 3541 2066 3604 immunem
2099 3561 2178 3606 esse.

195 3627 361 3711 temporis,
384 3628 534 3691 omnibus
556 3625 692 3690 saeculis
714 3625 878 3690 convenit:
902 3623 1161 3705 quandoquidem
1215 3622 1342 3688 Deinde
1364 3625 1459 3688 aliam
1479 3625 1625 3689 maleficii
1646 3625 1782 3706 speciem
1802 3625 1942 3707 attingit,
1967 3645 2084 3708 nempe
2102 3628 2179 3691 dum

197 3716 263 3795 egit
300 3733 430 3778 causam
464 3713 527 3776 Dei
566 3710 722 3774 adversus
761 3709 940 3774 calumnias
980 3710 1161 3791 impiorum.
1215 3709 1360 3792 fallaciis,
1385 3711 1533 3791 periuriis
1556 3719 1612 3773 aut
1630 3709 1711 3773 dolis
1729 3709 1785 3773 alii
1805 3710 1884 3774 alios
1907 3711 2178 3779 circumveniunt.

198 3797 289 3862 Deus
311 3818 388 3880 ergo
411 3798 471 3863 sibi
495 3807 648 3878 perpetuo
670 3805 805 3869 constat,
830 3813 889 3857 nea
908 3795 1063 3878 fatigatur
1082 3794 1162 3858 benc
1215 3795 1299 3859 Nam
1322 3807 1379 3859 aut
1400 3795 1593 3861 crudelitate
1616 3795 1705 3877 quasi
1729 3816 1827 3860 manu
1851 3809 1984 3872 armata,
2011 3809 2067 3860 aut
2088 3819 2179 3863 men·

198 3884 333 3967 agendo,
365 3902 425 3946 nce
448 3882 604 3945 minuitur
634 3881 778 3963 potentia
806 3880 924 3961 ipsius:
957 3880 1013 3945 sed
1037 3881 1161 3944 aditum
1215 3881 1316 3946 daciis
1335 3891 1367 3944 et
1386 3881 1550 3945 fraudibus
1573 3881 1757 3945 continetur
1774 3891 1810 3945 ut
1828 3881 2003 3963 plurimum
2024 3883 2179 3966 iniquitas

198 3970 268 4033 eius
286 3969 409 4052 gratiae
429 3966 675 4048 praecludimus.
707 3964 848 4031 Obiiciet
865 3967 1036 4047 quispiam,
1057 3967 1160 4030 Deum
1215 3988 1278 4048 qua
1305 3968 1469 4048 proximos
1498 3966 1664 4030 laedimus.
1710 3967 1774 4031 Hic
1801 3980 1909 4030 autem
1939 3969 2099 4049 propheta
2127 3991 2177 4035 se·

198 4054 279 4119 beno
310 4053 433 4118 meritis
467 4053 636 4116 hominum
671 4052 856 4133 praeveniri
889 4074 953 4115 non
984 4073 1092 4132 posse,
1125 4073 1162 4117 ac
1214 4052 1354 4118 cundem
1378 4051 1521 4116 tabulam
1544 4053 1687 4134 attingit,
1718 4063 1812 4134 atque
1836 4075 1875 4116 ex
1898 4052 2072 4120 sceleribus
2094 4077 2178 4138 quae

199 4160 328 4205 necesse
351 4148 388 4204 ut
407 4137 549 4220 indignis
570 4136 760 4200 benefaciat.
792 4137 996 4219 Respondeo,
1018 4138 1077 4201 hoo
1095 4139 1162 4219 qui·
1214 4139 1371 4202 adversus
1401 4139 1503 4219 ipsam
1534 4137 1712 4201 admittunt
1741 4139 1855 4219 impios
1883 4149 1915 4202 et
1943 4142 2032 4203 omni
2062 4142 2178 4208 timore

198 4227 271 4291 dem
294 4246 363 4291 esse
385 4241 514 4290 verum:
537 4222 593 4287 sed
615 4222 777 4286 interdum
801 4244 941 4305 eousque
965 4224 1162 4289 invalescere
1215 4222 1277 4286 Dei
1308 4243 1426 4288 vacuos
1458 4244 1527 4287 esse
1560 4223 1710 4287 ostendit.
1764 4223 1992 4289 inhumanitas
2026 4227 2111 4290 enim
2145 4237 2178 4292 et

200 4313 366 4376 hominum
389 4309 603 4392 proterviam,
634 4319 669 4370 ut
693 4308 752 4371 Dei
783 4309 946 4374 beneficiis
975 4310 1163 4390 praecludat
1215 4308 1366 4390 perfidia,
1397 4329 1461 4391 qna
1483 4309 1625 4373 violatur
1655 4308 1823 4373 bominum
1853 4312 2000 4389 societas,
2030 4313 2179 4377 oritura

198 4398 339 4476 ianuam,
362 4418 400 4461 ac
420 4397 446 4460 si
470 4395 544 4458 data
566 4413 664 4475 opera
686 4394 795 4473 procul
817 4395 924 4475 ipsum
944 4416 962 4458 a
980 4415 1015 4457 se
1033 4394 1162 4477 abigere
1214 4404 1399 4475 contemptu
1423 4395 1493 4459 Dei.
1528 4394 1641 4477 Itaque
1664 4417 1683 4458 a
1706 4395 1863 4476 manibus,
1886 4396 1947 4460 hon
1970 4405 2027 4475 est,
2050 4417 2069 4459 a
2092 4399 2177 4479 rapi·

200 4482 328 4546 vellent.
366 4482 409 4545 llt
431 4480 580 4562 quamvis
603 4479 765 4543 neminem
788 4479 858 4542 sino
881 4481 977 4543 venia
999 4481 1161 4557 exaudiat,
1215 4481 1266 4543 nis
1296 4488 1328 4544 et
1357 4481 1390 4544 vi
1421 4480 1460 4543 ad
1490 4481 1658 4544 mendacia
1685 4492 1718 4544 et
1747 4481 1969 4546 fraudulentas
2001 4493 2102 4564 artes,
2137 4483 2176 4547 ad

198 4568 294 4632 sicuti
338 4568 434 4630 etiam
478 4566 592 4647 culpae
636 4564 892 4646 deprecationem
941 4586 1047 4629 coram
1092 4567 1162 4648 ipso
1215 4565 1357 4647 periuria
1389 4577 1422 4630 et
1454 4568 1616 4648 captiones
1649 4566 1829 4645 descendit,
1863 4566 1979 4648 quibus
2013 4569 2178 4649 proximos

198 4673 326 4734 semper
355 4652 533 4729 afferimus,
565 4666 673 4714 tamen
704 4652 875 4732 impiorum
907 4662 982 4715 vota
1011 4673 1074 4716 non
1105 4673 1161 4715 ex·
1215 4662 1342 4716 nostros
1364 4651 1644 4716 circumvenimus.

199 4737 297 4803 audit.
343 4736 453 4817 Quare
481 4758 546 4800 non
577 4740 694 4800 mirum
725 4747 773 4800 est
795 4737 822 4802 si
846 4738 1002 4819 populum
1033 4746 1163 4801 accuset
1300 4737 1329 4800 4.
1364 4738 1477 4822 (Nemo
1506 4741 1550 4802 est
1578 4738 1632 4816 qai
1661 4737 1791 4822 damet.)
1844 4737 2016 4822 Significat
2049 4739 2176 4804 nullum

199 4825 365 4908 propheta,
389 4823 472 4903 quod
491 4823 558 4886 suis
579 4821 753 4885 sceleribus
769 4821 832 4886 Dei
853 4822 1007 4886 beneficia
1029 4823 1162 4901 roiiciat,
1215 4822 1300 4887 inter
1322 4845 1375 4888 eos
1398 4825 1476 4887 recti
1499 4833 1555 4886 aut
1577 4822 1671 4904 aequi
1691 4824 1834 4887 stadium
1855 4842 1937 4888 esse:
1961 4824 2120 4887 neminem
2143 4847 2177 4891 se

198 4908 321 4993 suaque
345 4908 561 4974 obstinatione
584 4927 656 4970 eum
682 4907 795 4971 reddat
824 4908 1073 4973 inexorabilem:
1108 4908 1163 4973 de·
1215 4928 1376 4991 opponere
1405 4908 1541 4983 iniuriis,
1570 4929 1649 4990 quas
1679 4911 1873 4990 potentiores
1903 4908 2104 4973 tenuioribus
2126 4911 2177 4975 in·

199 4997 294 5078 nique
317 4994 491 5058 divortium
522 4992 649 5068 lecerit,
680 4993 764 5075 quod
790 4995 920 5058 solitum
944 4997 1067 5077 gratiae
1090 5016 1163 5061 cur·
1216 4995 1341 5057 ierunt:
1375 5003 1471 5075 atque
1494 4993 1569 5056 inde
1592 5015 1735 5059 crescere
1759 4996 1937 5070 licentiam,
1968 4995 2044 5076 quia
2065 5015 2178 5060 omnes

198 5103 270 5149 sum
294 5090 383 5145 arcet
406 5079 456 5143 vel
480 5079 607 5144 avertit.
1216 5081 1419 5155 conniveant,
1444 5100 1502 5145 nec
1523 5080 1670 5161 cuiquam
1693 5102 1789 5145 curae
1811 5082 1853 5143 sit
1875 5082 2088 5162 patrocinium
2112 5083 2177 5147 ias·

285 5167 314 5231 3.
348 5165 448 5250 (Num
474 5164 611 5250 manac.)
656 5165 751 5231 Nunc
781 5168 814 5230 in
843 5165 984 5230 medium
1016 5166 1164 5248 producit
1216 5167 1306 5229 titiae
1329 5167 1499 5246 suscipere.
1544 5166 1615 5230 Non
1640 5168 1719 5231 satis
1750 5175 1799 5230 est
1828 5176 1936 5229 autem
1967 5167 1995 5231 si
2016 5168 2177 5232 abstinea-

199 5274 309 5318 corum
333 5273 438 5333 opera,
462 5273 503 5315 ne
526 5253 791 5331 tergiversantur,
821 5252 933 5316 autin
956 5250 1090 5317 dubium
1114 5274 1162 5316 re·
1217 5273 1287 5317 mus
1310 5253 1349 5316 ab
1373 5251 1502 5336 iniuria,
1528 5253 1589 5315 nisi
1612 5273 1683 5317 eam
1706 5272 1831 5333 quoque
1853 5251 1893 5316 ab
1915 5253 1995 5331 aliis,
2020 5259 2179 5337 quantum

300 5353 411 5408 Calvisii
425 5369 518 5422 opera.
548 5352 606 5407 Vol.
625 5352 783 5410 XXXVII.
1943 5353 1976 5408 22
