4784 5970
113 377 176 446 517
847 372 897 439 IN
919 372 1170 442 lucaman.
1216 374 1313 443 OAP.
1336 375 1381 445 11.
2055 380 2120 449 518

85 601 87 605 ,
114 567 242 632 tinebat
264 563 394 648 quidem
417 581 547 644 semper·
568 560 709 644 aliquem
732 560 859 627 cultum
890 559 1088 645 intemplo:
1141 563 1318 646 ptorifieare
1345 583 1455 630 romeu
1482 568 1579 643 tuum,
1608 569 1637 629 et
1661 564 1708 630 ita
1735 567 1846 632 testari
1871 585 1928 632 uos
1957 572 2032 635 totos
2061 568 2119 635 tibi

115 652 172 718 sed
199 672 299 735 quum
328 654 398 714 tcta
430 648 544 732 religio
566 647 681 713 vitiata
712 656 798 712 esset
830 646 943 712 multis
976 667 1090 730 super·
1140 668 1205 714 esse
1221 650 1371 729 addictos,
1394 651 1653 732 quemadmodum
1667 670 1737 716 uere
1750 671 1807 717 uos
1821 652 1999 732 autumat,
2022 674 2119 736 quum

115 736 311 815 stitiouibus,
334 735 450 799 deinde
472 754 570 816 quum
588 731 678 798 nulla
692 740 778 798 esset
792 730 884 812 fides,
908 731 999 797 nulla
1021 733 1089 798 sin·
1140 735 1269 801 uotuiui
1289 756 1346 801 uos
1366 737 1516 819 adaptare
1536 736 1571 801 iu
1590 737 1657 816 titio
1678 742 1731 801 tuo
1750 737 1919 822 uuipeuito,
1953 739 2067 806 Amerr.

115 824 249 890 ceritas:
272 842 372 905 quum
395 820 495 885 etiam
516 820 693 885 miscerent
715 838 793 882 vero
816 816 888 882 Deo
911 838 970 883 sua
991 817 1089 897 idola,

115 910 178 975 hoc
199 909 263 973 fuit
284 908 380 990 plane
399 926 419 970 a
437 904 510 969 Deo
532 904 605 986 ipso
625 903 770 980 deficere,
794 903 849 985 qui
868 903 1018 969 aemulus
1040 911 1090 968 est
1227 906 1278 972 20.
1305 906 1389 989 Quia
1411 928 1431 972 a
1452 907 1574 972 saeculo
1590 906 1729 991 confrepu'
1743 909 1854 992 iupum
1870 913 1967 992 tuum,
1990 911 2118 993 disrupi

115 997 165 1061 sui
188 994 328 1069 honoris,
359 989 630 1075 quemadmodum
659 989 778 1056 dicitur
807 989 842 1052 in
871 988 952 1072 lego,
984 1010 1088 1071 neque
1140 991 1263 1057 mumulo
1284 996 1356 1058 tua:
1383 998 1411 1058 et
1432 992 1553 1075 ammi,
1580 993 1650 1058 Nou
1672 994 1808 1058 samiam
1830 993 1895 1078 (vel
1919 1014 1985 1060 ηοη
2008 1007 2115 1061 trans·

114 1081 258 1145 admittit
291 1078 375 1144 ullos
404 1076 534 1141 rivales.
585 1076 751 1140 Tenemus
783 1094 860 1157 ergo
893 1096 981 1140 nunc
1014 1094 1088 1156 pro·
1140 1076 1281 1159 gradiar,
1304 1086 1355 1143 est
1377 1077 1463 1143 enim
1488 1076 1611 1160 duplex
1633 1077 1753 1162 lectio),
1784 1079 1861 1161 quia
1881 1099 1977 1161 super
1998 1101 2117 1148 omnem

114 1165 234 1249 phetae
252 1163 433 1230 consilium.
470 1161 543 1226 Iam
562 1160 648 1240 dicit,
674 1159 843 1245 Gopaosees
858 1180 953 1242 quum
969 1160 1089 1226 aratum
1140 1162 1244 1227 cottam
1265 1163 1428 1242 excelsum
1450 1168 1479 1228 et
1499 1183 1596 1244 super
1620 1183 1738 1230 omnem
1768 1165 1907 1230 arborem
1930 1165 2116 1247 fraudosom

113 1252 156 1316 sit
178 1255 207 1315 et
228 1270 385 1315 amarum.
430 1247 504 1312 Hoc
524 1245 564 1310 ad
593 1267 714 1330 poenas
743 1245 858 1312 reterri
888 1246 1000 1310 debet:
1031 1244 1088 1311 sed
1139 1251 1174 1311 tu
1194 1248 1375 1314 cucumae·
1395 1250 1551 1314 meretrix.

113 1338 282 1402 continuat
303 1334 504 1418 superiorem
525 1332 729 1409 sententiam,
757 1351 876 1413 nempe
897 1331 983 1395 mala
1005 1351 1089 1413 quae

115 1430 193 1487 ωηο
214 1422 399 1504 patiebatur
420 1417 569 1502 populus,
593 1438 656 1482 non
680 1416 814 1482 fortuito
832 1418 1032 1501 contingere,
1055 1425 1089 1481 et
1226 1418 1391 1500 Quoniam
1430 1418 1517 1502 apud
1557 1418 1726 1485 Hebraeos
1766 1419 1888 1502 duplex
1927 1429 1977 1486 cst
2019 1421 2115 1486 lectio

114 1527 213 1589 quum
253 1513 456 1590 premeretur
490 1502 603 1568 multis
639 1502 764 1568 acerbis
802 1501 983 1582 doloribus,
1021 1522 1088 1567 non
1140 1503 1285 1591 (quidam
1315 1504 1401 1569 enim
1430 1514 1551 1588 putant
1578 1526 1649 1571 esse
1678 1505 1814 1571 verbum
1844 1519 1922 1584 tart,
1952 1506 2008 1570 alii
2031 1520 2114 1585 Ὃν,

116 1593 227 1674 procul
250 1590 469 1675 quaerendam
493 1611 563 1655 esse
585 1609 728 1666 cansam,
758 1587 833 1671 quia
856 1587 979 1654 scilicet
1008 1588 1088 1653 haec
1141 1601 1178 1656 ut
1211 1601 1261 1656 est
1294 1608 1412 1675 magna
1445 1590 1588 1655 affinitas
1621 1589 1751 1658 intest
1780 1598 1814 1656 et
1840 1591 1875 1676 t)
1908 1590 1981 1657 ideo
2016 1594 2116 1658 etiam

112 1677 304 1757 amaritudo,
327 1687 360 1744 et
381 1676 539 1759 quidquid
561 1675 784 1743 calamitatum
811 1682 881 1738 erat
903 1673 1025 1739 fluebat
1046 1695 1088 1740 ex
1139 1696 1257 1743 sensus
1290 1676 1420 1743 elicitur
1454 1675 1612 1742 diversus.
1668 1676 1752 1741 Nam
1785 1677 1812 1742 si
1854 1676 2009 1761 legimus,
2050 1698 2115 1743 non

113 1760 289 1845 impietate.
346 1762 513 1846 Copuosoes
541 1781 612 1844 erpo
641 1761 713 1844 ipsa
745 1759 901 1840 mercede,
930 1760 1001 1842 ipsa
1030 1779 1087 1824 ex·
1139 1761 1293 1840 transibo,
1310 1762 1363 1827 vel
1380 1782 1446 1826 non
1463 1761 1694 1846 transgrediar,
1717 1770 1755 1826 nt
1776 1761 1819 1827 sit
1835 1761 1970 1827 verbum
1990 1762 2073 1828 abad
2082 1763 2114 1848 ¹),

111 1849 271 1930 perientia
300 1857 332 1914 te
365 1849 537 1914 convincet
566 1846 644 1929 quid
672 1847 715 1911 sit
744 1845 881 1911 deficere
903 1865 921 1908 a
946 1845 1026 1925 Deo,
1054 1853 1087 1910 et
1138 1868 1254 1914 sensus
1273 1849 1346 1927 erit,
1368 1846 1478 1928 Quum
1498 1868 1558 1930 ege
1577 1846 1700 1930 disrupi
1718 1847 1832 1931 iugum
1851 1855 1953 1925 tuum,
1975 1847 2037 1914 hoc
2054 1861 2113 1925 est,

111 1932 199 2017 dicit,
221 1934 253 1998 A
280 1934 415 1999 Ieboaob
436 1934 504 1999 Deo
525 1937 587 2011 tuo,
611 1933 663 1997 vol
683 1931 910 2012 derelinquere
929 1930 1085 1997 Iehovam
1139 1933 1275 1999 liberavi
1305 1942 1377 1998 tea
1405 1933 1580 2015 tyrannide
1603 1935 1813 2017 Aegyptiace,
1843 1941 1920 1999 tunc
1949 1934 2030 1998 mihi
2060 1933 2115 1999 de·

109 2018 220 2084 Deum
243 2027 345 2084 tuum.
391 2019 476 2084 Nam
499 2019 526 2083 si
549 2017 641 2082 Deus
670 2039 734 2082 non
761 2017 966 2100 patefecisset
993 2036 1086 2082 suam
1138 2019 1215 2085 disti
1248 2018 1355 2084 fidem.
1410 2018 1490 2082 Fuit
1521 2018 1609 2083 enim
1645 2029 1721 2085 tnnc
1762 2027 1894 2084 mutuus
1928 2027 2114 2086 contractus

113 2107 251 2188 gratiam
271 2104 440 2184 Israelitis,
463 2125 529 2169 non
548 2104 661 2168 luisset
677 2114 739 2167 tam
757 2102 958 2168 detestabilis
975 2123 1087 2168 eorum
1138 2106 1226 2169 inter
1248 2104 1356 2169 Deum
1386 2111 1419 2168 et
1441 2102 1625 2169 Israelitas:
1659 2105 1735 2186 quia
1764 2104 1858 2168 sicuti
1887 2103 1961 2168 illos
1991 2107 2113 2188 recepit

110 2190 326 2270 perversitas:
356 2189 412 2256 aed
446 2211 546 2272 quum
579 2190 758 2255 sensissent
786 2187 894 2254 Deum
925 2187 985 2253 sibi
1016 2209 1087 2255 esse
1137 2190 1230 2257 Deus
1252 2192 1286 2254 in
1308 2189 1408 2254 fidem
1433 2209 1537 2269 suam,
1568 2200 1604 2253 ut
1634 2197 1721 2254 esset
1750 2208 1862 2254 eorum
1886 2190 1980 2272 quasi
2003 2200 2112 2272 patro·

110 2286 247 2358 patrem,
281 2284 314 2340 et
341 2297 439 2359 quum
473 2289 539 2340 tam
574 2275 752 2340 liberaliter
784 2275 872 2357 ipsos
905 2282 1085 2352 tractasset,
1138 2294 1216 2342 nus:
1239 2275 1285 2341 ita
1308 2275 1451 2340 vicissim
1475 2274 1611 2356 polliciti
1633 2284 1711 2340 sunt
1730 2295 1765 2339 se
1787 2274 1857 2339 iore
1879 2273 1939 2339 sub
1957 2275 2026 2341 cius
2049 2277 2110 2341 im·

111 2380 211 2441 quum
235 2361 390 2445 dignatus
412 2361 527 2426 fuisset
548 2361 660 2426 foedus
688 2380 782 2426 suum
812 2378 885 2424 cum
917 2359 981 2424 illis
1011 2380 1085 2441 per·
1137 2361 1238 2444 perio.
1284 2359 1320 2427 Si
1340 2360 1516 2442 recipimus
1541 2360 1626 2425 hanc
1648 2360 1831 2438 lectionem,
1864 2361 1927 2425 erit
1957 2369 2112 2443 expostu-

111 2454 230 2524 cutcre,
254 2447 319 2511 fuit
340 2445 571 2513 inexcusabilis
594 2466 705 2511 eorum
729 2445 861 2510 malitia.
907 2445 952 2510 lllt
974 2456 1086 2527 postea
1137 2448 1223 2525 latio,
1248 2447 1340 2528 quasi
1363 2445 1456 2511 Deus
1479 2444 1532 2510 hic
1555 2445 1725 2511 damnaret
1749 2447 1906 2531 papulum
1937 2446 2112 2531 ingratitu-

111 2549 251 2612 persona
281 2542 437 2611 mittatur,
473 2530 518 2597 Et
545 2552 606 2597 nou
638 2534 777 2597 timorem
804 2551 904 2595 meum
932 2550 1031 2610 super
1058 2536 1087 2595 te
1138 2534 1224 2598 dinis
1265 2542 1296 2597 et
1334 2531 1499 2615 perfidiae.
1554 2531 1620 2596 Sed
1655 2532 1785 2597 videtur
1824 2530 1984 2614 propheta
2023 2532 2112 2597 alind

109 2617 222 2697 fuisse,
256 2616 515 2683 subaudiendum
550 2627 610 2682 est.
664 2617 729 2681 Hic
762 2616 894 2681 tandem
929 2616 1087 2699 propheta
1139 2618 1236 2683 velle:
1270 2626 1304 2682 et
1336 2617 1408 2683 idco
1438 2615 1518 2681 mibi
1548 2618 1654 2700 magis
1681 2616 1838 2699 probatur
1870 2617 1974 2681 altere
2008 2618 2111 2702 lectio,

111 2704 273 2785 significat
310 2703 463 2787 populum
502 2704 644 2768 caruisse
681 2703 771 2766 omni
809 2722 908 2767 sensu
944 2701 1084 2783 pietatis.
1139 2724 1203 2768 non
1226 2703 1377 2768 servium.
1423 2700 1488 2768 Sed
1511 2702 1636 2767 interea
1665 2701 1800 2784 repudio
1830 2702 1916 2785 qnod
1947 2702 2113 2769 adducunt

110 2787 196 2851 Nam
220 2791 448 2870 pertimerem
473 2790 534 2854 Dei
563 2797 695 2853 notatur
717 2789 910 2852 reverentie.
955 2785 1085 2853 Scimus
1138 2789 1349 2872 interpretes:
1384 2809 1445 2854 nec
1475 2786 1586 2851 dubito
1619 2789 1699 2869 qnia
1731 2788 1821 2854 locus
1855 2788 1908 2853 hic
1940 2797 2112 2871 corruptus

111 2891 208 2955 saepe
231 2874 295 2939 labi
318 2874 467 2939 homines
490 2895 609 2952 errore,
632 2882 666 2938 et
688 2872 918 2939 circumveniri
941 2870 1086 2938 Satanae
1139 2874 1251 2939 irretit:
1283 2873 1434 2955 quoniam
1458 2872 1641 2938 invaluerat
1664 2873 1721 2938 illa
1743 2874 1912 2955 expositio,
1941 2872 2016 2938 Non
2044 2893 2112 2939 ser·

110 2959 239 3040 astutia,
271 2960 316 3024 ita
340 2971 375 3024 ut
404 2959 604 3025 miserabiles
634 2960 700 3024 sint
727 2980 827 3042 quum
857 2966 933 3023 sunt
963 2958 1084 3023 miseri.
1138 2961 1224 3025 viam
1248 2958 1351 3039 idolis,
1374 2966 1407 3024 et
1429 2957 1584 3023 videbant
1616 2959 1672 3040 qui
1705 2959 1844 3041 praediti
1877 2969 1972 3023 erant
2004 2960 2112 3044 aliquo

111 3042 177 3108 Sed
200 3046 359 3128 prophete
381 3045 435 3110 hic
457 3045 602 3111 ostendit
628 3045 783 3128 populum
813 3065 883 3109 esse
911 3041 1084 3128 iudignum
1138 3044 1254 3110 iudicio
1273 3064 1340 3110 non
1358 3042 1518 3126 quadrare
1537 3044 1624 3109 bunc
1639 3063 1780 3122 sensum,
1797 3044 1853 3109 sed
1870 3064 1940 3109 esse
1955 3054 2111 3130 coactum,

109 3131 197 3193 omni
221 3132 327 3196 venia.
373 3131 507 3210 Quare?
543 3130 651 3196 nullus
685 3130 770 3194 enim
806 3131 867 3193 fuit
900 3130 999 3194 timor
1020 3128 1084 3193 Dei
1138 3130 1189 3195 vel
1212 3129 1323 3212 procul
1341 3130 1487 3212 petitum,
1511 3128 1582 3193 ideo
1600 3129 1671 3193 fieri
1690 3137 1823 3212 postest,
1847 3128 1933 3212 qnod
1957 3130 2037 3194 mihi
2060 3141 2110 3196 est

109 3215 144 3278 in
168 3226 209 3294 te,
233 3216 355 3298 inquit:
387 3217 449 3282 boc
471 3226 529 3295 est,
552 3238 618 3282 non
642 3225 732 3298 potos
760 3215 900 3281 obiicere
923 3225 955 3280 te
984 3215 1084 3280 fuisse
1137 3215 1312 3298 probabile,
1340 3226 1378 3280 ut
1400 3214 1461 3279 hac
1483 3215 1608 3279 ratione
1636 3225 1788 3298 corrupta
1816 3214 1915 3279 fucrit
1942 3215 2044 3296 litera,
2074 3227 2112 3281 ut

111 3300 298 3382 deceptum,
340 3302 392 3367 vcl
425 3311 616 3384 praetexere
648 3301 787 3384 aliquem
822 3301 979 3379 colorem,
1020 3320 1084 3382 qno
1136 3302 1328 3384 loquuntur.
1373 3300 1458 3365 Nam
1482 3300 1528 3365 sic
1550 3319 1662 3365 omnes
1690 3308 1869 3383 exponunt,
1902 3300 2022 3365 Dixisti
2045 3320 2111 3366 non

110 3398 201 3467 tegas
224 3398 314 3450 tuam
339 3386 515 3452 malitiam:
538 3397 672 3470 apparet
690 3395 723 3452 te
739 3386 948 3469 impudenter
966 3394 999 3451 et
1021 3387 1083 3449 im·
1137 3388 1277 3453 serviam
1301 3386 1405 3450 idolis.
1439 3384 1541 3466 Atqui
1564 3386 1625 3449 hoe
1648 3394 1697 3450 est
1721 3386 1818 3448 nimie
1841 3393 1998 3449 coactum.
2038 3386 2109 3469 Ego

109 3471 209 3552 probe
243 3473 369 3550 fecisse,
403 3493 503 3555 quum
538 3472 696 3556 reliquisti
728 3472 836 3536 Deum
871 3480 977 3552 tuum,
1007 3470 1084 3552 quia
1137 3482 1245 3537 autem
1269 3471 1377 3556 potius
1399 3470 1562 3552 existimo,
1596 3470 1705 3534 Deum
1741 3470 1794 3535 hie
1827 3470 1990 3551 conqueri,
2025 3468 2111 3550 quod

109 3557 218 3621 nullus
242 3568 312 3621 erat
334 3558 420 3641 apud
444 3571 475 3623 te
499 3561 596 3623 timor
618 3558 691 3623 Dei.
727 3558 771 3620 Et
793 3557 923 3621 tandem
946 3556 1084 3634 subiicit,
1137 3557 1279 3633 libertas,
1303 3576 1399 3639 quum
1423 3553 1541 3637 populo
1563 3575 1622 3620 suc
1643 3553 1786 3629 dederat,
1810 3573 1968 3619 conversa
1990 3554 2051 3618 luit
2073 3556 2109 3618 in

109 3641 197 3706 Dicit
230 3640 368 3709 leboaab
400 3646 606 3709 eaaaituum:
639 3641 755 3726 quibus
784 3643 890 3708 verbis
924 3642 1085 3726 propbeta
1137 3644 1316 3708 licentiam:
1348 3649 1381 3705 et
1410 3638 1471 3705 hoc
1500 3640 1621 3722 optime
1647 3640 1810 3717 convenit,
1839 3638 2110 3722 quemadmodum

109 3727 261 3791 conciliat
283 3727 358 3809 plus
377 3731 562 3795 autoritatis
584 3750 663 3794 suae
682 3728 855 3793 doctrinae.
890 3728 974 3792 Erat
995 3726 1083 3791 enim
1137 3727 1259 3811 patebit
1282 3749 1324 3791 ex
1346 3728 1416 3809 ipso
1446 3732 1610 3790 contextu.
1665 3725 1819 3806 Quoniam
1846 3745 1867 3789 η
1893 3725 2014 3790 saecuta
2042 3746 2112 3792 cau·

110 3811 190 3876 hace
223 3816 387 3877 sententia
420 3814 516 3878 valde
550 3813 666 3879 acerba
699 3811 832 3895 populo:
866 3820 900 3877 et
933 3818 1085 3894 poterant
1135 3814 1226 3897 fraqi,
1249 3813 1365 3896 inquit,
1384 3812 1605 3895 tupumtuum,
1628 3810 1796 3891 etdt'srupi
1818 3810 1942 3876 unua
1959 3815 2022 3891 tua,
2044 3811 2113 3878 idea

71 3918 74 3923 ·
109 3895 202 3958 multi
226 3898 332 3978 capita
361 3909 543 3978 concutere,
573 3907 609 3963 ut
631 3898 789 3964 solebant.
834 3898 965 3964 Scimus
994 3898 1082 3962 enim
1136 3898 1248 3963 dumeti
1269 3897 1360 3984 (nam
1384 3911 1394 3964 t
1419 3896 1471 3960 hic
1494 3895 1589 3961 debet
1611 3897 1731 3961 resolvi
1752 3898 1788 3960 in
1815 3895 2008 3977 particulam
2038 3897 2110 3962 illa·

109 3988 231 4062 quanta
254 3982 351 4047 luerit
370 3983 551 4065 pervicacia
574 3985 608 4048 in
631 3982 789 4066 plurimis.
823 3982 901 4048 Ideo
924 3984 1084 4066 propheta
1138 3986 1256 4049 tivum:
1291 3983 1369 4049 Ideo
1391 3981 1515 4131 dim?
1550 3981 1621 4045 Nou
1642 3982 1788 4057 servium,
1822 3980 1884 4047 hoc
1917 3989 1976 4059 est,
2009 4002 2111 4065 quum

110 4066 163 4132 hic
185 4067 291 4149 palam
316 4069 459 4134 affirmat
480 4089 515 4133 se
537 4090 601 4134 non
623 4090 694 4135 csse
717 4078 862 4135 autorem
889 4068 987 4134 huius
1009 4089 1083 4134 seu·
1137 4068 1271 4134 deberes
1295 4077 1327 4132 ts
1350 4069 1430 4133 mihi
1449 4068 1488 4133 ad
1514 4067 1608 4143 icere,
1632 4068 1685 4149 qui
1706 4086 1796 4131 eram
1814 4065 2001 4149 redemptor
2024 4076 2111 4151 tuae,

112 4155 244 4230 tentiae,
260 4153 315 4217 sed
332 4174 525 4238 praeconem
541 4154 710 4233 duntaxat,
734 4163 767 4220 et
789 4156 874 4221 hanc
889 4155 1083 4220 sententiam
1136 4156 1259 4238 putasti
1282 4164 1409 4238 partam
1429 4174 1499 4218 esse
1518 4152 1576 4217 tibi
1599 4150 1774 4218 licentiam.
1808 4152 1855 4216 Et
1873 4173 1990 4218 causae
2013 4154 2111 4218 etiam

110 4259 180 4303 csse
202 4238 377 4322 proiectam
402 4260 421 4304 a
444 4240 525 4317 Dec,
556 4249 589 4305 et
611 4262 645 4305 ee
668 4241 751 4305 nihil
782 4240 870 4306 aliud
901 4241 988 4323 loqui
1020 4239 1083 4306 nisi
1137 4240 1276 4304 redditio
1298 4240 1419 4322 optime
1441 4238 1602 4316 convenit,
1634 4237 1716 4318 Quia
1741 4257 1838 4317 super
1865 4257 1984 4304 omnem
2010 4238 2114 4304 coum

109 4322 193 4404 quod
217 4323 309 4390 Deus
329 4326 398 4409 ipse
421 4326 573 4391 iniunxit.
1136 4326 1299 4403 excelsum,
1320 4331 1349 4390 et
1368 4325 1477 4390 subtus
1493 4343 1611 4389 aunem
1629 4323 1768 4389 arborem
1787 4322 1970 4405 frondosam
1991 4324 2114 4388 utbaur-

1135 4411 1229 4476 rebas
1245 4413 1398 4476 meretrix.
1429 4408 1585 4476 Ostendit
1600 4409 1699 4491 igitur
1711 4409 1802 4474 Deus
1818 4409 1901 4473 male
1919 4408 2112 4473 collocatum

466 4516 722 4580 pppoprpm,
1137 4495 1236 4562 fuisse
1270 4495 1464 4562 beneficium
1497 4492 1729 4575 redemptionis
1763 4514 1840 4577 erga
1881 4494 2015 4574 impios,
2058 4494 2113 4576 qui

1136 4582 1230 4648 abusi
1252 4588 1330 4648 sunt
1351 4603 1412 4648 sna
1434 4578 1630 4646 conditione.
1676 4579 1761 4643 Nam
1792 4578 1869 4644 hinc
1903 4579 2023 4644 tactum
2053 4588 2111 4662 est,

193 4664 259 4743 Da,
282 4667 474 4746 mnmpoteus
495 4667 595 4747 Deus,
621 4668 744 4749 quaudo
762 4672 807 4733 tot
828 4667 981 4749 benefieiis
1002 4672 1084 4732 aute·
1136 4676 1175 4731 ut
1196 4687 1231 4732 se
1254 4668 1448 4750 proiecerint
1471 4665 1511 4731 ad
1534 4685 1663 4729 omnem
1684 4665 1862 4730 lasciviam.
1909 4661 1947 4730 Si
1969 4665 2020 4730 cui
2045 4685 2112 4728 ma·

107 4753 165 4817 bue
185 4769 243 4816 uos
258 4757 470 4832 prosequutus
492 4773 532 4831 es,
554 4773 593 4818 ea
614 4773 673 4834 quo
694 4753 785 4818 suaet
806 4753 952 4838 dipuatus
973 4773 1006 4817 es
1028 4772 1084 4818 uos
1136 4752 1187 4834 gis
1210 4753 1336 4835 placeat
1359 4752 1489 4819 diversa
1515 4750 1620 4827 lectio,
1649 4771 1709 4834 ego
1738 4769 1803 4813 non
1834 4748 2045 4815 contendam:
2079 4757 2113 4814 et

108 4837 251 4921 amplecti
280 4841 330 4900 tuo
358 4837 476 4918 fauore,
510 4858 549 4901 ae
582 4838 670 4903 obliti
700 4843 802 4903 mutae
834 4844 906 4904 tuae
938 4837 1084 4904 bonitatis
1137 4848 1214 4904 ωηο
1236 4858 1352 4904 sensus
1375 4838 1446 4915 erit,
1473 4837 1547 4920 Ego
1569 4834 1695 4919 pridem
1720 4836 1849 4900 excussi
1871 4836 1984 4919 iugum
2009 4842 2111 4915 tuum,

108 4921 308 5004 abripiomur
323 4926 397 5002 post
420 4921 558 4988 Satanae
579 4923 757 5001 blanditias,
781 4925 972 5008 etfipmeuta
994 4924 1084 4988 uobis
1136 4934 1169 4988 et
1200 4923 1324 5006 disrupi
1348 4923 1479 4990 vincula
1513 4932 1586 4986 tna:
1620 4927 1658 4986 tu
1688 4940 1768 4985 vero
1802 4920 1923 4996 dixisti,
1958 4919 2020 4986 hoc
2052 4932 2111 5000 est,

108 5026 314 5089 accersamus,
338 5027 417 5088 quae
439 5009 563 5074 tandum
584 5009 686 5074 oedeut
706 5010 742 5074 iu
771 5011 901 5075 esitium
929 5014 1082 5086 uestrum,
1136 5009 1217 5073 mihi
1240 5010 1385 5092 pollicita
1408 5030 1443 5073 es
1464 5007 1555 5094 (nam
1579 5005 1618 5071 de
1640 5005 1758 5088 populo
1784 5006 1839 5071 illo
1861 5005 1954 5089 qnasi
1977 5005 2017 5071 de
2038 5026 2112 5070 mu·

108 5094 163 5159 sed
183 5092 280 5175 apat
300 5095 337 5157 iu
358 5098 385 5158 te
401 5099 592 5175 perstemus:
625 5096 725 5160 etsie
746 5093 880 5176 quotidie
907 5100 935 5160 te
965 5097 1082 5159 inuoce-
1136 5093 1215 5158 licre
1237 5094 1390 5177 loquitur,
1419 5103 1454 5159 et
1475 5093 1547 5160 idco
1569 5100 1619 5158 est
1641 5092 1816 5156 femineum
1846 5112 1960 5175 genas,
1990 5099 2023 5157 et
2051 5092 2112 5159 hoc

108 5199 188 5257 mus,
215 5185 242 5244 et
271 5177 412 5244 bibamus
440 5199 478 5243 eu
496 5179 688 5260 plenitudiue
714 5184 785 5245 tuae
811 5180 1020 5259 liberalitatis,
1049 5184 1084 5243 ut

108 5266 224 5332 istaec
267 5265 361 5330 etiam
403 5265 584 5331 studeamus
625 5271 653 5332 te
695 5285 734 5332 eu
768 5266 874 5331 auimo
908 5264 1017 5346 colere,
1055 5269 1084 5331 et
1224 5282 1246 5352 ι)
1266 5281 1311 5339 ste
1328 5281 1389 5339 aaa.
1407 5282 1463 5353 aps
1480 5283 1553 5336 eber.

1853 5365 1904 5420 33·
