<?xml version="1.0" encoding="UTF-8"?>
<!DOCTYPE html PUBLIC "-//W3C//DTD XHTML 1.0 Transitional//EN"
    "http://www.w3.org/TR/xhtml1/DTD/xhtml1-transitional.dtd">
<html xmlns="http://www.w3.org/1999/xhtml" xml:lang="en" lang="en">
 <head>
  <title>
</title>
<meta http-equiv="Content-Type" content="text/html;charset=utf-8" />
  <meta name='ocr-system' content='tesseract 3.04.00' />
  <meta name='ocr-capabilities' content='ocr_page ocr_carea ocr_par ocr_line ocrx_word'/>
</head>
<body>
  <div class='ocr_page' id='page_1' title='image "./corpusreformato04melagoog_0213.png"; bbox 0 0 4784 5970; ppageno 0'>
   <div class='ocr_carea' id='block_1_1' title="bbox 189 337 2176 410">
    <p class='ocr_par' dir='ltr' id='par_1_1' title="bbox 189 337 2176 410">
     <span class='ocr_line' id='line_1_1' title="bbox 189 337 2176 410; baseline -0.003 -1"><span class='ocrx_word' id='word_1_1' title='bbox 189 344 253 410; x_wconf 85' lang='lat'><strong>395</strong></span> <span class='ocrx_word' id='word_1_2' title='bbox 1066 341 1116 407; x_wconf 89' lang='lat' dir='ltr'><strong>IN</strong></span> <span class='ocrx_word' id='word_1_3' title='bbox 1138 340 1304 409; x_wconf 80' lang='lat' dir='ltr'>ISAIAM</span> <span class='ocrx_word' id='word_1_4' title='bbox 2112 337 2176 403; x_wconf 81' lang='lat'><strong>396</strong></span> 
     </span>
    </p>
   </div>
   <div class='ocr_carea' id='block_1_2' title="bbox 189 526 2177 818">
    <p class='ocr_par' dir='ltr' id='par_1_2' title="bbox 189 526 2177 818">
     <span class='ocr_line' id='line_1_2' title="bbox 189 526 2176 625; baseline -0.005 -25"><span class='ocrx_word' id='word_1_5' title='bbox 189 533 295 600; x_wconf 85' lang='lat' dir='ltr'><strong>voluit</strong></span> <span class='ocrx_word' id='word_1_6' title='bbox 316 530 423 611; x_wconf 90' lang='lat' dir='ltr'><strong>Deus,</strong></span> <span class='ocrx_word' id='word_1_7' title='bbox 456 531 627 596; x_wconf 88' lang='lat' dir='ltr'><strong>Idumaeos</strong></span> <span class='ocrx_word' id='word_1_8' title='bbox 660 550 724 595; x_wconf 93' lang='lat' dir='ltr'><strong>non</strong></span> <span class='ocrx_word' id='word_1_9' title='bbox 753 531 887 614; x_wconf 85' lang='lat' dir='ltr'><strong>impune</strong></span> <span class='ocrx_word' id='word_1_10' title='bbox 915 530 1041 595; x_wconf 88' lang='lat' dir='ltr'><strong>laturos</strong></span> <span class='ocrx_word' id='word_1_11' title='bbox 1069 528 1155 612; x_wconf 91' lang='lat' dir='ltr'><strong>quod</strong></span> <span class='ocrx_word' id='word_1_12' title='bbox 1181 542 1184 625; x_wconf 62' lang='lat' dir='ltr'><strong>l</strong></span> <span class='ocrx_word' id='word_1_13' title='bbox 1208 530 1333 612; x_wconf 93' lang='lat' dir='ltr'><strong>impios,</strong></span> <span class='ocrx_word' id='word_1_14' title='bbox 1363 539 1400 597; x_wconf 87' lang='lat' dir='ltr'><strong>ut</strong></span> <span class='ocrx_word' id='word_1_15' title='bbox 1422 529 1554 595; x_wconf 87' lang='lat' dir='ltr'><strong>aliunde</strong></span> <span class='ocrx_word' id='word_1_16' title='bbox 1575 529 1720 596; x_wconf 89' lang='lat' dir='ltr'><strong>subsidia</strong></span> <span class='ocrx_word' id='word_1_17' title='bbox 1741 552 1808 595; x_wconf 92' lang='lat' dir='ltr'><strong>non</strong></span> <span class='ocrx_word' id='word_1_18' title='bbox 1830 538 1983 610; x_wconf 84' lang='lat' dir='ltr'><strong>accersat,</strong></span> <span class='ocrx_word' id='word_1_19' title='bbox 2014 526 2118 610; x_wconf 88' lang='lat' dir='ltr'><strong>idque</strong></span> <span class='ocrx_word' id='word_1_20' title='bbox 2138 546 2176 592; x_wconf 92' lang='lat' dir='ltr'><strong>eo</strong></span> 
     </span>
     <span class='ocr_line' id='line_1_3' title="bbox 190 611 2177 711; baseline -0.004 -26"><span class='ocrx_word' id='word_1_21' title='bbox 190 618 357 685; x_wconf 89' lang='lat' dir='ltr'><strong>ecclesiam</strong></span> <span class='ocrx_word' id='word_1_22' title='bbox 380 617 444 681; x_wconf 92' lang='lat' dir='ltr'><strong>Dei</strong></span> <span class='ocrx_word' id='word_1_23' title='bbox 467 617 655 699; x_wconf 89' lang='lat' dir='ltr'><strong>persequuti</strong></span> <span class='ocrx_word' id='word_1_24' title='bbox 677 625 779 681; x_wconf 90' lang='lat' dir='ltr'><strong>erant.</strong></span> <span class='ocrx_word' id='word_1_25' title='bbox 1181 630 1184 711; x_wconf 61' lang='lat' dir='ltr'><strong>q</strong></span> <span class='ocrx_word' id='word_1_26' title='bbox 1207 614 1342 680; x_wconf 89' lang='lat' dir='ltr'><strong>oonsilio</strong></span> <span class='ocrx_word' id='word_1_27' title='bbox 1364 638 1405 681; x_wconf 91' lang='lat' dir='ltr'><strong>ne</strong></span> <span class='ocrx_word' id='word_1_28' title='bbox 1422 615 1561 681; x_wconf 87' lang='lat' dir='ltr'><strong>Iudaeos</strong></span> <span class='ocrx_word' id='word_1_29' title='bbox 1582 636 1602 680; x_wconf 91' lang='lat' dir='ltr'><strong>a</strong></span> <span class='ocrx_word' id='word_1_30' title='bbox 1624 615 1705 682; x_wconf 89' lang='lat' dir='ltr'><strong>bene</strong></span> <span class='ocrx_word' id='word_1_31' title='bbox 1727 614 1888 699; x_wconf 90' lang='lat' dir='ltr'><strong>sperando</strong></span> <span class='ocrx_word' id='word_1_32' title='bbox 1910 615 2098 682; x_wconf 84' lang='lat' dir='ltr'><strong>deterreant</strong></span> <span class='ocrx_word' id='word_1_33' title='bbox 2121 611 2177 678; x_wconf 85' lang='lat' dir='ltr'><strong>ad·</strong></span> 
     </span>
     <span class='ocr_line' id='line_1_4' title="bbox 275 698 2176 818; baseline -0.003 -51"><span class='ocrx_word' id='word_1_34' title='bbox 275 704 306 767; x_wconf 88' lang='grc'><strong>4.</strong></span> <span class='ocrx_word' id='word_1_35' title='bbox 339 700 437 786; x_wconf 78' lang='lat' dir='ltr'><strong>(Quia</strong></span> <span class='ocrx_word' id='word_1_36' title='bbox 457 703 525 768; x_wconf 79' lang='lat' dir='ltr'><strong>dies</strong></span> <span class='ocrx_word' id='word_1_37' title='bbox 544 701 696 788; x_wconf 59' lang='lat' dir='ltr'><strong>ultimae.)</strong></span> <span class='ocrx_word' id='word_1_38' title='bbox 741 702 857 766; x_wconf 77' lang='lat' dir='ltr'><strong>Priore</strong></span> <span class='ocrx_word' id='word_1_39' title='bbox 885 700 1030 766; x_wconf 91' lang='lat' dir='ltr'><strong>membro</strong></span> <span class='ocrx_word' id='word_1_40' title='bbox 1057 701 1156 767; x_wconf 91' lang='lat' dir='ltr'><strong>huius</strong></span> <span class='ocrx_word' id='word_1_41' title='bbox 1181 716 1184 818; x_wconf 63' lang='lat' dir='ltr'>i</span> <span class='ocrx_word' id='word_1_42' title='bbox 1206 721 1322 764; x_wconf 84' lang='lat' dir='ltr'><strong>versae</strong></span> <span class='ocrx_word' id='word_1_43' title='bbox 1345 704 1440 768; x_wconf 89' lang='lat' dir='ltr'><strong>vires.</strong></span> <span class='ocrx_word' id='word_1_44' title='bbox 1478 703 1640 767; x_wconf 78' lang='lat' dir='ltr'><strong>inebriare</strong></span> <span class='ocrx_word' id='word_1_45' title='bbox 1662 701 1715 767; x_wconf 89' lang='lat' dir='ltr'><strong>bie</strong></span> <span class='ocrx_word' id='word_1_46' title='bbox 1737 701 1801 767; x_wconf 90' lang='lat' dir='ltr'><strong>alio</strong></span> <span class='ocrx_word' id='word_1_47' title='bbox 1822 722 1921 767; x_wconf 89' lang='lat' dir='ltr'><strong>sensu</strong></span> <span class='ocrx_word' id='word_1_48' title='bbox 1943 701 2047 783; x_wconf 82' lang='lat' dir='ltr'><strong>accipi</strong></span> <span class='ocrx_word' id='word_1_49' title='bbox 2069 698 2176 777; x_wconf 88' lang='lat' dir='ltr'><strong>debet,</strong></span> 
     </span>
    </p>
   </div>
   <div class='ocr_carea' id='block_1_3' title="bbox 189 785 2219 5058">
    <p class='ocr_par' dir='ltr' id='par_1_3' title="bbox 189 785 2219 5058">
     <span class='ocr_line' id='line_1_5' title="bbox 190 785 2175 871; baseline -0.003 -17"><span class='ocrx_word' id='word_1_50' title='bbox 190 788 343 854; x_wconf 84' lang='lat' dir='ltr'><strong>versiculi</strong></span> <span class='ocrx_word' id='word_1_51' title='bbox 364 788 528 871; x_wconf 83' lang='lat' dir='ltr'><strong>signifieat</strong></span> <span class='ocrx_word' id='word_1_52' title='bbox 546 788 650 852; x_wconf 91' lang='lat' dir='ltr'><strong>Deum</strong></span> <span class='ocrx_word' id='word_1_53' title='bbox 674 790 709 850; x_wconf 93' lang='lat' dir='ltr'><strong>in</strong></span> <span class='ocrx_word' id='word_1_54' title='bbox 728 787 834 852; x_wconf 87' lang='lat' dir='ltr'><strong>olfioio</strong></span> <span class='ocrx_word' id='word_1_55' title='bbox 856 807 914 851; x_wconf 92' lang='lat' dir='ltr'><strong>suo</strong></span> <span class='ocrx_word' id='word_1_56' title='bbox 937 807 999 851; x_wconf 91' lang='lat' dir='ltr'><strong>non</strong></span> <span class='ocrx_word' id='word_1_57' title='bbox 1021 808 1156 865; x_wconf 88' lang='lat' dir='ltr'><strong>cessare,</strong></span> <span class='ocrx_word' id='word_1_58' title='bbox 1207 807 1306 868; x_wconf 91' lang='lat' dir='ltr'><strong>quam</strong></span> <span class='ocrx_word' id='word_1_59' title='bbox 1337 789 1428 870; x_wconf 93' lang='lat' dir='ltr'><strong>prius</strong></span> <span class='ocrx_word' id='word_1_60' title='bbox 1450 788 1572 870; x_wconf 81' lang='lat' dir='ltr'><strong>aliquot</strong></span> <span class='ocrx_word' id='word_1_61' title='bbox 1600 787 1687 851; x_wconf 89' lang='lat' dir='ltr'><strong>locis.</strong></span> <span class='ocrx_word' id='word_1_62' title='bbox 1731 786 1900 852; x_wconf 78' lang='lat' dir='ltr'><strong>Interdum</strong></span> <span class='ocrx_word' id='word_1_63' title='bbox 1929 785 2086 851; x_wconf 87' lang='lat' dir='ltr'><strong>inebriari</strong></span> <span class='ocrx_word' id='word_1_64' title='bbox 2117 805 2175 850; x_wconf 90' lang='lat' dir='ltr'><strong>nos</strong></span> 
     </span>
     <span class='ocr_line' id='line_1_6' title="bbox 189 870 2176 956; baseline -0.003 -17"><span class='ocrx_word' id='word_1_65' title='bbox 189 874 319 939; x_wconf 88' lang='lat' dir='ltr'><strong>tametsi</strong></span> <span class='ocrx_word' id='word_1_66' title='bbox 350 875 498 956; x_wconf 91' lang='lat' dir='ltr'><strong>protinus</strong></span> <span class='ocrx_word' id='word_1_67' title='bbox 519 871 639 939; x_wconf 89' lang='lat' dir='ltr'><strong>iudicia</strong></span> <span class='ocrx_word' id='word_1_68' title='bbox 661 894 720 937; x_wconf 89' lang='lat' dir='ltr'><strong>sua</strong></span> <span class='ocrx_word' id='word_1_69' title='bbox 743 893 807 936; x_wconf 91' lang='lat' dir='ltr'><strong>non</strong></span> <span class='ocrx_word' id='word_1_70' title='bbox 832 882 1045 954; x_wconf 88' lang='lat' dir='ltr'><strong>exsequatur:</strong></span> <span class='ocrx_word' id='word_1_71' title='bbox 1078 874 1156 954; x_wconf 93' lang='lat' dir='ltr'><strong>quin</strong></span> <span class='ocrx_word' id='word_1_72' title='bbox 1209 871 1360 951; x_wconf 88' lang='lat' dir='ltr'><strong>vidimus,</strong></span> <span class='ocrx_word' id='word_1_73' title='bbox 1390 895 1488 956; x_wconf 92' lang='lat' dir='ltr'><strong>quum</strong></span> <span class='ocrx_word' id='word_1_74' title='bbox 1512 873 1602 937; x_wconf 91' lang='lat' dir='ltr'><strong>Deus</strong></span> <span class='ocrx_word' id='word_1_75' title='bbox 1625 874 1733 938; x_wconf 85' lang='lat' dir='ltr'><strong>furore</strong></span> <span class='ocrx_word' id='word_1_76' title='bbox 1755 884 1811 937; x_wconf 90' lang='lat' dir='ltr'><strong>aut</strong></span> <span class='ocrx_word' id='word_1_77' title='bbox 1833 872 1996 937; x_wconf 90' lang='lat' dir='ltr'><strong>dementia</strong></span> <span class='ocrx_word' id='word_1_78' title='bbox 2025 870 2176 954; x_wconf 85' lang='lat' dir='ltr'><strong>percellit</strong></span> 
     </span>
     <span class='ocr_line' id='line_1_7' title="bbox 189 955 2176 1043; baseline -0.002 -20"><span class='ocrx_word' id='word_1_79' title='bbox 189 962 297 1043; x_wconf 89' lang='lat' dir='ltr'><strong>potius</strong></span> <span class='ocrx_word' id='word_1_80' title='bbox 325 958 456 1024; x_wconf 87' lang='lat' dir='ltr'><strong>differre</strong></span> <span class='ocrx_word' id='word_1_81' title='bbox 485 960 519 1023; x_wconf 90' lang='lat' dir='ltr'><strong>in</strong></span> <span class='ocrx_word' id='word_1_82' title='bbox 541 970 670 1040; x_wconf 89' lang='lat' dir='ltr'><strong>tempus</strong></span> <span class='ocrx_word' id='word_1_83' title='bbox 700 966 937 1040; x_wconf 89' lang='lat' dir='ltr'><strong>opportunum,</strong></span> <span class='ocrx_word' id='word_1_84' title='bbox 971 957 1059 1039; x_wconf 90' lang='lat' dir='ltr'><strong>quod</strong></span> <span class='ocrx_word' id='word_1_85' title='bbox 1088 960 1157 1040; x_wconf 92' lang='lat' dir='ltr'><strong>ipse</strong></span> <span class='ocrx_word' id='word_1_86' title='bbox 1209 969 1264 1021; x_wconf 89' lang='lat' dir='ltr'><strong>aut</strong></span> <span class='ocrx_word' id='word_1_87' title='bbox 1296 959 1414 1038; x_wconf 91' lang='lat' dir='ltr'><strong>spiritu</strong></span> <span class='ocrx_word' id='word_1_88' title='bbox 1446 958 1634 1041; x_wconf 76' lang='lat' dir='ltr'><strong>vertiginis,</strong></span> <span class='ocrx_word' id='word_1_89' title='bbox 1672 959 1725 1023; x_wconf 82' lang='lat' dir='ltr'><strong>vel</strong></span> <span class='ocrx_word' id='word_1_90' title='bbox 1762 959 1899 1042; x_wconf 90' lang='lat' dir='ltr'><strong>deniqne</strong></span> <span class='ocrx_word' id='word_1_91' title='bbox 1934 961 1969 1022; x_wconf 90' lang='lat' dir='ltr'><strong>in</strong></span> <span class='ocrx_word' id='word_1_92' title='bbox 2000 955 2176 1040; x_wconf 78' lang='lat' dir='ltr'><strong>reprobam</strong></span> 
     </span>
     <span class='ocr_line' id='line_1_8' title="bbox 189 1041 2177 1137; baseline -0.002 -28"><span class='ocrx_word' id='word_1_93' title='bbox 189 1046 307 1110; x_wconf 90' lang='lat' dir='ltr'><strong>melius</strong></span> <span class='ocrx_word' id='word_1_94' title='bbox 339 1047 440 1110; x_wconf 87' lang='lat' dir='ltr'><strong>novit.</strong></span> <span class='ocrx_word' id='word_1_95' title='bbox 491 1045 604 1126; x_wconf 88' lang='lat' dir='ltr'><strong>Neque</strong></span> <span class='ocrx_word' id='word_1_96' title='bbox 637 1065 714 1108; x_wconf 85' lang='lat' dir='ltr'><strong>vero</strong></span> <span class='ocrx_word' id='word_1_97' title='bbox 748 1054 897 1108; x_wconf 92' lang='lat' dir='ltr'><strong>nostrum</strong></span> <span class='ocrx_word' id='word_1_98' title='bbox 927 1055 977 1108; x_wconf 92' lang='lat' dir='ltr'><strong>est</strong></span> <span class='ocrx_word' id='word_1_99' title='bbox 1006 1043 1035 1107; x_wconf 90' lang='lat' dir='ltr'><strong>ei</strong></span> <span class='ocrx_word' id='word_1_100' title='bbox 1064 1063 1157 1127; x_wconf 90' lang='lat' dir='ltr'><strong>prae·</strong></span> <span class='ocrx_word' id='word_1_101' title='bbox 1181 1060 1185 1137; x_wconf 65' lang='lat' dir='ltr'><strong>&#39;q</strong></span> <span class='ocrx_word' id='word_1_102' title='bbox 1209 1056 1351 1108; x_wconf 87' lang='lat' dir='ltr'><strong>mentem</strong></span> <span class='ocrx_word' id='word_1_103' title='bbox 1375 1065 1433 1111; x_wconf 90' lang='lat' dir='ltr'><strong>nos</strong></span> <span class='ocrx_word' id='word_1_104' title='bbox 1454 1045 1593 1110; x_wconf 89' lang='lat' dir='ltr'><strong>coniicit</strong></span> <span class='ocrx_word' id='word_1_105' title='bbox 1635 1041 1701 1110; x_wconf 85' lang='lat' dir='ltr'><strong>Sed</strong></span> <span class='ocrx_word' id='word_1_106' title='bbox 1723 1043 1778 1108; x_wconf 87' lang='lat' dir='ltr'><strong>hio</strong></span> <span class='ocrx_word' id='word_1_107' title='bbox 1800 1044 1880 1108; x_wconf 91' lang='lat' dir='ltr'><strong>nihil</strong></span> <span class='ocrx_word' id='word_1_108' title='bbox 1904 1041 1990 1108; x_wconf 91' lang='lat' dir='ltr'><strong>aliud</strong></span> <span class='ocrx_word' id='word_1_109' title='bbox 2013 1042 2177 1125; x_wconf 76' lang='lat' dir='ltr'><strong>signifieat</strong></span> 
     </span>
     <span class='ocr_line' id='line_1_9' title="bbox 191 1127 2177 1213; baseline -0.003 -16"><span class='ocrx_word' id='word_1_110' title='bbox 191 1132 332 1197; x_wconf 90' lang='lat' dir='ltr'><strong>scribere</strong></span> <span class='ocrx_word' id='word_1_111' title='bbox 365 1132 493 1213; x_wconf 93' lang='lat' dir='ltr'><strong>quando</strong></span> <span class='ocrx_word' id='word_1_112' title='bbox 523 1146 579 1195; x_wconf 92' lang='lat' dir='ltr'><strong>aut</strong></span> <span class='ocrx_word' id='word_1_113' title='bbox 608 1130 768 1212; x_wconf 92' lang='lat' dir='ltr'><strong>quomodo</strong></span> <span class='ocrx_word' id='word_1_114' title='bbox 799 1129 860 1194; x_wconf 92' lang='lat' dir='ltr'><strong>hoo</strong></span> <span class='ocrx_word' id='word_1_115' title='bbox 883 1129 934 1193; x_wconf 88' lang='lat' dir='ltr'><strong>vel</strong></span> <span class='ocrx_word' id='word_1_116' title='bbox 956 1127 1037 1193; x_wconf 94' lang='lat' dir='ltr'><strong>illud</strong></span> <span class='ocrx_word' id='word_1_117' title='bbox 1061 1150 1158 1212; x_wconf 86' lang='lat' dir='ltr'><strong>agere</strong></span> <span class='ocrx_word' id='word_1_118' title='bbox 1181 1150 1185 1185; x_wconf 74' lang='lat' dir='ltr'><strong>l</strong></span> <span class='ocrx_word' id='word_1_119' title='bbox 1209 1151 1306 1213; x_wconf 91' lang='lat' dir='ltr'><strong>quam</strong></span> <span class='ocrx_word' id='word_1_120' title='bbox 1331 1131 1465 1213; x_wconf 92' lang='lat' dir='ltr'><strong>replere,</strong></span> <span class='ocrx_word' id='word_1_121' title='bbox 1487 1143 1520 1195; x_wconf 90' lang='lat' dir='ltr'><strong>et</strong></span> <span class='ocrx_word' id='word_1_122' title='bbox 1538 1130 1578 1194; x_wconf 90' lang='lat' dir='ltr'><strong>ad</strong></span> <span class='ocrx_word' id='word_1_123' title='bbox 1602 1131 1785 1194; x_wconf 88' lang='lat' dir='ltr'><strong>satietatem</strong></span> <span class='ocrx_word' id='word_1_124' title='bbox 1807 1150 1907 1212; x_wconf 90' lang='lat' dir='ltr'><strong>usque</strong></span> <span class='ocrx_word' id='word_1_125' title='bbox 1928 1138 2118 1211; x_wconf 90' lang='lat' dir='ltr'><strong>percutere:</strong></span> <span class='ocrx_word' id='word_1_126' title='bbox 2141 1138 2177 1191; x_wconf 87' lang='lat' dir='ltr'><strong>ut</strong></span> 
     </span>
     <span class='ocr_line' id='line_1_10' title="bbox 191 1213 2177 1298; baseline -0.002 -17"><span class='ocrx_word' id='word_1_127' title='bbox 191 1216 323 1282; x_wconf 92' lang='lat' dir='ltr'><strong>debeat:</strong></span> <span class='ocrx_word' id='word_1_128' title='bbox 348 1214 404 1279; x_wconf 90' lang='lat' dir='ltr'><strong>sed</strong></span> <span class='ocrx_word' id='word_1_129' title='bbox 426 1237 544 1281; x_wconf 86' lang='lat' dir='ltr'><strong>arcano</strong></span> <span class='ocrx_word' id='word_1_130' title='bbox 566 1217 637 1280; x_wconf 88' lang='lat' dir='ltr'><strong>cius</strong></span> <span class='ocrx_word' id='word_1_131' title='bbox 660 1216 792 1280; x_wconf 89' lang='lat' dir='ltr'><strong>oonsilio</strong></span> <span class='ocrx_word' id='word_1_132' title='bbox 815 1214 1026 1280; x_wconf 83' lang='lat' dir='ltr'><strong>deferendum</strong></span> <span class='ocrx_word' id='word_1_133' title='bbox 1049 1230 1099 1279; x_wconf 89' lang='lat' dir='ltr'><strong>est</strong></span> <span class='ocrx_word' id='word_1_134' title='bbox 1122 1229 1158 1278; x_wconf 90' lang='lat' dir='ltr'><strong>ut</strong></span> <span class='ocrx_word' id='word_1_135' title='bbox 1210 1215 1308 1298; x_wconf 84' lang='lat' dir='ltr'><strong>vulgo</strong></span> <span class='ocrx_word' id='word_1_136' title='bbox 1331 1215 1468 1280; x_wconf 89' lang='lat' dir='ltr'><strong>dicimus</strong></span> <span class='ocrx_word' id='word_1_137' title='bbox 1489 1221 1552 1281; x_wconf 81' lang='lat' dir='ltr'><strong>teat</strong></span> <span class='ocrx_word' id='word_1_138' title='bbox 1572 1216 1640 1280; x_wconf 83' lang='lat' dir='ltr'><strong>leur</strong></span> <span class='ocrx_word' id='word_1_139' title='bbox 1657 1215 1761 1281; x_wconf 80' lang='lat' dir='ltr'><strong>sacal:</strong></span> <span class='ocrx_word' id='word_1_140' title='bbox 1782 1234 1846 1298; x_wconf 90' lang='lat' dir='ltr'><strong>qua</strong></span> <span class='ocrx_word' id='word_1_141' title='bbox 1863 1216 1961 1279; x_wconf 87' lang='lat' dir='ltr'><strong>etiam</strong></span> <span class='ocrx_word' id='word_1_142' title='bbox 1984 1213 2177 1295; x_wconf 71' lang='lat' dir='ltr'><strong>metaphora</strong></span> 
     </span>
     <span class='ocr_line' id='line_1_11' title="bbox 191 1299 1738 1385; baseline -0.003 -16"><span class='ocrx_word' id='word_1_143' title='bbox 191 1304 301 1369; x_wconf 89' lang='lat' dir='ltr'><strong>omnia</strong></span> <span class='ocrx_word' id='word_1_144' title='bbox 323 1322 380 1383; x_wconf 92' lang='lat' dir='ltr'><strong>pro</strong></span> <span class='ocrx_word' id='word_1_145' title='bbox 402 1303 560 1367; x_wconf 89' lang='lat' dir='ltr'><strong>arbitratu</strong></span> <span class='ocrx_word' id='word_1_146' title='bbox 581 1323 639 1365; x_wconf 91' lang='lat' dir='ltr'><strong>suo</strong></span> <span class='ocrx_word' id='word_1_147' title='bbox 657 1300 871 1365; x_wconf 81' lang='lat' dir='ltr'><strong>administret.</strong></span> <span class='ocrx_word' id='word_1_148' title='bbox 904 1299 954 1365; x_wconf 89' lang='lat' dir='ltr'><strong>Ne</strong></span> <span class='ocrx_word' id='word_1_149' title='bbox 972 1321 1057 1383; x_wconf 80' lang='lat' dir='ltr'><strong>ergo,</strong></span> <span class='ocrx_word' id='word_1_150' title='bbox 1081 1300 1157 1364; x_wconf 91' lang='lat' dir='ltr'><strong>dum</strong></span> <span class='ocrx_word' id='word_1_151' title='bbox 1210 1324 1272 1366; x_wconf 93' lang='lat' dir='ltr'><strong>non</strong></span> <span class='ocrx_word' id='word_1_152' title='bbox 1296 1322 1370 1365; x_wconf 88' lang='lat' dir='ltr'><strong>raro</strong></span> <span class='ocrx_word' id='word_1_153' title='bbox 1392 1312 1529 1366; x_wconf 90' lang='lat' dir='ltr'><strong>utuntur</strong></span> <span class='ocrx_word' id='word_1_154' title='bbox 1551 1302 1738 1385; x_wconf 89' lang='lat' dir='ltr'><strong>prophetae.</strong></span> 
     </span>
     <span class='ocr_line' id='line_1_12' title="bbox 191 1385 2177 1472; baseline -0.004 -18"><span class='ocrx_word' id='word_1_155' title='bbox 191 1398 372 1462; x_wconf 87' lang='lat' dir='ltr'><strong>cunctatur,</strong></span> <span class='ocrx_word' id='word_1_156' title='bbox 400 1388 526 1451; x_wconf 89' lang='lat' dir='ltr'><strong>interea</strong></span> <span class='ocrx_word' id='word_1_157' title='bbox 547 1388 655 1469; x_wconf 90' lang='lat' dir='ltr'><strong>ipsum</strong></span> <span class='ocrx_word' id='word_1_158' title='bbox 679 1387 819 1451; x_wconf 89' lang='lat' dir='ltr'><strong>dormire</strong></span> <span class='ocrx_word' id='word_1_159' title='bbox 841 1394 899 1451; x_wconf 86' lang='lat' dir='ltr'><strong>aut</strong></span> <span class='ocrx_word' id='word_1_160' title='bbox 919 1386 1023 1450; x_wconf 87' lang='lat' dir='ltr'><strong>iacere</strong></span> <span class='ocrx_word' id='word_1_161' title='bbox 1046 1388 1157 1451; x_wconf 88' lang='lat' dir='ltr'><strong>existi·</strong></span> <span class='ocrx_word' id='word_1_162' title='bbox 1296 1385 1514 1472; x_wconf 83' lang='lat' dir='ltr'><strong>(Prosternem</strong></span> <span class='ocrx_word' id='word_1_163' title='bbox 1533 1386 1774 1471; x_wconf 57' lang='lat' dir='ltr'><strong>fertitfflincmh</strong></span> <span class='ocrx_word' id='word_1_164' title='bbox 1797 1385 1829 1449; x_wconf 92' lang='lat' dir='ltr'><strong>id</strong></span> <span class='ocrx_word' id='word_1_165' title='bbox 1852 1396 1910 1464; x_wconf 88' lang='lat' dir='ltr'><strong>est,</strong></span> <span class='ocrx_word' id='word_1_166' title='bbox 1933 1385 2064 1449; x_wconf 85' lang='lat' dir='ltr'><strong>tametsi</strong></span> <span class='ocrx_word' id='word_1_167' title='bbox 2085 1385 2177 1448; x_wconf 90' lang='lat' dir='ltr'><strong>inex·</strong></span> 
     </span>
     <span class='ocr_line' id='line_1_13' title="bbox 191 1468 2178 1556; baseline -0.002 -19"><span class='ocrx_word' id='word_1_168' title='bbox 191 1494 327 1538; x_wconf 92' lang='lat' dir='ltr'><strong>memus.</strong></span> <span class='ocrx_word' id='word_1_169' title='bbox 360 1472 544 1536; x_wconf 91' lang='lat' dir='ltr'><strong>Posteriore</strong></span> <span class='ocrx_word' id='word_1_170' title='bbox 567 1472 712 1536; x_wconf 92' lang='lat' dir='ltr'><strong>membro</strong></span> <span class='ocrx_word' id='word_1_171' title='bbox 735 1471 816 1539; x_wconf 88' lang='lat' dir='ltr'><strong>baec</strong></span> <span class='ocrx_word' id='word_1_172' title='bbox 838 1472 948 1535; x_wconf 88' lang='lat' dir='ltr'><strong>omnia</strong></span> <span class='ocrx_word' id='word_1_173' title='bbox 965 1472 999 1534; x_wconf 91' lang='lat' dir='ltr'><strong>in</strong></span> <span class='ocrx_word' id='word_1_174' title='bbox 1019 1474 1156 1555; x_wconf 83' lang='lat' dir='ltr'><strong>gratiam</strong></span> <span class='ocrx_word' id='word_1_175' title='bbox 1210 1472 1400 1555; x_wconf 88' lang='lat' dir='ltr'><strong>pugnabiles</strong></span> <span class='ocrx_word' id='word_1_176' title='bbox 1424 1494 1458 1537; x_wconf 93' lang='lat' dir='ltr'><strong>se</strong></span> <span class='ocrx_word' id='word_1_177' title='bbox 1481 1494 1551 1537; x_wconf 89' lang='lat' dir='ltr'><strong>esse</strong></span> <span class='ocrx_word' id='word_1_178' title='bbox 1573 1484 1697 1556; x_wconf 91' lang='lat' dir='ltr'><strong>putent,</strong></span> <span class='ocrx_word' id='word_1_179' title='bbox 1724 1484 1834 1536; x_wconf 70' lang='lat' dir='ltr'><strong>tamar</strong></span> <span class='ocrx_word' id='word_1_180' title='bbox 1856 1471 1944 1553; x_wconf 90' lang='lat' dir='ltr'><strong>ipsos</strong></span> <span class='ocrx_word' id='word_1_181' title='bbox 1966 1468 2118 1535; x_wconf 86' lang='lat' dir='ltr'><strong>deiiciam</strong></span> <span class='ocrx_word' id='word_1_182' title='bbox 2141 1488 2178 1533; x_wconf 88' lang='lat' dir='ltr'><strong>ae</strong></span> 
     </span>
     <span class='ocr_line' id='line_1_14' title="bbox 191 1556 2177 1642; baseline -0.002 -19"><span class='ocrx_word' id='word_1_183' title='bbox 191 1561 321 1642; x_wconf 90' lang='lat' dir='ltr'><strong>piorum</strong></span> <span class='ocrx_word' id='word_1_184' title='bbox 344 1557 416 1621; x_wconf 92' lang='lat' dir='ltr'><strong>fieri</strong></span> <span class='ocrx_word' id='word_1_185' title='bbox 439 1557 648 1632; x_wconf 85' lang='lat' dir='ltr'><strong>demonstrat,</strong></span> <span class='ocrx_word' id='word_1_186' title='bbox 678 1579 776 1640; x_wconf 92' lang='lat' dir='ltr'><strong>quum</strong></span> <span class='ocrx_word' id='word_1_187' title='bbox 800 1559 846 1621; x_wconf 89' lang='lat' dir='ltr'><strong>ait</strong></span> <span class='ocrx_word' id='word_1_188' title='bbox 867 1577 971 1622; x_wconf 78' lang='lat' dir='ltr'><strong>conus</strong></span> <span class='ocrx_word' id='word_1_189' title='bbox 993 1558 1157 1640; x_wconf 75' lang='lat' dir='ltr'><strong>redempto</strong></span> <span class='ocrx_word' id='word_1_190' title='bbox 1209 1557 1330 1622; x_wconf 87' lang='lat' dir='ltr'><strong>delebo.</strong></span> <span class='ocrx_word' id='word_1_191' title='bbox 1376 1556 1513 1622; x_wconf 88' lang='lat' dir='ltr'><strong>Summa</strong></span> <span class='ocrx_word' id='word_1_192' title='bbox 1535 1576 1593 1636; x_wconf 87' lang='lat' dir='ltr'><strong>est,</strong></span> <span class='ocrx_word' id='word_1_193' title='bbox 1621 1556 1760 1622; x_wconf 88' lang='lat' dir='ltr'><strong>Iudaeos</strong></span> <span class='ocrx_word' id='word_1_194' title='bbox 1782 1577 1883 1640; x_wconf 93' lang='lat' dir='ltr'><strong>quum</strong></span> <span class='ocrx_word' id='word_1_195' title='bbox 1905 1557 2105 1639; x_wconf 78' lang='lat' dir='ltr'><strong>affliguntur</strong></span> <span class='ocrx_word' id='word_1_196' title='bbox 2127 1575 2177 1620; x_wconf 84' lang='lat' dir='ltr'><strong>sa·</strong></span> 
     </span>
     <span class='ocr_line' id='line_1_15' title="bbox 191 1639 2219 1726; baseline -0.004 -18"><span class='ocrx_word' id='word_1_197' title='bbox 191 1666 273 1708; x_wconf 82' lang='lat' dir='ltr'><strong>ram.</strong></span> <span class='ocrx_word' id='word_1_198' title='bbox 317 1643 414 1706; x_wconf 90' lang='lat' dir='ltr'><strong>Diem</strong></span> <span class='ocrx_word' id='word_1_199' title='bbox 435 1655 467 1707; x_wconf 93' lang='lat' dir='ltr'><strong>et</strong></span> <span class='ocrx_word' id='word_1_200' title='bbox 489 1665 611 1708; x_wconf 90' lang='lat' dir='ltr'><strong>annum</strong></span> <span class='ocrx_word' id='word_1_201' title='bbox 640 1644 693 1708; x_wconf 93' lang='lat' dir='ltr'><strong>hio</strong></span> <span class='ocrx_word' id='word_1_202' title='bbox 717 1665 775 1725; x_wconf 91' lang='lat' dir='ltr'><strong>pro</strong></span> <span class='ocrx_word' id='word_1_203' title='bbox 797 1643 910 1707; x_wconf 91' lang='lat' dir='ltr'><strong>eodem</strong></span> <span class='ocrx_word' id='word_1_204' title='bbox 932 1643 1065 1726; x_wconf 86' lang='lat' dir='ltr'><strong>accipit:</strong></span> <span class='ocrx_word' id='word_1_205' title='bbox 1100 1645 1156 1709; x_wconf 86' lang='lat' dir='ltr'><strong>sed</strong></span> <span class='ocrx_word' id='word_1_206' title='bbox 1209 1644 1270 1707; x_wconf 93' lang='lat' dir='ltr'><strong>luti</strong></span> <span class='ocrx_word' id='word_1_207' title='bbox 1303 1664 1380 1707; x_wconf 89' lang='lat' dir='ltr'><strong>suae</strong></span> <span class='ocrx_word' id='word_1_208' title='bbox 1413 1643 1558 1708; x_wconf 87' lang='lat' dir='ltr'><strong>diffidere</strong></span> <span class='ocrx_word' id='word_1_209' title='bbox 1591 1664 1655 1706; x_wconf 92' lang='lat' dir='ltr'><strong>non</strong></span> <span class='ocrx_word' id='word_1_210' title='bbox 1690 1643 1822 1721; x_wconf 91' lang='lat' dir='ltr'><strong>debere,</strong></span> <span class='ocrx_word' id='word_1_211' title='bbox 1854 1643 1950 1724; x_wconf 89' lang='lat' dir='ltr'><strong>quasi</strong></span> <span class='ocrx_word' id='word_1_212' title='bbox 1981 1639 2055 1705; x_wconf 92' lang='lat' dir='ltr'><strong>Deo</strong></span> <span class='ocrx_word' id='word_1_213' title='bbox 2087 1642 2178 1705; x_wconf 89' lang='lat' dir='ltr'><strong>exosi</strong></span> <span class='ocrx_word' id='word_1_214' title='bbox 2213 1686 2219 1699; x_wconf 90' lang='lat'><strong>.</strong></span> 
     </span>
     <span class='ocr_line' id='line_1_16' title="bbox 192 1727 2178 1812; baseline -0.004 -18"><span class='ocrx_word' id='word_1_215' title='bbox 192 1751 251 1812; x_wconf 91' lang='lat' dir='ltr'><strong>per</strong></span> <span class='ocrx_word' id='word_1_216' title='bbox 274 1749 384 1793; x_wconf 91' lang='lat' dir='ltr'><strong>vocem</strong></span> <span class='ocrx_word' id='word_1_217' title='bbox 406 1729 484 1791; x_wconf 90' lang='lat' dir='ltr'><strong>anni</strong></span> <span class='ocrx_word' id='word_1_218' title='bbox 507 1740 638 1792; x_wconf 86' lang='lat' dir='ltr'><strong>notetur</strong></span> <span class='ocrx_word' id='word_1_219' title='bbox 661 1728 766 1793; x_wconf 91' lang='lat' dir='ltr'><strong>exsilii</strong></span> <span class='ocrx_word' id='word_1_220' title='bbox 796 1729 1008 1805; x_wconf 79' lang='lat' dir='ltr'><strong>diuturnitas,</strong></span> <span class='ocrx_word' id='word_1_221' title='bbox 1038 1749 1080 1792; x_wconf 94' lang='lat' dir='ltr'><strong>ne</strong></span> <span class='ocrx_word' id='word_1_222' title='bbox 1102 1728 1157 1793; x_wconf 93' lang='lat' dir='ltr'><strong>de·</strong></span> <span class='ocrx_word' id='word_1_223' title='bbox 1209 1738 1333 1795; x_wconf 91' lang='lat' dir='ltr'><strong>essent:</strong></span> <span class='ocrx_word' id='word_1_224' title='bbox 1366 1750 1424 1793; x_wconf 91' lang='lat' dir='ltr'><strong>nec</strong></span> <span class='ocrx_word' id='word_1_225' title='bbox 1446 1728 1672 1810; x_wconf 78' lang='lat' dir='ltr'><strong>obstupescere</strong></span> <span class='ocrx_word' id='word_1_226' title='bbox 1698 1729 1733 1791; x_wconf 93' lang='lat' dir='ltr'><strong>in</strong></span> <span class='ocrx_word' id='word_1_227' title='bbox 1756 1730 1868 1810; x_wconf 90' lang='lat' dir='ltr'><strong>poenis</strong></span> <span class='ocrx_word' id='word_1_228' title='bbox 1897 1747 1977 1810; x_wconf 89' lang='lat' dir='ltr'><strong>quas</strong></span> <span class='ocrx_word' id='word_1_229' title='bbox 2001 1727 2178 1802; x_wconf 88' lang='lat' dir='ltr'><strong>sustinent,</strong></span> 
     </span>
     <span class='ocr_line' id='line_1_17' title="bbox 192 1812 2177 1897; baseline -0.002 -17"><span class='ocrx_word' id='word_1_230' title='bbox 192 1825 324 1897; x_wconf 88' lang='lat' dir='ltr'><strong>sperent</strong></span> <span class='ocrx_word' id='word_1_231' title='bbox 345 1812 460 1878; x_wconf 90' lang='lat' dir='ltr'><strong>Iudaei</strong></span> <span class='ocrx_word' id='word_1_232' title='bbox 483 1825 539 1878; x_wconf 92' lang='lat' dir='ltr'><strong>aut</strong></span> <span class='ocrx_word' id='word_1_233' title='bbox 561 1814 666 1878; x_wconf 90' lang='lat' dir='ltr'><strong>taedio</strong></span> <span class='ocrx_word' id='word_1_234' title='bbox 689 1814 854 1890; x_wconf 87' lang='lat' dir='ltr'><strong>deficiant,</strong></span> <span class='ocrx_word' id='word_1_235' title='bbox 884 1813 911 1877; x_wconf 92' lang='lat' dir='ltr'><strong>si</strong></span> <span class='ocrx_word' id='word_1_236' title='bbox 933 1814 1063 1896; x_wconf 86' lang='lat' dir='ltr'><strong>longius</strong></span> <span class='ocrx_word' id='word_1_237' title='bbox 1085 1835 1158 1896; x_wconf 89' lang='lat' dir='ltr'><strong>pro-</strong></span> <span class='ocrx_word' id='word_1_238' title='bbox 1209 1815 1302 1897; x_wconf 92' lang='lat' dir='ltr'><strong>quasi</strong></span> <span class='ocrx_word' id='word_1_239' title='bbox 1332 1814 1465 1879; x_wconf 85' lang='lat' dir='ltr'><strong>fortuito</strong></span> <span class='ocrx_word' id='word_1_240' title='bbox 1493 1816 1694 1896; x_wconf 82' lang='lat' dir='ltr'><strong>contingant.</strong></span> <span class='ocrx_word' id='word_1_241' title='bbox 1740 1814 1833 1878; x_wconf 86' lang='lat' dir='ltr'><strong>Alios</strong></span> <span class='ocrx_word' id='word_1_242' title='bbox 1859 1815 1945 1878; x_wconf 92' lang='lat' dir='ltr'><strong>enim</strong></span> <span class='ocrx_word' id='word_1_243' title='bbox 1976 1812 2177 1896; x_wconf 87' lang='lat' dir='ltr'><strong>populos,a</strong></span> 
     </span>
     <span class='ocr_line' id='line_1_18' title="bbox 191 1897 2178 1984; baseline -0.002 -20"><span class='ocrx_word' id='word_1_244' title='bbox 191 1900 342 1964; x_wconf 87' lang='lat' dir='ltr'><strong>trahatur</strong></span> <span class='ocrx_word' id='word_1_245' title='bbox 364 1901 551 1982; x_wconf 87' lang='lat' dir='ltr'><strong>redemptio.</strong></span> <span class='ocrx_word' id='word_1_246' title='bbox 584 1900 746 1964; x_wconf 90' lang='lat' dir='ltr'><strong>Dominus</strong></span> <span class='ocrx_word' id='word_1_247' title='bbox 768 1920 847 1984; x_wconf 85' lang='lat' dir='ltr'><strong>ergo</strong></span> <span class='ocrx_word' id='word_1_248' title='bbox 871 1900 964 1981; x_wconf 90' lang='lat' dir='ltr'><strong>punit</strong></span> <span class='ocrx_word' id='word_1_249' title='bbox 986 1900 1103 1982; x_wconf 92' lang='lat' dir='ltr'><strong>impios</strong></span> <span class='ocrx_word' id='word_1_250' title='bbox 1126 1912 1159 1963; x_wconf 92' lang='grc' dir='ltr'><strong>ει</strong></span> <span class='ocrx_word' id='word_1_251' title='bbox 1210 1901 1326 1983; x_wconf 93' lang='lat' dir='ltr'><strong>quibus</strong></span> <span class='ocrx_word' id='word_1_252' title='bbox 1359 1920 1446 1965; x_wconf 91' lang='lat' dir='ltr'><strong>nunc</strong></span> <span class='ocrx_word' id='word_1_253' title='bbox 1477 1915 1655 1977; x_wconf 86' lang='lat' dir='ltr'><strong>vexantur,</strong></span> <span class='ocrx_word' id='word_1_254' title='bbox 1689 1919 1810 1981; x_wconf 86' lang='lat' dir='ltr'><strong>poenae</strong></span> <span class='ocrx_word' id='word_1_255' title='bbox 1843 1897 1990 1964; x_wconf 80' lang='lat' dir='ltr'><strong>daturosr</strong></span> <span class='ocrx_word' id='word_1_256' title='bbox 2032 1900 2178 1962; x_wconf 83' lang='lat' dir='ltr'><strong>futuram</strong></span> 
     </span>
     <span class='ocr_line' id='line_1_19' title="bbox 191 1982 2179 2068; baseline -0.002 -19"><span class='ocrx_word' id='word_1_257' title='bbox 191 1987 352 2068; x_wconf 86' lang='lat' dir='ltr'><strong>profligat,</strong></span> <span class='ocrx_word' id='word_1_258' title='bbox 382 1999 418 2049; x_wconf 90' lang='lat' dir='ltr'><strong>ut</strong></span> <span class='ocrx_word' id='word_1_259' title='bbox 440 1986 510 2067; x_wconf 88' lang='lat' dir='ltr'><strong>pios</strong></span> <span class='ocrx_word' id='word_1_260' title='bbox 532 1986 656 2062; x_wconf 90' lang='lat' dir='ltr'><strong>liberet,</strong></span> <span class='ocrx_word' id='word_1_261' title='bbox 679 1995 776 2068; x_wconf 90' lang='lat' dir='ltr'><strong>atque</strong></span> <span class='ocrx_word' id='word_1_262' title='bbox 798 1984 966 2050; x_wconf 88' lang='lat' dir='ltr'><strong>ecclesiam</strong></span> <span class='ocrx_word' id='word_1_263' title='bbox 989 2005 1083 2049; x_wconf 89' lang='lat' dir='ltr'><strong>suam</strong></span> <span class='ocrx_word' id='word_1_264' title='bbox 1106 2006 1156 2049; x_wconf 92' lang='lat' dir='ltr'><strong>re·</strong></span> <span class='ocrx_word' id='word_1_265' title='bbox 1209 2007 1318 2049; x_wconf 92' lang='lat' dir='ltr'><strong>rerum</strong></span> <span class='ocrx_word' id='word_1_266' title='bbox 1353 1985 1627 2065; x_wconf 85' lang='lat' dir='ltr'><strong>vicissitudinem,</strong></span> <span class='ocrx_word' id='word_1_267' title='bbox 1666 2004 1725 2049; x_wconf 85' lang='lat' dir='ltr'><strong>nee</strong></span> <span class='ocrx_word' id='word_1_268' title='bbox 1758 2004 1914 2049; x_wconf 81' lang='lat' dir='ltr'><strong>evasuros</strong></span> <span class='ocrx_word' id='word_1_269' title='bbox 1952 1983 2086 2047; x_wconf 91' lang='lat' dir='ltr'><strong>tandem</strong></span> <span class='ocrx_word' id='word_1_270' title='bbox 2124 1982 2179 2066; x_wconf 92' lang='lat' dir='ltr'><strong>qui</strong></span> 
     </span>
     <span class='ocr_line' id='line_1_20' title="bbox 192 2067 2179 2153; baseline -0.002 -18"><span class='ocrx_word' id='word_1_271' title='bbox 192 2072 306 2152; x_wconf 89' lang='lat' dir='ltr'><strong>dimat,</strong></span> <span class='ocrx_word' id='word_1_272' title='bbox 335 2071 427 2135; x_wconf 86' lang='lat' dir='ltr'><strong>cuius</strong></span> <span class='ocrx_word' id='word_1_273' title='bbox 448 2073 652 2153; x_wconf 91' lang='lat' dir='ltr'><strong>potissimum</strong></span> <span class='ocrx_word' id='word_1_274' title='bbox 674 2073 832 2136; x_wconf 88' lang='lat' dir='ltr'><strong>rationem</strong></span> <span class='ocrx_word' id='word_1_275' title='bbox 856 2070 963 2135; x_wconf 87' lang='lat' dir='ltr'><strong>habet.</strong></span> <span class='ocrx_word' id='word_1_276' title='bbox 1007 2070 1158 2150; x_wconf 90' lang='lat' dir='ltr'><strong>Denique</strong></span> <span class='ocrx_word' id='word_1_277' title='bbox 1210 2069 1411 2152; x_wconf 92' lang='lat' dir='ltr'><strong>triumphum</strong></span> <span class='ocrx_word' id='word_1_278' title='bbox 1436 2071 1496 2134; x_wconf 91' lang='lat' dir='ltr'><strong>sibi</strong></span> <span class='ocrx_word' id='word_1_279' title='bbox 1519 2080 1641 2135; x_wconf 88' lang='lat' dir='ltr'><strong>canunt</strong></span> <span class='ocrx_word' id='word_1_280' title='bbox 1663 2084 1738 2135; x_wconf 91' lang='lat' dir='ltr'><strong>ante</strong></span> <span class='ocrx_word' id='word_1_281' title='bbox 1760 2082 1899 2152; x_wconf 90' lang='lat' dir='ltr'><strong>tempus.</strong></span> <span class='ocrx_word' id='word_1_282' title='bbox 1942 2067 2102 2134; x_wconf 85' lang='lat' dir='ltr'><strong>Producit</strong></span> <span class='ocrx_word' id='word_1_283' title='bbox 2124 2088 2179 2132; x_wconf 92' lang='lat' dir='ltr'><strong>au·</strong></span> 
     </span>
     <span class='ocr_line' id='line_1_21' title="bbox 191 2154 2179 2241; baseline -0.003 -20"><span class='ocrx_word' id='word_1_284' title='bbox 191 2178 249 2241; x_wconf 89' lang='lat' dir='ltr'><strong>per</strong></span> <span class='ocrx_word' id='word_1_285' title='bbox 273 2156 404 2220; x_wconf 94' lang='lat' dir='ltr'><strong>illorum</strong></span> <span class='ocrx_word' id='word_1_286' title='bbox 437 2170 563 2238; x_wconf 87' lang='lat' dir='ltr'><strong>strages</strong></span> <span class='ocrx_word' id='word_1_287' title='bbox 593 2162 626 2220; x_wconf 89' lang='lat' dir='ltr'><strong>et</strong></span> <span class='ocrx_word' id='word_1_288' title='bbox 656 2157 782 2221; x_wconf 84' lang='lat' dir='ltr'><strong>exeidia</strong></span> <span class='ocrx_word' id='word_1_289' title='bbox 812 2158 895 2221; x_wconf 88' lang='lat' dir='ltr'><strong>viam</strong></span> <span class='ocrx_word' id='word_1_290' title='bbox 926 2158 1051 2239; x_wconf 78' lang='lat' dir='ltr'><strong>gratiae</strong></span> <span class='ocrx_word' id='word_1_291' title='bbox 1081 2176 1158 2220; x_wconf 89' lang='lat' dir='ltr'><strong>suae</strong></span> <span class='ocrx_word' id='word_1_292' title='bbox 1210 2166 1276 2221; x_wconf 93' lang='lat' dir='ltr'><strong>tem</strong></span> <span class='ocrx_word' id='word_1_293' title='bbox 1298 2158 1332 2225; x_wconf 92' lang='lat' dir='ltr'><strong>in</strong></span> <span class='ocrx_word' id='word_1_294' title='bbox 1355 2156 1538 2238; x_wconf 89' lang='lat' dir='ltr'><strong>exemplum</strong></span> <span class='ocrx_word' id='word_1_295' title='bbox 1560 2155 1741 2231; x_wconf 87' lang='lat' dir='ltr'><strong>Idumaeos,</strong></span> <span class='ocrx_word' id='word_1_296' title='bbox 1763 2154 1848 2237; x_wconf 93' lang='lat' dir='ltr'><strong>quod</strong></span> <span class='ocrx_word' id='word_1_297' title='bbox 1870 2155 2047 2222; x_wconf 83' lang='lat' dir='ltr'><strong>viciniores</strong></span> <span class='ocrx_word' id='word_1_298' title='bbox 2068 2162 2179 2219; x_wconf 88' lang='lat' dir='ltr'><strong>essent</strong></span> 
     </span>
     <span class='ocr_line' id='line_1_22' title="bbox 191 2239 2179 2325; baseline -0.003 -18"><span class='ocrx_word' id='word_1_299' title='bbox 191 2244 319 2307; x_wconf 89' lang='lat' dir='ltr'><strong>sternit.</strong></span> <span class='ocrx_word' id='word_1_300' title='bbox 353 2247 463 2323; x_wconf 84' lang='lat' dir='ltr'><strong>Atque</strong></span> <span class='ocrx_word' id='word_1_301' title='bbox 485 2241 565 2307; x_wconf 87' lang='lat' dir='ltr'><strong>haec</strong></span> <span class='ocrx_word' id='word_1_302' title='bbox 587 2243 627 2305; x_wconf 92' lang='lat' dir='ltr'><strong>ad</strong></span> <span class='ocrx_word' id='word_1_303' title='bbox 645 2242 899 2307; x_wconf 84' lang='lat' dir='ltr'><strong>consolationem</strong></span> <span class='ocrx_word' id='word_1_304' title='bbox 922 2252 1066 2305; x_wconf 86' lang='lat' dir='ltr'><strong>nostram</strong></span> <span class='ocrx_word' id='word_1_305' title='bbox 1088 2261 1158 2322; x_wconf 93' lang='lat' dir='ltr'><strong>per·</strong></span> <span class='ocrx_word' id='word_1_306' title='bbox 1210 2242 1361 2323; x_wconf 88' lang='lat' dir='ltr'><strong>reliquis,</strong></span> <span class='ocrx_word' id='word_1_307' title='bbox 1395 2254 1429 2305; x_wconf 90' lang='lat' dir='ltr'><strong>et</strong></span> <span class='ocrx_word' id='word_1_308' title='bbox 1460 2243 1617 2318; x_wconf 83' lang='lat' dir='ltr'><strong>notiores,</strong></span> <span class='ocrx_word' id='word_1_309' title='bbox 1652 2247 1751 2324; x_wconf 89' lang='lat' dir='ltr'><strong>atque</strong></span> <span class='ocrx_word' id='word_1_310' title='bbox 1784 2242 1880 2305; x_wconf 88' lang='lat' dir='ltr'><strong>etiam</strong></span> <span class='ocrx_word' id='word_1_311' title='bbox 1915 2260 1992 2325; x_wconf 87' lang='lat' dir='ltr'><strong>prae</strong></span> <span class='ocrx_word' id='word_1_312' title='bbox 2026 2239 2179 2303; x_wconf 86' lang='lat' dir='ltr'><strong>omnibus</strong></span> 
     </span>
     <span class='ocr_line' id='line_1_23' title="bbox 192 2326 1348 2409; baseline -0.001 -17"><span class='ocrx_word' id='word_1_313' title='bbox 192 2330 314 2406; x_wconf 87' lang='lat' dir='ltr'><strong>tinent,</strong></span> <span class='ocrx_word' id='word_1_314' title='bbox 342 2338 380 2390; x_wconf 92' lang='lat' dir='ltr'><strong>ut</strong></span> <span class='ocrx_word' id='word_1_315' title='bbox 402 2329 527 2409; x_wconf 90' lang='lat' dir='ltr'><strong>quoties</strong></span> <span class='ocrx_word' id='word_1_316' title='bbox 556 2340 687 2392; x_wconf 89' lang='lat' dir='ltr'><strong>exstant</strong></span> <span class='ocrx_word' id='word_1_317' title='bbox 709 2329 804 2409; x_wconf 85' lang='lat' dir='ltr'><strong>signa</strong></span> <span class='ocrx_word' id='word_1_318' title='bbox 826 2328 893 2392; x_wconf 90' lang='lat' dir='ltr'><strong>irae</strong></span> <span class='ocrx_word' id='word_1_319' title='bbox 918 2326 980 2390; x_wconf 91' lang='lat' dir='ltr'><strong>Dei</strong></span> <span class='ocrx_word' id='word_1_320' title='bbox 1002 2328 1158 2391; x_wconf 85' lang='lat' dir='ltr'><strong>adversus</strong></span> <span class='ocrx_word' id='word_1_321' title='bbox 1210 2327 1348 2391; x_wconf 92' lang='lat' dir='ltr'><strong>molesti.</strong></span> 
     </span>
     <span class='ocr_line' id='line_1_24' title="bbox 191 2410 2178 2496; baseline -0.002 -19"><span class='ocrx_word' id='word_1_322' title='bbox 191 2414 322 2496; x_wconf 92' lang='lat' dir='ltr'><strong>impios,</strong></span> <span class='ocrx_word' id='word_1_323' title='bbox 353 2413 495 2479; x_wconf 83' lang='lat' dir='ltr'><strong>fructum</strong></span> <span class='ocrx_word' id='word_1_324' title='bbox 518 2434 695 2494; x_wconf 88' lang='lat' dir='ltr'><strong>poenarum</strong></span> <span class='ocrx_word' id='word_1_325' title='bbox 718 2433 799 2494; x_wconf 91' lang='lat' dir='ltr'><strong>quas</strong></span> <span class='ocrx_word' id='word_1_326' title='bbox 821 2413 883 2495; x_wconf 87' lang='lat' dir='ltr'><strong>ipsi</strong></span> <span class='ocrx_word' id='word_1_327' title='bbox 905 2412 1014 2476; x_wconf 83' lang='lat' dir='ltr'><strong>ferent</strong></span> <span class='ocrx_word' id='word_1_328' title='bbox 1036 2411 1076 2475; x_wconf 92' lang='lat' dir='ltr'><strong>ad</strong></span> <span class='ocrx_word' id='word_1_329' title='bbox 1099 2431 1158 2476; x_wconf 90' lang='lat' dir='ltr'><strong>nos</strong></span> <span class='ocrx_word' id='word_1_330' title='bbox 1297 2410 1627 2496; x_wconf 54' lang='lat' dir='ltr'><strong>illitteratorum.)</strong></span> <span class='ocrx_word' id='word_1_331' title='bbox 1671 2411 1931 2477; x_wconf 87' lang='lat' dir='ltr'><strong>Consolationem</strong></span> <span class='ocrx_word' id='word_1_332' title='bbox 1954 2410 2052 2477; x_wconf 85' lang='lat' dir='ltr'><strong>affert</strong></span> <span class='ocrx_word' id='word_1_333' title='bbox 2073 2410 2178 2475; x_wconf 82' lang='lat' dir='ltr'><strong>Isaiae</strong></span> 
     </span>
     <span class='ocr_line' id='line_1_25' title="bbox 192 2496 2177 2584; baseline -0.003 -20"><span class='ocrx_word' id='word_1_334' title='bbox 192 2510 426 2584; x_wconf 87' lang='lat' dir='ltr'><strong>perventurum</strong></span> <span class='ocrx_word' id='word_1_335' title='bbox 449 2499 603 2563; x_wconf 89' lang='lat' dir='ltr'><strong>sciamus:</strong></span> <span class='ocrx_word' id='word_1_336' title='bbox 626 2497 780 2579; x_wconf 91' lang='lat' dir='ltr'><strong>quiahoc</strong></span> <span class='ocrx_word' id='word_1_337' title='bbox 798 2498 893 2562; x_wconf 93' lang='lat' dir='ltr'><strong>modo</strong></span> <span class='ocrx_word' id='word_1_338' title='bbox 915 2497 1002 2564; x_wconf 90' lang='lat' dir='ltr'><strong>clare</strong></span> <span class='ocrx_word' id='word_1_339' title='bbox 1024 2506 1159 2580; x_wconf 91' lang='lat' dir='ltr'><strong>apparet</strong></span> <span class='ocrx_word' id='word_1_340' title='bbox 1211 2498 1328 2581; x_wconf 90' lang='lat' dir='ltr'><strong>populo</strong></span> <span class='ocrx_word' id='word_1_341' title='bbox 1351 2519 1409 2562; x_wconf 93' lang='lat' dir='ltr'><strong>suo</strong></span> <span class='ocrx_word' id='word_1_342' title='bbox 1426 2498 1460 2561; x_wconf 94' lang='lat' dir='ltr'><strong>in</strong></span> <span class='ocrx_word' id='word_1_343' title='bbox 1480 2498 1578 2561; x_wconf 90' lang='lat' dir='ltr'><strong>rebus</strong></span> <span class='ocrx_word' id='word_1_344' title='bbox 1601 2498 1727 2562; x_wconf 91' lang='lat' dir='ltr'><strong>miseris</strong></span> <span class='ocrx_word' id='word_1_345' title='bbox 1750 2507 1783 2562; x_wconf 91' lang='lat' dir='ltr'><strong>et</strong></span> <span class='ocrx_word' id='word_1_346' title='bbox 1800 2497 2009 2562; x_wconf 88' lang='lat' dir='ltr'><strong>calamitosis:</strong></span> <span class='ocrx_word' id='word_1_347' title='bbox 2034 2517 2071 2560; x_wconf 89' lang='lat' dir='ltr'><strong>ac</strong></span> <span class='ocrx_word' id='word_1_348' title='bbox 2088 2496 2177 2560; x_wconf 87' lang='lat' dir='ltr'><strong>iubet</strong></span> 
     </span>
     <span class='ocr_line' id='line_1_26' title="bbox 192 2581 2177 2667; baseline -0.003 -18"><span class='ocrx_word' id='word_1_349' title='bbox 192 2583 364 2649; x_wconf 89' lang='lat' dir='ltr'><strong>exauditos</strong></span> <span class='ocrx_word' id='word_1_350' title='bbox 394 2584 494 2649; x_wconf 88' lang='lat' dir='ltr'><strong>luisse</strong></span> <span class='ocrx_word' id='word_1_351' title='bbox 527 2596 655 2649; x_wconf 90' lang='lat' dir='ltr'><strong>nostros</strong></span> <span class='ocrx_word' id='word_1_352' title='bbox 688 2585 845 2667; x_wconf 85' lang='lat' dir='ltr'><strong>gemitus,</strong></span> <span class='ocrx_word' id='word_1_353' title='bbox 879 2591 917 2648; x_wconf 94' lang='lat' dir='ltr'><strong>ut</strong></span> <span class='ocrx_word' id='word_1_354' title='bbox 946 2583 1070 2659; x_wconf 90' lang='lat' dir='ltr'><strong>Deum,</strong></span> <span class='ocrx_word' id='word_1_355' title='bbox 1104 2581 1159 2646; x_wconf 93' lang='lat' dir='ltr'><strong>ubi</strong></span> <span class='ocrx_word' id='word_1_356' title='bbox 1210 2584 1358 2665; x_wconf 90' lang='lat' dir='ltr'><strong>exemplo</strong></span> <span class='ocrx_word' id='word_1_357' title='bbox 1380 2603 1439 2648; x_wconf 89' lang='lat' dir='ltr'><strong>suo</strong></span> <span class='ocrx_word' id='word_1_358' title='bbox 1460 2583 1609 2658; x_wconf 90' lang='lat' dir='ltr'><strong>Iudaeos,</strong></span> <span class='ocrx_word' id='word_1_359' title='bbox 1639 2582 1717 2647; x_wconf 93' lang='lat' dir='ltr'><strong>dum</strong></span> <span class='ocrx_word' id='word_1_360' title='bbox 1740 2605 1779 2647; x_wconf 92' lang='lat' dir='ltr'><strong>an</strong></span> <span class='ocrx_word' id='word_1_361' title='bbox 1828 2583 1899 2649; x_wconf 89' lang='lat' dir='ltr'><strong>stiis</strong></span> <span class='ocrx_word' id='word_1_362' title='bbox 1921 2593 2124 2665; x_wconf 88' lang='lat' dir='ltr'><strong>prementur,</strong></span> <span class='ocrx_word' id='word_1_363' title='bbox 2144 2582 2177 2645; x_wconf 92' lang='lat' dir='ltr'><strong>in</strong></span> 
     </span>
     <span class='ocr_line' id='line_1_27' title="bbox 191 2666 2177 2751; baseline -0.003 -16"><span class='ocrx_word' id='word_1_364' title='bbox 191 2671 264 2735; x_wconf 80' lang='lat' dir='ltr'><strong>vult</strong></span> <span class='ocrx_word' id='word_1_365' title='bbox 292 2671 421 2734; x_wconf 88' lang='lat' dir='ltr'><strong>afflictis</strong></span> <span class='ocrx_word' id='word_1_366' title='bbox 450 2689 651 2747; x_wconf 82' lang='lat' dir='ltr'><strong>succurrere,</strong></span> <span class='ocrx_word' id='word_1_367' title='bbox 681 2684 842 2734; x_wconf 88' lang='lat' dir='ltr'><strong>armatum</strong></span> <span class='ocrx_word' id='word_1_368' title='bbox 871 2691 942 2735; x_wconf 87' lang='lat' dir='ltr'><strong>esse</strong></span> <span class='ocrx_word' id='word_1_369' title='bbox 965 2669 1090 2732; x_wconf 88' lang='lat' dir='ltr'><strong>viribus</strong></span> <span class='ocrx_word' id='word_1_370' title='bbox 1118 2666 1158 2730; x_wconf 92' lang='lat' dir='ltr'><strong>ad</strong></span> <span class='ocrx_word' id='word_1_371' title='bbox 1182 2694 1186 2709; x_wconf 86' lang='grc'>·</span> <span class='ocrx_word' id='word_1_372' title='bbox 1210 2670 1400 2734; x_wconf 89' lang='lat' dir='ltr'><strong>memoriam</strong></span> <span class='ocrx_word' id='word_1_373' title='bbox 1428 2689 1579 2734; x_wconf 88' lang='lat' dir='ltr'><strong>revocare</strong></span> <span class='ocrx_word' id='word_1_374' title='bbox 1608 2670 1747 2751; x_wconf 89' lang='lat' dir='ltr'><strong>pristina</strong></span> <span class='ocrx_word' id='word_1_375' title='bbox 1810 2669 1840 2733; x_wconf 90' lang='lat' dir='ltr'><strong>ei</strong></span> <span class='ocrx_word' id='word_1_376' title='bbox 1870 2668 2039 2743; x_wconf 86' lang='lat' dir='ltr'><strong>beneficia,</strong></span> <span class='ocrx_word' id='word_1_377' title='bbox 2074 2676 2110 2730; x_wconf 92' lang='lat' dir='ltr'><strong>et</strong></span> <span class='ocrx_word' id='word_1_378' title='bbox 2138 2666 2177 2729; x_wconf 89' lang='lat' dir='ltr'><strong>ad</strong></span> 
     </span>
     <span class='ocr_line' id='line_1_28' title="bbox 191 2752 2178 2840; baseline -0.002 -21"><span class='ocrx_word' id='word_1_379' title='bbox 191 2756 413 2840; x_wconf 85' lang='lat' dir='ltr'><strong>profligandos</strong></span> <span class='ocrx_word' id='word_1_380' title='bbox 442 2776 556 2820; x_wconf 91' lang='lat' dir='ltr'><strong>omnes</strong></span> <span class='ocrx_word' id='word_1_381' title='bbox 584 2757 736 2822; x_wconf 90' lang='lat' dir='ltr'><strong>ecclesiae</strong></span> <span class='ocrx_word' id='word_1_382' title='bbox 765 2775 844 2820; x_wconf 91' lang='lat' dir='ltr'><strong>suae</strong></span> <span class='ocrx_word' id='word_1_383' title='bbox 872 2756 989 2819; x_wconf 89' lang='lat' dir='ltr'><strong>hostes.</strong></span> <span class='ocrx_word' id='word_1_384' title='bbox 1041 2752 1158 2834; x_wconf 90' lang='lat' dir='ltr'><strong>Itaque</strong></span> <span class='ocrx_word' id='word_1_385' title='bbox 1209 2775 1322 2838; x_wconf 89' lang='lat' dir='ltr'><strong>preces</strong></span> <span class='ocrx_word' id='word_1_386' title='bbox 1351 2755 1543 2839; x_wconf 79' lang='lat' dir='ltr'><strong>confugere:</strong></span> <span class='ocrx_word' id='word_1_387' title='bbox 1578 2776 1617 2818; x_wconf 93' lang='lat' dir='ltr'><strong>ne</strong></span> <span class='ocrx_word' id='word_1_388' title='bbox 1645 2755 1768 2818; x_wconf 90' lang='lat' dir='ltr'><strong>similes</strong></span> <span class='ocrx_word' id='word_1_389' title='bbox 1796 2754 1862 2819; x_wconf 90' lang='lat' dir='ltr'><strong>sint</strong></span> <span class='ocrx_word' id='word_1_390' title='bbox 1891 2753 2088 2837; x_wconf 84' lang='lat' dir='ltr'><strong>hypocritis,</strong></span> <span class='ocrx_word' id='word_1_391' title='bbox 2123 2752 2178 2834; x_wconf 92' lang='lat' dir='ltr'><strong>qui</strong></span> 
     </span>
     <span class='ocr_line' id='line_1_29' title="bbox 192 2838 2177 2924; baseline -0.002 -19"><span class='ocrx_word' id='word_1_392' title='bbox 192 2845 341 2924; x_wconf 85' lang='lat' dir='ltr'><strong>quamvis</strong></span> <span class='ocrx_word' id='word_1_393' title='bbox 364 2842 458 2905; x_wconf 91' lang='lat' dir='ltr'><strong>nobis</strong></span> <span class='ocrx_word' id='word_1_394' title='bbox 481 2862 581 2923; x_wconf 85' lang='lat' dir='ltr'><strong>grave</strong></span> <span class='ocrx_word' id='word_1_395' title='bbox 608 2844 651 2906; x_wconf 90' lang='lat' dir='ltr'><strong>sit</strong></span> <span class='ocrx_word' id='word_1_396' title='bbox 673 2841 777 2906; x_wconf 88' lang='lat' dir='ltr'><strong>erucis</strong></span> <span class='ocrx_word' id='word_1_397' title='bbox 799 2862 897 2924; x_wconf 91' lang='lat' dir='ltr'><strong>onus,</strong></span> <span class='ocrx_word' id='word_1_398' title='bbox 928 2841 1089 2923; x_wconf 85' lang='lat' dir='ltr'><strong>patienter</strong></span> <span class='ocrx_word' id='word_1_399' title='bbox 1111 2852 1157 2903; x_wconf 90' lang='lat' dir='ltr'><strong>ta·</strong></span> <span class='ocrx_word' id='word_1_400' title='bbox 1211 2840 1373 2924; x_wconf 89' lang='lat' dir='ltr'><strong>prosperis</strong></span> <span class='ocrx_word' id='word_1_401' title='bbox 1397 2839 1503 2904; x_wconf 91' lang='lat' dir='ltr'><strong>solnm</strong></span> <span class='ocrx_word' id='word_1_402' title='bbox 1526 2839 1622 2904; x_wconf 89' lang='lat' dir='ltr'><strong>rebus</strong></span> <span class='ocrx_word' id='word_1_403' title='bbox 1645 2840 1823 2904; x_wconf 87' lang='lat' dir='ltr'><strong>bonitatem</strong></span> <span class='ocrx_word' id='word_1_404' title='bbox 1845 2838 1910 2904; x_wconf 92' lang='lat' dir='ltr'><strong>Dei</strong></span> <span class='ocrx_word' id='word_1_405' title='bbox 1930 2841 2093 2915; x_wconf 88' lang='lat' dir='ltr'><strong>sentiunt,</strong></span> <span class='ocrx_word' id='word_1_406' title='bbox 2124 2838 2177 2902; x_wconf 91' lang='lat' dir='ltr'><strong>ad·</strong></span> 
     </span>
     <span class='ocr_line' id='line_1_30' title="bbox 191 2923 2178 3009; baseline -0.002 -18"><span class='ocrx_word' id='word_1_407' title='bbox 191 2948 269 2991; x_wconf 89' lang='lat' dir='ltr'><strong>men</strong></span> <span class='ocrx_word' id='word_1_408' title='bbox 291 2926 422 2992; x_wconf 83' lang='lat' dir='ltr'><strong>ferendo</strong></span> <span class='ocrx_word' id='word_1_409' title='bbox 445 2927 607 2990; x_wconf 87' lang='lat' dir='ltr'><strong>discamus</strong></span> <span class='ocrx_word' id='word_1_410' title='bbox 634 2948 691 3009; x_wconf 93' lang='lat' dir='ltr'><strong>spe</strong></span> <span class='ocrx_word' id='word_1_411' title='bbox 713 2927 862 2991; x_wconf 88' lang='lat' dir='ltr'><strong>attollere</strong></span> <span class='ocrx_word' id='word_1_412' title='bbox 891 2928 1015 2991; x_wconf 90' lang='lat' dir='ltr'><strong>animos</strong></span> <span class='ocrx_word' id='word_1_413' title='bbox 1036 2923 1076 2989; x_wconf 88' lang='lat' dir='ltr'><strong>ad</strong></span> <span class='ocrx_word' id='word_1_414' title='bbox 1099 2946 1157 2989; x_wconf 93' lang='lat' dir='ltr'><strong>an·</strong></span> <span class='ocrx_word' id='word_1_415' title='bbox 1211 2927 1314 2991; x_wconf 86' lang='lat' dir='ltr'><strong>versis</strong></span> <span class='ocrx_word' id='word_1_416' title='bbox 1337 2945 1415 2990; x_wconf 90' lang='lat' dir='ltr'><strong>vero</strong></span> <span class='ocrx_word' id='word_1_417' title='bbox 1437 2926 1484 2990; x_wconf 92' lang='lat' dir='ltr'><strong>sio</strong></span> <span class='ocrx_word' id='word_1_418' title='bbox 1506 2925 1701 2991; x_wconf 90' lang='lat' dir='ltr'><strong>deiiciuntur</strong></span> <span class='ocrx_word' id='word_1_419' title='bbox 1723 2936 1761 2989; x_wconf 92' lang='lat' dir='ltr'><strong>ut</strong></span> <span class='ocrx_word' id='word_1_420' title='bbox 1782 2924 1904 2990; x_wconf 87' lang='lat' dir='ltr'><strong>nullius</strong></span> <span class='ocrx_word' id='word_1_421' title='bbox 1933 2924 2080 2990; x_wconf 82' lang='lat' dir='ltr'><strong>beneficii</strong></span> <span class='ocrx_word' id='word_1_422' title='bbox 2112 2944 2178 2988; x_wconf 90' lang='lat' dir='ltr'><strong>me-</strong></span> 
     </span>
     <span class='ocr_line' id='line_1_31' title="bbox 193 3010 2178 3094; baseline -0.002 -18"><span class='ocrx_word' id='word_1_423' title='bbox 193 3032 400 3094; x_wconf 73' lang='lat' dir='ltr'><strong>numquam</strong></span> <span class='ocrx_word' id='word_1_424' title='bbox 423 3012 514 3075; x_wconf 92' lang='lat' dir='ltr'><strong>Deus</strong></span> <span class='ocrx_word' id='word_1_425' title='bbox 537 3012 701 3075; x_wconf 87' lang='lat' dir='ltr'><strong>vindictae</strong></span> <span class='ocrx_word' id='word_1_426' title='bbox 723 3032 802 3075; x_wconf 90' lang='lat' dir='ltr'><strong>suae</strong></span> <span class='ocrx_word' id='word_1_427' title='bbox 824 3010 1042 3094; x_wconf 89' lang='lat' dir='ltr'><strong>praescripsit.</strong></span> <span class='ocrx_word' id='word_1_428' title='bbox 1211 3011 1375 3076; x_wconf 91' lang='lat' dir='ltr'><strong>minerint.</strong></span> <span class='ocrx_word' id='word_1_429' title='bbox 1418 3013 1521 3091; x_wconf 84' lang='lat' dir='ltr'><strong>Atqui</strong></span> <span class='ocrx_word' id='word_1_430' title='bbox 1553 3012 1607 3075; x_wconf 92' lang='lat' dir='ltr'><strong>ubi</strong></span> <span class='ocrx_word' id='word_1_431' title='bbox 1641 3032 1700 3076; x_wconf 89' lang='lat' dir='ltr'><strong>nos</strong></span> <span class='ocrx_word' id='word_1_432' title='bbox 1730 3012 1870 3094; x_wconf 83' lang='lat' dir='ltr'><strong>castigat</strong></span> <span class='ocrx_word' id='word_1_433' title='bbox 1898 3011 2074 3088; x_wconf 91' lang='lat' dir='ltr'><strong>Dominus,</strong></span> <span class='ocrx_word' id='word_1_434' title='bbox 2108 3010 2178 3074; x_wconf 89' lang='lat' dir='ltr'><strong>eius</strong></span> 
     </span>
     <span class='ocr_line' id='line_1_32' title="bbox 279 3095 2179 3181; baseline -0.001 -21"><span class='ocrx_word' id='word_1_435' title='bbox 279 3095 309 3160; x_wconf 83' lang='lat'><strong>5.</strong></span> <span class='ocrx_word' id='word_1_436' title='bbox 340 3095 486 3179; x_wconf 70' lang='lat' dir='ltr'><strong>(deperi,</strong></span> <span class='ocrx_word' id='word_1_437' title='bbox 507 3116 560 3160; x_wconf 82' lang='lat' dir='ltr'><strong>aec</strong></span> <span class='ocrx_word' id='word_1_438' title='bbox 581 3095 671 3181; x_wconf 85' lang='lat' dir='ltr'><strong>erat.)</strong></span> <span class='ocrx_word' id='word_1_439' title='bbox 715 3097 859 3161; x_wconf 78' lang='lat' dir='ltr'><strong>Tametsi</strong></span> <span class='ocrx_word' id='word_1_440' title='bbox 883 3096 1028 3160; x_wconf 86' lang='lat' dir='ltr'><strong>destituti</strong></span> <span class='ocrx_word' id='word_1_441' title='bbox 1050 3104 1159 3160; x_wconf 90' lang='lat' dir='ltr'><strong>essent</strong></span> <span class='ocrx_word' id='word_1_442' title='bbox 1211 3096 1367 3161; x_wconf 89' lang='lat' dir='ltr'><strong>beneficia</strong></span> <span class='ocrx_word' id='word_1_443' title='bbox 1389 3114 1641 3160; x_wconf 91' lang='lat' dir='ltr'><strong>commemorare</strong></span> <span class='ocrx_word' id='word_1_444' title='bbox 1659 3108 1692 3160; x_wconf 92' lang='lat' dir='ltr'><strong>et</strong></span> <span class='ocrx_word' id='word_1_445' title='bbox 1708 3097 1872 3161; x_wconf 89' lang='lat' dir='ltr'><strong>celebrare</strong></span> <span class='ocrx_word' id='word_1_446' title='bbox 1894 3095 2058 3172; x_wconf 87' lang='lat' dir='ltr'><strong>debemus,</strong></span> <span class='ocrx_word' id='word_1_447' title='bbox 2081 3108 2179 3178; x_wconf 86' lang='lat' dir='ltr'><strong>atqua</strong></span> 
     </span>
     <span class='ocr_line' id='line_1_33' title="bbox 194 3179 2180 3264; baseline -0.001 -19"><span class='ocrx_word' id='word_1_448' title='bbox 194 3183 281 3245; x_wconf 92' lang='lat' dir='ltr'><strong>omni</strong></span> <span class='ocrx_word' id='word_1_449' title='bbox 311 3181 433 3245; x_wconf 89' lang='lat' dir='ltr'><strong>auxilio</strong></span> <span class='ocrx_word' id='word_1_450' title='bbox 455 3180 581 3257; x_wconf 86' lang='lat' dir='ltr'><strong>Iudaei,</strong></span> <span class='ocrx_word' id='word_1_451' title='bbox 611 3201 669 3245; x_wconf 91' lang='lat' dir='ltr'><strong>nec</strong></span> <span class='ocrx_word' id='word_1_452' title='bbox 691 3182 863 3262; x_wconf 90' lang='lat' dir='ltr'><strong>quisquam</strong></span> <span class='ocrx_word' id='word_1_453' title='bbox 892 3202 947 3244; x_wconf 92' lang='lat' dir='ltr'><strong>eos</strong></span> <span class='ocrx_word' id='word_1_454' title='bbox 973 3185 1031 3244; x_wconf 92' lang='lat' dir='ltr'><strong>aut</strong></span> <span class='ocrx_word' id='word_1_455' title='bbox 1053 3179 1160 3244; x_wconf 89' lang='lat' dir='ltr'><strong>verbis</strong></span> <span class='ocrx_word' id='word_1_456' title='bbox 1211 3182 1246 3245; x_wconf 93' lang='lat' dir='ltr'><strong>in</strong></span> <span class='ocrx_word' id='word_1_457' title='bbox 1269 3192 1435 3263; x_wconf 90' lang='lat' dir='ltr'><strong>posterum</strong></span> <span class='ocrx_word' id='word_1_458' title='bbox 1459 3181 1575 3245; x_wconf 91' lang='lat' dir='ltr'><strong>melius</strong></span> <span class='ocrx_word' id='word_1_459' title='bbox 1597 3202 1745 3264; x_wconf 86' lang='lat' dir='ltr'><strong>sperare:</strong></span> <span class='ocrx_word' id='word_1_460' title='bbox 1767 3183 1843 3264; x_wconf 90' lang='lat' dir='ltr'><strong>quia</strong></span> <span class='ocrx_word' id='word_1_461' title='bbox 1865 3182 2028 3246; x_wconf 87' lang='lat' dir='ltr'><strong>Dominus</strong></span> <span class='ocrx_word' id='word_1_462' title='bbox 2050 3200 2180 3263; x_wconf 89' lang='lat' dir='ltr'><strong>semper</strong></span> 
     </span>
     <span class='ocr_line' id='line_1_34' title="bbox 194 3264 2179 3349; baseline 0.001 -19"><span class='ocrx_word' id='word_1_463' title='bbox 194 3279 251 3330; x_wconf 90' lang='lat' dir='ltr'><strong>aut</strong></span> <span class='ocrx_word' id='word_1_464' title='bbox 274 3288 308 3331; x_wconf 90' lang='lat' dir='ltr'><strong>re</strong></span> <span class='ocrx_word' id='word_1_465' title='bbox 330 3268 467 3338; x_wconf 86' lang='lat' dir='ltr'><strong>iuvaret,</strong></span> <span class='ocrx_word' id='word_1_466' title='bbox 491 3278 600 3330; x_wconf 89' lang='lat' dir='ltr'><strong>tamen</strong></span> <span class='ocrx_word' id='word_1_467' title='bbox 624 3266 729 3330; x_wconf 88' lang='lat' dir='ltr'><strong>solum</strong></span> <span class='ocrx_word' id='word_1_468' title='bbox 751 3266 885 3329; x_wconf 91' lang='lat' dir='ltr'><strong>Domini</strong></span> <span class='ocrx_word' id='word_1_469' title='bbox 908 3264 1073 3330; x_wconf 88' lang='lat' dir='ltr'><strong>brachium</strong></span> <span class='ocrx_word' id='word_1_470' title='bbox 1094 3265 1159 3328; x_wconf 90' lang='lat' dir='ltr'><strong>sul·</strong></span> <span class='ocrx_word' id='word_1_471' title='bbox 1211 3265 1296 3330; x_wconf 93' lang='lat' dir='ltr'><strong>idem</strong></span> <span class='ocrx_word' id='word_1_472' title='bbox 1316 3278 1373 3343; x_wconf 89' lang='lat' dir='ltr'><strong>est,</strong></span> <span class='ocrx_word' id='word_1_473' title='bbox 1397 3288 1501 3349; x_wconf 91' lang='lat' dir='ltr'><strong>neque</strong></span> <span class='ocrx_word' id='word_1_474' title='bbox 1522 3267 1694 3332; x_wconf 88' lang='lat' dir='ltr'><strong>consilium</strong></span> <span class='ocrx_word' id='word_1_475' title='bbox 1717 3278 1775 3332; x_wconf 92' lang='lat' dir='ltr'><strong>ant</strong></span> <span class='ocrx_word' id='word_1_476' title='bbox 1792 3268 1937 3332; x_wconf 87' lang='lat' dir='ltr'><strong>animum</strong></span> <span class='ocrx_word' id='word_1_477' title='bbox 1954 3279 2070 3332; x_wconf 87' lang='lat' dir='ltr'><strong>mutat.</strong></span> <span class='ocrx_word' id='word_1_478' title='bbox 2101 3266 2179 3331; x_wconf 86' lang='lat' dir='ltr'><strong>Pro·</strong></span> 
     </span>
     <span class='ocr_line' id='line_1_35' title="bbox 194 3350 2180 3435; baseline 0 -19"><span class='ocrx_word' id='word_1_479' title='bbox 194 3353 291 3416; x_wconf 89' lang='lat' dir='ltr'><strong>ficere</strong></span> <span class='ocrx_word' id='word_1_480' title='bbox 318 3350 460 3417; x_wconf 88' lang='lat' dir='ltr'><strong>ostendit</strong></span> <span class='ocrx_word' id='word_1_481' title='bbox 486 3351 525 3414; x_wconf 86' lang='lat' dir='ltr'><strong>ad</strong></span> <span class='ocrx_word' id='word_1_482' title='bbox 549 3352 730 3434; x_wconf 90' lang='lat' dir='ltr'><strong>puniendos</strong></span> <span class='ocrx_word' id='word_1_483' title='bbox 760 3351 884 3416; x_wconf 88' lang='lat' dir='ltr'><strong>hostes:</strong></span> <span class='ocrx_word' id='word_1_484' title='bbox 918 3351 1005 3432; x_wconf 89' lang='lat' dir='ltr'><strong>ipsos</strong></span> <span class='ocrx_word' id='word_1_485' title='bbox 1027 3371 1105 3414; x_wconf 87' lang='lat' dir='ltr'><strong>vero</strong></span> <span class='ocrx_word' id='word_1_486' title='bbox 1127 3350 1159 3414; x_wconf 91' lang='lat' dir='ltr'><strong>in</strong></span> <span class='ocrx_word' id='word_1_487' title='bbox 1212 3351 1288 3416; x_wconf 92' lang='lat' dir='ltr'><strong>inde</strong></span> <span class='ocrx_word' id='word_1_488' title='bbox 1310 3352 1338 3418; x_wconf 91' lang='lat' dir='ltr'><strong>si</strong></span> <span class='ocrx_word' id='word_1_489' title='bbox 1361 3351 1467 3416; x_wconf 89' lang='lat' dir='ltr'><strong>locum</strong></span> <span class='ocrx_word' id='word_1_490' title='bbox 1490 3355 1560 3416; x_wconf 90' lang='lat' dir='ltr'><strong>eius</strong></span> <span class='ocrx_word' id='word_1_491' title='bbox 1585 3352 1822 3417; x_wconf 87' lang='lat' dir='ltr'><strong>misericordiae</strong></span> <span class='ocrx_word' id='word_1_492' title='bbox 1852 3351 1981 3428; x_wconf 87' lang='lat' dir='ltr'><strong>damus,</strong></span> <span class='ocrx_word' id='word_1_493' title='bbox 2013 3370 2180 3435; x_wconf 87' lang='lat' dir='ltr'><strong>nunquam</strong></span> 
     </span>
     <span class='ocr_line' id='line_1_36' title="bbox 194 3435 2180 3519; baseline 0.001 -20"><span class='ocrx_word' id='word_1_494' title='bbox 194 3436 377 3503; x_wconf 85' lang='lat' dir='ltr'><strong>libertatem</strong></span> <span class='ocrx_word' id='word_1_495' title='bbox 401 3436 619 3502; x_wconf 85' lang='lat' dir='ltr'><strong>vindicandos.</strong></span> <span class='ocrx_word' id='word_1_496' title='bbox 664 3442 695 3501; x_wconf 78' lang='lat' dir='ltr'>A</span> <span class='ocrx_word' id='word_1_497' title='bbox 717 3436 784 3501; x_wconf 91' lang='lat' dir='ltr'><strong>solo</strong></span> <span class='ocrx_word' id='word_1_498' title='bbox 806 3438 907 3519; x_wconf 78' lang='lat' dir='ltr'><strong>igitur</strong></span> <span class='ocrx_word' id='word_1_499' title='bbox 928 3437 1000 3501; x_wconf 90' lang='lat' dir='ltr'><strong>Deo</strong></span> <span class='ocrx_word' id='word_1_500' title='bbox 1028 3457 1159 3518; x_wconf 90' lang='lat' dir='ltr'><strong>exspee·</strong></span> <span class='ocrx_word' id='word_1_501' title='bbox 1213 3437 1435 3502; x_wconf 89' lang='lat' dir='ltr'><strong>destituemur.</strong></span> <span class='ocrx_word' id='word_1_502' title='bbox 1480 3437 1571 3503; x_wconf 91' lang='lat' dir='ltr'><strong>Haeo</strong></span> <span class='ocrx_word' id='word_1_503' title='bbox 1593 3438 1676 3503; x_wconf 89' lang='lat' dir='ltr'><strong>ratio</strong></span> <span class='ocrx_word' id='word_1_504' title='bbox 1699 3445 1868 3503; x_wconf 86' lang='lat' dir='ltr'><strong>oontextue</strong></span> <span class='ocrx_word' id='word_1_505' title='bbox 1893 3458 1963 3503; x_wconf 90' lang='lat' dir='ltr'><strong>esse</strong></span> <span class='ocrx_word' id='word_1_506' title='bbox 1986 3438 2067 3502; x_wconf 91' lang='lat' dir='ltr'><strong>mihi</strong></span> <span class='ocrx_word' id='word_1_507' title='bbox 2092 3435 2180 3503; x_wconf 84' lang='lat' dir='ltr'><strong>vide-</strong></span> 
     </span>
     <span class='ocr_line' id='line_1_37' title="bbox 195 3522 2181 3607; baseline -0.001 -21"><span class='ocrx_word' id='word_1_508' title='bbox 195 3523 327 3586; x_wconf 88' lang='lat' dir='ltr'><strong>tandam</strong></span> <span class='ocrx_word' id='word_1_509' title='bbox 348 3543 419 3586; x_wconf 91' lang='lat' dir='ltr'><strong>esse</strong></span> <span class='ocrx_word' id='word_1_510' title='bbox 441 3522 578 3586; x_wconf 90' lang='lat' dir='ltr'><strong>salutem</strong></span> <span class='ocrx_word' id='word_1_511' title='bbox 602 3524 712 3589; x_wconf 90' lang='lat' dir='ltr'><strong>docet:</strong></span> <span class='ocrx_word' id='word_1_512' title='bbox 734 3543 776 3586; x_wconf 92' lang='lat' dir='ltr'><strong>ne</strong></span> <span class='ocrx_word' id='word_1_513' title='bbox 794 3522 858 3587; x_wconf 87' lang='lat' dir='ltr'><strong>hue</strong></span> <span class='ocrx_word' id='word_1_514' title='bbox 880 3531 980 3605; x_wconf 88' lang='lat' dir='ltr'><strong>atque</strong></span> <span class='ocrx_word' id='word_1_515' title='bbox 1000 3522 1078 3587; x_wconf 90' lang='lat' dir='ltr'><strong>illue</strong></span> <span class='ocrx_word' id='word_1_516' title='bbox 1101 3522 1161 3587; x_wconf 90' lang='lat' dir='ltr'><strong>cir·</strong></span> <span class='ocrx_word' id='word_1_517' title='bbox 1212 3534 1283 3588; x_wconf 86' lang='lat' dir='ltr'><strong>tur:</strong></span> <span class='ocrx_word' id='word_1_518' title='bbox 1306 3524 1435 3587; x_wconf 91' lang='lat' dir='ltr'><strong>tametsi</strong></span> <span class='ocrx_word' id='word_1_519' title='bbox 1456 3523 1550 3587; x_wconf 89' lang='lat' dir='ltr'><strong>aliter</strong></span> <span class='ocrx_word' id='word_1_520' title='bbox 1568 3523 1623 3587; x_wconf 93' lang='lat' dir='ltr'><strong>alii</strong></span> <span class='ocrx_word' id='word_1_521' title='bbox 1641 3524 1814 3606; x_wconf 88' lang='lat' dir='ltr'><strong>accipiant:</strong></span> <span class='ocrx_word' id='word_1_522' title='bbox 1838 3544 1965 3607; x_wconf 91' lang='lat' dir='ltr'><strong>nempe,</strong></span> <span class='ocrx_word' id='word_1_523' title='bbox 1987 3522 2181 3606; x_wconf 91' lang='lat' dir='ltr'><strong>prophetam</strong></span> 
     </span>
     <span class='ocr_line' id='line_1_38' title="bbox 195 3607 2181 3691; baseline -0.001 -18"><span class='ocrx_word' id='word_1_524' title='bbox 195 3609 424 3690; x_wconf 88' lang='lat' dir='ltr'><strong>cumspioiant‚</strong></span> <span class='ocrx_word' id='word_1_525' title='bbox 455 3609 510 3672; x_wconf 91' lang='lat' dir='ltr'><strong>sed</strong></span> <span class='ocrx_word' id='word_1_526' title='bbox 533 3609 568 3671; x_wconf 93' lang='lat' dir='ltr'><strong>in</strong></span> <span class='ocrx_word' id='word_1_527' title='bbox 593 3608 699 3673; x_wconf 93' lang='lat' dir='ltr'><strong>Deum</strong></span> <span class='ocrx_word' id='word_1_528' title='bbox 724 3609 854 3691; x_wconf 89' lang='lat' dir='ltr'><strong>penitus</strong></span> <span class='ocrx_word' id='word_1_529' title='bbox 876 3607 976 3672; x_wconf 85' lang='lat' dir='ltr'><strong>defixi</strong></span> <span class='ocrx_word' id='word_1_530' title='bbox 998 3608 1078 3683; x_wconf 90' lang='lat' dir='ltr'><strong>sint,</strong></span> <span class='ocrx_word' id='word_1_531' title='bbox 1107 3610 1162 3690; x_wconf 92' lang='lat' dir='ltr'><strong>qui</strong></span> <span class='ocrx_word' id='word_1_532' title='bbox 1213 3608 1351 3675; x_wconf 89' lang='lat' dir='ltr'><strong>antehac</strong></span> <span class='ocrx_word' id='word_1_533' title='bbox 1381 3607 1420 3673; x_wconf 94' lang='lat' dir='ltr'><strong>de</strong></span> <span class='ocrx_word' id='word_1_534' title='bbox 1442 3609 1542 3673; x_wconf 91' lang='lat' dir='ltr'><strong>exitio</strong></span> <span class='ocrx_word' id='word_1_535' title='bbox 1571 3609 1681 3691; x_wconf 91' lang='lat' dir='ltr'><strong>populi</strong></span> <span class='ocrx_word' id='word_1_536' title='bbox 1710 3610 1883 3691; x_wconf 91' lang='lat' dir='ltr'><strong>loquutum</strong></span> <span class='ocrx_word' id='word_1_537' title='bbox 1910 3629 1946 3673; x_wconf 90' lang='lat' dir='ltr'><strong>se</strong></span> <span class='ocrx_word' id='word_1_538' title='bbox 1968 3610 2074 3691; x_wconf 89' lang='lat' dir='ltr'><strong>ipsum</strong></span> <span class='ocrx_word' id='word_1_539' title='bbox 2106 3628 2181 3674; x_wconf 91' lang='lat' dir='ltr'><strong>eon·</strong></span> 
     </span>
     <span class='ocr_line' id='line_1_39' title="bbox 196 3692 2182 3778; baseline 0 -21"><span class='ocrx_word' id='word_1_540' title='bbox 196 3693 303 3757; x_wconf 88' lang='lat' dir='ltr'><strong>aliena</strong></span> <span class='ocrx_word' id='word_1_541' title='bbox 325 3715 385 3774; x_wconf 91' lang='lat' dir='ltr'><strong>ope</strong></span> <span class='ocrx_word' id='word_1_542' title='bbox 407 3714 471 3757; x_wconf 92' lang='lat' dir='ltr'><strong>non</strong></span> <span class='ocrx_word' id='word_1_543' title='bbox 494 3707 577 3776; x_wconf 86' lang='lat' dir='ltr'><strong>eget.</strong></span> <span class='ocrx_word' id='word_1_544' title='bbox 621 3695 737 3776; x_wconf 92' lang='lat' dir='ltr'><strong>Itaque</strong></span> <span class='ocrx_word' id='word_1_545' title='bbox 759 3694 868 3758; x_wconf 90' lang='lat' dir='ltr'><strong>Deum</strong></span> <span class='ocrx_word' id='word_1_546' title='bbox 898 3693 1076 3759; x_wconf 88' lang='lat' dir='ltr'><strong>introducit</strong></span> <span class='ocrx_word' id='word_1_547' title='bbox 1105 3692 1161 3757; x_wconf 90' lang='lat' dir='ltr'><strong>ob-</strong></span> <span class='ocrx_word' id='word_1_548' title='bbox 1213 3695 1310 3761; x_wconf 90' lang='lat' dir='ltr'><strong>solari</strong></span> <span class='ocrx_word' id='word_1_549' title='bbox 1333 3694 1394 3760; x_wconf 90' lang='lat' dir='ltr'><strong>hao</strong></span> <span class='ocrx_word' id='word_1_550' title='bbox 1416 3694 1657 3759; x_wconf 87' lang='lat' dir='ltr'><strong>misericordiae</strong></span> <span class='ocrx_word' id='word_1_551' title='bbox 1678 3695 1806 3774; x_wconf 89' lang='lat' dir='ltr'><strong>fiducia,</strong></span> <span class='ocrx_word' id='word_1_552' title='bbox 1831 3693 1917 3778; x_wconf 89' lang='lat' dir='ltr'><strong>quod</strong></span> <span class='ocrx_word' id='word_1_553' title='bbox 1939 3693 2033 3760; x_wconf 89' lang='lat' dir='ltr'><strong>Deus</strong></span> <span class='ocrx_word' id='word_1_554' title='bbox 2054 3694 2182 3777; x_wconf 90' lang='lat' dir='ltr'><strong>aliquos</strong></span> 
     </span>
     <span class='ocr_line' id='line_1_40' title="bbox 196 3778 2182 3862; baseline -0.002 -18"><span class='ocrx_word' id='word_1_555' title='bbox 196 3787 449 3859; x_wconf 90' lang='lat' dir='ltr'><strong>stupescentem,</strong></span> <span class='ocrx_word' id='word_1_556' title='bbox 478 3779 562 3860; x_wconf 89' lang='lat' dir='ltr'><strong>quod</strong></span> <span class='ocrx_word' id='word_1_557' title='bbox 592 3800 687 3844; x_wconf 93' lang='lat' dir='ltr'><strong>nemo</strong></span> <span class='ocrx_word' id='word_1_558' title='bbox 708 3780 751 3844; x_wconf 90' lang='lat' dir='ltr'><strong>sit</strong></span> <span class='ocrx_word' id='word_1_559' title='bbox 773 3780 828 3861; x_wconf 93' lang='lat' dir='ltr'><strong>qui</strong></span> <span class='ocrx_word' id='word_1_560' title='bbox 851 3800 985 3843; x_wconf 88' lang='lat' dir='ltr'><strong>manum</strong></span> <span class='ocrx_word' id='word_1_561' title='bbox 1008 3780 1037 3843; x_wconf 92' lang='lat' dir='ltr'><strong>ei</strong></span> <span class='ocrx_word' id='word_1_562' title='bbox 1059 3780 1161 3860; x_wconf 92' lang='lat' dir='ltr'><strong>porri·</strong></span> <span class='ocrx_word' id='word_1_563' title='bbox 1213 3801 1345 3845; x_wconf 87' lang='lat' dir='ltr'><strong>servare</strong></span> <span class='ocrx_word' id='word_1_564' title='bbox 1377 3781 1467 3844; x_wconf 80' lang='lat' dir='ltr'><strong>velit.</strong></span> <span class='ocrx_word' id='word_1_565' title='bbox 1523 3778 1589 3845; x_wconf 86' lang='lat' dir='ltr'><strong>Sed</strong></span> <span class='ocrx_word' id='word_1_566' title='bbox 1623 3782 1655 3844; x_wconf 93' lang='lat' dir='ltr'><strong>in</strong></span> <span class='ocrx_word' id='word_1_567' title='bbox 1688 3802 1726 3845; x_wconf 92' lang='lat' dir='ltr'><strong>eo</strong></span> <span class='ocrx_word' id='word_1_568' title='bbox 1755 3781 1913 3845; x_wconf 78' lang='lat' dir='ltr'><strong>falluntur</strong></span> <span class='ocrx_word' id='word_1_569' title='bbox 1946 3778 2033 3862; x_wconf 92' lang='lat' dir='ltr'><strong>quod</strong></span> <span class='ocrx_word' id='word_1_570' title='bbox 2065 3789 2182 3862; x_wconf 87' lang='lat' dir='ltr'><strong>putent</strong></span> 
     </span>
     <span class='ocr_line' id='line_1_41' title="bbox 195 3862 2183 3949; baseline 0 -22"><span class='ocrx_word' id='word_1_571' title='bbox 195 3879 252 3949; x_wconf 86' lang='lat' dir='ltr'><strong>gat</strong></span> <span class='ocrx_word' id='word_1_572' title='bbox 275 3886 372 3946; x_wconf 92' lang='lat' dir='ltr'><strong>quum</strong></span> <span class='ocrx_word' id='word_1_573' title='bbox 395 3863 515 3928; x_wconf 83' lang='lat' dir='ltr'><strong>iudicia</strong></span> <span class='ocrx_word' id='word_1_574' title='bbox 537 3886 595 3928; x_wconf 87' lang='lat' dir='ltr'><strong>sua</strong></span> <span class='ocrx_word' id='word_1_575' title='bbox 614 3865 746 3947; x_wconf 86' lang='lat' dir='ltr'><strong>exsequi</strong></span> <span class='ocrx_word' id='word_1_576' title='bbox 765 3866 849 3947; x_wconf 85' lang='lat' dir='ltr'><strong>vult,</strong></span> <span class='ocrx_word' id='word_1_577' title='bbox 869 3885 933 3946; x_wconf 92' lang='lat' dir='ltr'><strong>qno</strong></span> <span class='ocrx_word' id='word_1_578' title='bbox 951 3864 1056 3947; x_wconf 80' lang='lat' dir='ltr'><strong>magis</strong></span> <span class='ocrx_word' id='word_1_579' title='bbox 1078 3862 1162 3930; x_wconf 89' lang='lat' dir='ltr'><strong>hanc</strong></span> <span class='ocrx_word' id='word_1_580' title='bbox 1213 3866 1334 3930; x_wconf 88' lang='lat' dir='ltr'><strong>Isaiam</strong></span> <span class='ocrx_word' id='word_1_581' title='bbox 1363 3864 1521 3929; x_wconf 90' lang='lat' dir='ltr'><strong>hactenns</strong></span> <span class='ocrx_word' id='word_1_582' title='bbox 1544 3865 1717 3948; x_wconf 89' lang='lat' dir='ltr'><strong>loquutum</strong></span> <span class='ocrx_word' id='word_1_583' title='bbox 1740 3865 1780 3931; x_wconf 92' lang='lat' dir='ltr'><strong>de</strong></span> <span class='ocrx_word' id='word_1_584' title='bbox 1801 3865 1948 3931; x_wconf 87' lang='lat' dir='ltr'><strong>Iudaeis:</strong></span> <span class='ocrx_word' id='word_1_585' title='bbox 1979 3886 2017 3931; x_wconf 91' lang='lat' dir='ltr'><strong>ao</strong></span> <span class='ocrx_word' id='word_1_586' title='bbox 2039 3867 2068 3932; x_wconf 87' lang='lat' dir='ltr'><strong>ai</strong></span> <span class='ocrx_word' id='word_1_587' title='bbox 2092 3866 2183 3931; x_wconf 91' lang='lat' dir='ltr'><strong>Deus</strong></span> 
     </span>
     <span class='ocr_line' id='line_1_42' title="bbox 198 3947 2183 4034; baseline 0.001 -22"><span class='ocrx_word' id='word_1_588' title='bbox 198 3950 378 4014; x_wconf 86' lang='lat' dir='ltr'><strong>doctrinam</strong></span> <span class='ocrx_word' id='word_1_589' title='bbox 412 3950 529 4013; x_wconf 89' lang='lat' dir='ltr'><strong>animis</strong></span> <span class='ocrx_word' id='word_1_590' title='bbox 564 3949 690 4030; x_wconf 91' lang='lat' dir='ltr'><strong>piorum</strong></span> <span class='ocrx_word' id='word_1_591' title='bbox 723 3950 857 4031; x_wconf 85' lang='lat' dir='ltr'><strong>inligat,</strong></span> <span class='ocrx_word' id='word_1_592' title='bbox 897 3949 1007 4014; x_wconf 91' lang='lat' dir='ltr'><strong>Deum</strong></span> <span class='ocrx_word' id='word_1_593' title='bbox 1041 3947 1163 4014; x_wconf 90' lang='lat' dir='ltr'><strong>scilicet</strong></span> <span class='ocrx_word' id='word_1_594' title='bbox 1213 3952 1301 4033; x_wconf 90' lang='lat' dir='ltr'><strong>ipsos</strong></span> <span class='ocrx_word' id='word_1_595' title='bbox 1334 3960 1462 4014; x_wconf 90' lang='lat' dir='ltr'><strong>tantum</strong></span> <span class='ocrx_word' id='word_1_596' title='bbox 1495 3953 1642 4033; x_wconf 90' lang='lat' dir='ltr'><strong>puniret,</strong></span> <span class='ocrx_word' id='word_1_597' title='bbox 1676 3973 1775 4034; x_wconf 92' lang='lat' dir='ltr'><strong>quum</strong></span> <span class='ocrx_word' id='word_1_598' title='bbox 1807 3959 1944 4017; x_wconf 87' lang='lat' dir='ltr'><strong>testatus</strong></span> <span class='ocrx_word' id='word_1_599' title='bbox 1974 3953 2018 4016; x_wconf 90' lang='lat' dir='ltr'><strong>eit</strong></span> <span class='ocrx_word' id='word_1_600' title='bbox 2044 3971 2122 4016; x_wconf 91' lang='lat' dir='ltr'><strong>eum</strong></span> <span class='ocrx_word' id='word_1_601' title='bbox 2143 3949 2183 4013; x_wconf 90' lang='lat' dir='ltr'><strong>de</strong></span> 
     </span>
     <span class='ocr_line' id='line_1_43' title="bbox 198 4033 2183 4120; baseline 0 -23"><span class='ocrx_word' id='word_1_602' title='bbox 198 4034 362 4098; x_wconf 89' lang='lat' dir='ltr'><strong>humanae</strong></span> <span class='ocrx_word' id='word_1_603' title='bbox 394 4036 464 4115; x_wconf 89' lang='lat' dir='ltr'><strong>opis</strong></span> <span class='ocrx_word' id='word_1_604' title='bbox 497 4055 562 4097; x_wconf 91' lang='lat' dir='ltr'><strong>non</strong></span> <span class='ocrx_word' id='word_1_605' title='bbox 593 4055 702 4116; x_wconf 85' lang='lat' dir='ltr'><strong>egere,</strong></span> <span class='ocrx_word' id='word_1_606' title='bbox 737 4053 775 4098; x_wconf 89' lang='lat' dir='ltr'><strong>ao</strong></span> <span class='ocrx_word' id='word_1_607' title='bbox 798 4055 856 4116; x_wconf 92' lang='lat' dir='ltr'><strong>per</strong></span> <span class='ocrx_word' id='word_1_608' title='bbox 884 4055 918 4098; x_wconf 91' lang='lat' dir='ltr'><strong>se</strong></span> <span class='ocrx_word' id='word_1_609' title='bbox 940 4035 1088 4098; x_wconf 87' lang='lat' dir='ltr'><strong>sulficere</strong></span> <span class='ocrx_word' id='word_1_610' title='bbox 1121 4033 1162 4098; x_wconf 90' lang='lat' dir='ltr'><strong>ad</strong></span> <span class='ocrx_word' id='word_1_611' title='bbox 1214 4037 1286 4100; x_wconf 89' lang='lat' dir='ltr'><strong>aliis</strong></span> <span class='ocrx_word' id='word_1_612' title='bbox 1309 4056 1433 4118; x_wconf 90' lang='lat' dir='ltr'><strong>quoque</strong></span> <span class='ocrx_word' id='word_1_613' title='bbox 1460 4037 1611 4117; x_wconf 82' lang='lat' dir='ltr'><strong>gentibus</strong></span> <span class='ocrx_word' id='word_1_614' title='bbox 1640 4057 1760 4120; x_wconf 90' lang='lat' dir='ltr'><strong>poenas</strong></span> <span class='ocrx_word' id='word_1_615' title='bbox 1786 4051 2001 4120; x_wconf 87' lang='lat' dir='ltr'><strong>sumpturum,</strong></span> <span class='ocrx_word' id='word_1_616' title='bbox 2031 4058 2073 4103; x_wconf 93' lang='lat' dir='ltr'><strong>ne</strong></span> <span class='ocrx_word' id='word_1_617' title='bbox 2096 4036 2183 4103; x_wconf 89' lang='lat' dir='ltr'><strong>solos</strong></span> 
     </span>
     <span class='ocr_line' id='line_1_44' title="bbox 199 4118 2183 4206; baseline 0.001 -22"><span class='ocrx_word' id='word_1_618' title='bbox 199 4120 338 4184; x_wconf 90' lang='lat' dir='ltr'><strong>salutem</strong></span> <span class='ocrx_word' id='word_1_619' title='bbox 363 4118 480 4200; x_wconf 91' lang='lat' dir='ltr'><strong>populo</strong></span> <span class='ocrx_word' id='word_1_620' title='bbox 503 4140 561 4182; x_wconf 93' lang='lat' dir='ltr'><strong>suo</strong></span> <span class='ocrx_word' id='word_1_621' title='bbox 584 4119 843 4200; x_wconf 87' lang='lat' dir='ltr'><strong>comparandam.</strong></span> <span class='ocrx_word' id='word_1_622' title='bbox 887 4120 996 4201; x_wconf 89' lang='lat' dir='ltr'><strong>Atque</strong></span> <span class='ocrx_word' id='word_1_623' title='bbox 1018 4119 1079 4182; x_wconf 88' lang='lat' dir='ltr'><strong>hac</strong></span> <span class='ocrx_word' id='word_1_624' title='bbox 1101 4120 1161 4182; x_wconf 91' lang='lat' dir='ltr'><strong>oir·</strong></span> <span class='ocrx_word' id='word_1_625' title='bbox 1214 4142 1249 4185; x_wconf 91' lang='lat' dir='ltr'><strong>se</strong></span> <span class='ocrx_word' id='word_1_626' title='bbox 1271 4141 1384 4185; x_wconf 89' lang='lat' dir='ltr'><strong>exosos</strong></span> <span class='ocrx_word' id='word_1_627' title='bbox 1405 4120 1479 4183; x_wconf 87' lang='lat' dir='ltr'><strong>Deo</strong></span> <span class='ocrx_word' id='word_1_628' title='bbox 1506 4142 1576 4185; x_wconf 90' lang='lat' dir='ltr'><strong>esse</strong></span> <span class='ocrx_word' id='word_1_629' title='bbox 1604 4123 1847 4187; x_wconf 84' lang='lat' dir='ltr'><strong>existimarent:</strong></span> <span class='ocrx_word' id='word_1_630' title='bbox 1879 4138 1976 4206; x_wconf 92' lang='lat' dir='ltr'><strong>atque</strong></span> <span class='ocrx_word' id='word_1_631' title='bbox 1996 4121 2071 4188; x_wconf 92' lang='lat' dir='ltr'><strong>ideo</strong></span> <span class='ocrx_word' id='word_1_632' title='bbox 2095 4142 2183 4187; x_wconf 85' lang='lat' dir='ltr'><strong>nune</strong></span> 
     </span>
     <span class='ocr_line' id='line_1_45' title="bbox 199 4203 2185 4287; baseline 0 -17"><span class='ocrx_word' id='word_1_633' title='bbox 199 4205 394 4271; x_wconf 87' lang='lat' dir='ltr'><strong>oumstantia</strong></span> <span class='ocrx_word' id='word_1_634' title='bbox 427 4205 530 4286; x_wconf 84' lang='lat' dir='ltr'><strong>magis</strong></span> <span class='ocrx_word' id='word_1_635' title='bbox 553 4205 696 4268; x_wconf 87' lang='lat' dir='ltr'><strong>illustrat</strong></span> <span class='ocrx_word' id='word_1_636' title='bbox 728 4224 825 4285; x_wconf 89' lang='lat' dir='ltr'><strong>quam</strong></span> <span class='ocrx_word' id='word_1_637' title='bbox 854 4212 1014 4268; x_wconf 85' lang='lat' dir='ltr'><strong>statuerat</strong></span> <span class='ocrx_word' id='word_1_638' title='bbox 1043 4203 1162 4285; x_wconf 92' lang='lat' dir='ltr'><strong>populo</strong></span> <span class='ocrx_word' id='word_1_639' title='bbox 1214 4206 1302 4287; x_wconf 90' lang='lat' dir='ltr'><strong>ipsos</strong></span> <span class='ocrx_word' id='word_1_640' title='bbox 1324 4204 1475 4270; x_wconf 91' lang='lat' dir='ltr'><strong>hortatur</strong></span> <span class='ocrx_word' id='word_1_641' title='bbox 1493 4207 1533 4269; x_wconf 93' lang='lat' dir='ltr'><strong>ad</strong></span> <span class='ocrx_word' id='word_1_642' title='bbox 1553 4207 1778 4272; x_wconf 87' lang='lat' dir='ltr'><strong>celebrandam</strong></span> <span class='ocrx_word' id='word_1_643' title='bbox 1800 4210 1989 4273; x_wconf 87' lang='lat' dir='ltr'><strong>memoriam</strong></span> <span class='ocrx_word' id='word_1_644' title='bbox 2013 4208 2185 4273; x_wconf 77' lang='lat' dir='ltr'><strong>benefitio·</strong></span> 
     </span>
     <span class='ocr_line' id='line_1_46' title="bbox 198 4286 2185 4375; baseline 0 -20"><span class='ocrx_word' id='word_1_645' title='bbox 198 4311 258 4355; x_wconf 93' lang='lat' dir='ltr'><strong>suo</strong></span> <span class='ocrx_word' id='word_1_646' title='bbox 287 4310 380 4372; x_wconf 92' lang='lat' dir='ltr'><strong>opem</strong></span> <span class='ocrx_word' id='word_1_647' title='bbox 413 4289 513 4364; x_wconf 85' lang='lat' dir='ltr'><strong>serre,</strong></span> <span class='ocrx_word' id='word_1_648' title='bbox 548 4290 666 4370; x_wconf 86' lang='lat' dir='ltr'><strong>partim</strong></span> <span class='ocrx_word' id='word_1_649' title='bbox 700 4303 736 4352; x_wconf 90' lang='lat' dir='ltr'><strong>ut</strong></span> <span class='ocrx_word' id='word_1_650' title='bbox 765 4286 977 4353; x_wconf 87' lang='lat' dir='ltr'><strong>diffidentiam</strong></span> <span class='ocrx_word' id='word_1_651' title='bbox 1011 4289 1162 4370; x_wconf 85' lang='lat' dir='ltr'><strong>corrigat,</strong></span> <span class='ocrx_word' id='word_1_652' title='bbox 1214 4290 1494 4372; x_wconf 91' lang='lat' dir='ltr'><strong>rumquaeDeus</strong></span> <span class='ocrx_word' id='word_1_653' title='bbox 1516 4292 1680 4375; x_wconf 85' lang='lat' dir='ltr'><strong>inpetres</strong></span> <span class='ocrx_word' id='word_1_654' title='bbox 1703 4293 1780 4358; x_wconf 92' lang='lat' dir='ltr'><strong>olim</strong></span> <span class='ocrx_word' id='word_1_655' title='bbox 1803 4294 1993 4371; x_wconf 89' lang='lat' dir='ltr'><strong>contulerat,</strong></span> <span class='ocrx_word' id='word_1_656' title='bbox 2016 4306 2185 4359; x_wconf 90' lang='lat' dir='ltr'><strong>uteorum</strong></span> 
     </span>
     <span class='ocr_line' id='line_1_47' title="bbox 198 4372 2184 4467; baseline 0.002 -29"><span class='ocrx_word' id='word_1_657' title='bbox 198 4375 316 4459; x_wconf 88' lang='lat' dir='ltr'><strong>partim</strong></span> <span class='ocrx_word' id='word_1_658' title='bbox 345 4375 440 4438; x_wconf 92' lang='lat' dir='ltr'><strong>utin</strong></span> <span class='ocrx_word' id='word_1_659' title='bbox 467 4385 633 4454; x_wconf 90' lang='lat' dir='ltr'><strong>posterum</strong></span> <span class='ocrx_word' id='word_1_660' title='bbox 662 4373 703 4437; x_wconf 92' lang='lat' dir='ltr'><strong>ad</strong></span> <span class='ocrx_word' id='word_1_661' title='bbox 732 4373 966 4456; x_wconf 85' lang='lat' dir='ltr'><strong>gratitudinem</strong></span> <span class='ocrx_word' id='word_1_662' title='bbox 997 4372 1161 4437; x_wconf 90' lang='lat' dir='ltr'><strong>hortetur:</strong></span> <span class='ocrx_word' id='word_1_663' title='bbox 1187 4442 1190 4467; x_wconf 47' lang='grc'>1</span> <span class='ocrx_word' id='word_1_664' title='bbox 1214 4375 1373 4458; x_wconf 90' lang='lat' dir='ltr'><strong>exemplis</strong></span> <span class='ocrx_word' id='word_1_665' title='bbox 1395 4395 1537 4441; x_wconf 89' lang='lat' dir='ltr'><strong>amorem</strong></span> <span class='ocrx_word' id='word_1_666' title='bbox 1554 4378 1616 4442; x_wconf 93' lang='lat' dir='ltr'><strong>Dei</strong></span> <span class='ocrx_word' id='word_1_667' title='bbox 1639 4399 1717 4461; x_wconf 77' lang='lat' dir='ltr'><strong>erga</strong></span> <span class='ocrx_word' id='word_1_668' title='bbox 1734 4399 1769 4443; x_wconf 93' lang='lat' dir='ltr'><strong>se</strong></span> <span class='ocrx_word' id='word_1_669' title='bbox 1787 4379 1903 4444; x_wconf 88' lang='lat' dir='ltr'><strong>melius</strong></span> <span class='ocrx_word' id='word_1_670' title='bbox 1924 4378 2184 4463; x_wconf 88' lang='lat' dir='ltr'><strong>apprehendant.</strong></span> 
     </span>
     <span class='ocr_line' id='line_1_48' title="bbox 199 4457 2185 4549; baseline 0.001 -24"><span class='ocrx_word' id='word_1_671' title='bbox 199 4463 336 4526; x_wconf 91' lang='lat' dir='ltr'><strong>alienam</strong></span> <span class='ocrx_word' id='word_1_672' title='bbox 360 4460 447 4523; x_wconf 92' lang='lat' dir='ltr'><strong>enim</strong></span> <span class='ocrx_word' id='word_1_673' title='bbox 471 4480 640 4539; x_wconf 90' lang='lat' dir='ltr'><strong>personam</strong></span> <span class='ocrx_word' id='word_1_674' title='bbox 663 4459 770 4523; x_wconf 91' lang='lat' dir='ltr'><strong>induit</strong></span> <span class='ocrx_word' id='word_1_675' title='bbox 787 4457 889 4533; x_wconf 92' lang='lat' dir='ltr'><strong>Deus,</strong></span> <span class='ocrx_word' id='word_1_676' title='bbox 912 4479 1012 4540; x_wconf 93' lang='lat' dir='ltr'><strong>quum</strong></span> <span class='ocrx_word' id='word_1_677' title='bbox 1035 4458 1111 4521; x_wconf 88' lang='lat' dir='ltr'><strong>dicit</strong></span> <span class='ocrx_word' id='word_1_678' title='bbox 1129 4481 1163 4523; x_wconf 91' lang='lat' dir='ltr'><strong>se</strong></span> <span class='ocrx_word' id='word_1_679' title='bbox 1187 4474 1190 4487; x_wconf 72' lang='lat'><strong>²</strong></span> <span class='ocrx_word' id='word_1_680' title='bbox 1214 4462 1258 4524; x_wconf 81' lang='lat' dir='ltr'><strong>Et</strong></span> <span class='ocrx_word' id='word_1_681' title='bbox 1291 4482 1332 4524; x_wconf 89' lang='lat' dir='ltr'><strong>ex</strong></span> <span class='ocrx_word' id='word_1_682' title='bbox 1366 4467 1520 4525; x_wconf 85' lang='lat' dir='ltr'><strong>contextu</strong></span> <span class='ocrx_word' id='word_1_683' title='bbox 1552 4462 1671 4529; x_wconf 86' lang='lat' dir='ltr'><strong>clarius</strong></span> <span class='ocrx_word' id='word_1_684' title='bbox 1708 4464 1829 4546; x_wconf 89' lang='lat' dir='ltr'><strong>patebit</strong></span> <span class='ocrx_word' id='word_1_685' title='bbox 1862 4462 1999 4531; x_wconf 88' lang='lat' dir='ltr'><strong>Iudaeos</strong></span> <span class='ocrx_word' id='word_1_686' title='bbox 2036 4465 2185 4549; x_wconf 86' lang='lat' dir='ltr'><strong>patribus</strong></span> 
     </span>
     <span class='ocr_line' id='line_1_49' title="bbox 199 4500 2185 4630; baseline 0.002 -20"><span class='ocrx_word' id='word_1_687' title='bbox 199 4550 291 4630; x_wconf 88' lang='lat' dir='ltr'><strong>quasi</strong></span> <span class='ocrx_word' id='word_1_688' title='bbox 322 4547 498 4609; x_wconf 88' lang='lat' dir='ltr'><strong>attonitum</strong></span> <span class='ocrx_word' id='word_1_689' title='bbox 532 4545 676 4608; x_wconf 90' lang='lat' dir='ltr'><strong>stetisse:</strong></span> <span class='ocrx_word' id='word_1_690' title='bbox 710 4545 784 4624; x_wconf 90' lang='lat' dir='ltr'><strong>quia</strong></span> <span class='ocrx_word' id='word_1_691' title='bbox 815 4544 866 4606; x_wconf 88' lang='lat' dir='ltr'><strong>hio</strong></span> <span class='ocrx_word' id='word_1_692' title='bbox 894 4554 1007 4623; x_wconf 89' lang='lat' dir='ltr'><strong>stupor</strong></span> <span class='ocrx_word' id='word_1_693' title='bbox 1036 4545 1163 4626; x_wconf 91' lang='lat' dir='ltr'><strong>proprie</strong></span> <span class='ocrx_word' id='word_1_694' title='bbox 1187 4500 1191 4611; x_wconf 83' lang='lat' dir='ltr'><strong>i</strong></span> <span class='ocrx_word' id='word_1_695' title='bbox 1214 4545 1280 4610; x_wconf 89' lang='lat' dir='ltr'><strong>suis</strong></span> <span class='ocrx_word' id='word_1_696' title='bbox 1303 4547 1466 4629; x_wconf 86' lang='lat' dir='ltr'><strong>coniungi,</strong></span> <span class='ocrx_word' id='word_1_697' title='bbox 1489 4557 1527 4611; x_wconf 93' lang='lat' dir='ltr'><strong>ut</strong></span> <span class='ocrx_word' id='word_1_698' title='bbox 1548 4568 1720 4613; x_wconf 89' lang='lat' dir='ltr'><strong>commune</strong></span> <span class='ocrx_word' id='word_1_699' title='bbox 1742 4549 1855 4615; x_wconf 81' lang='lat' dir='ltr'><strong>foedus</strong></span> <span class='ocrx_word' id='word_1_700' title='bbox 1877 4551 1912 4614; x_wconf 91' lang='lat' dir='ltr'><strong>in</strong></span> <span class='ocrx_word' id='word_1_701' title='bbox 1933 4570 1988 4616; x_wconf 87' lang='lat' dir='ltr'><strong>ees</strong></span> <span class='ocrx_word' id='word_1_702' title='bbox 2004 4550 2048 4614; x_wconf 92' lang='lat' dir='ltr'><strong>ad</strong></span> <span class='ocrx_word' id='word_1_703' title='bbox 2065 4550 2185 4617; x_wconf 87' lang='lat' dir='ltr'><strong>bonam</strong></span> 
     </span>
     <span class='ocr_line' id='line_1_50' title="bbox 200 4626 1460 4763; baseline -0.002 -66"><span class='ocrx_word' id='word_1_704' title='bbox 200 4644 271 4697; x_wconf 91' lang='lat' dir='ltr'><strong>erat</strong></span> <span class='ocrx_word' id='word_1_705' title='bbox 293 4633 326 4695; x_wconf 92' lang='lat' dir='ltr'><strong>in</strong></span> <span class='ocrx_word' id='word_1_706' title='bbox 348 4628 486 4704; x_wconf 89' lang='lat' dir='ltr'><strong>Iudaeis,</strong></span> <span class='ocrx_word' id='word_1_707' title='bbox 515 4631 569 4710; x_wconf 92' lang='lat' dir='ltr'><strong>qui</strong></span> <span class='ocrx_word' id='word_1_708' title='bbox 593 4630 649 4691; x_wconf 90' lang='lat' dir='ltr'><strong>vix</strong></span> <span class='ocrx_word' id='word_1_709' title='bbox 671 4628 845 4692; x_wconf 89' lang='lat' dir='ltr'><strong>credebant</strong></span> <span class='ocrx_word' id='word_1_710' title='bbox 867 4626 952 4708; x_wconf 92' lang='lat' dir='ltr'><strong>quod</strong></span> <span class='ocrx_word' id='word_1_711' title='bbox 974 4627 1163 4693; x_wconf 91' lang='lat' dir='ltr'><strong>humanitus</strong></span> <span class='ocrx_word' id='word_1_712' title='bbox 1187 4626 1191 4763; x_wconf 62' lang='grc'>1</span> <span class='ocrx_word' id='word_1_713' title='bbox 1214 4651 1305 4711; x_wconf 92' lang='lat' dir='ltr'><strong>spem</strong></span> <span class='ocrx_word' id='word_1_714' title='bbox 1328 4631 1460 4695; x_wconf 91' lang='lat' dir='ltr'><strong>animet.</strong></span> 
     </span>
     <span class='ocr_line' id='line_1_51' title="bbox 199 4711 2186 4803; baseline 0 -21"><span class='ocrx_word' id='word_1_715' title='bbox 199 4719 272 4782; x_wconf 90' lang='lat' dir='ltr'><strong>fieri</strong></span> <span class='ocrx_word' id='word_1_716' title='bbox 295 4737 360 4781; x_wconf 92' lang='lat' dir='ltr'><strong>non</strong></span> <span class='ocrx_word' id='word_1_717' title='bbox 384 4726 521 4796; x_wconf 90' lang='lat' dir='ltr'><strong>poterat.</strong></span> <span class='ocrx_word' id='word_1_718' title='bbox 553 4714 671 4795; x_wconf 89' lang='lat' dir='ltr'><strong>Itaque</strong></span> <span class='ocrx_word' id='word_1_719' title='bbox 694 4713 843 4777; x_wconf 89' lang='lat' dir='ltr'><strong>omnibus</strong></span> <span class='ocrx_word' id='word_1_720' title='bbox 865 4711 1071 4777; x_wconf 89' lang='lat' dir='ltr'><strong>adminiculis</strong></span> <span class='ocrx_word' id='word_1_721' title='bbox 1094 4713 1191 4793; x_wconf 77' lang='lat' dir='ltr'><strong>bra,</strong></span> <span class='ocrx_word' id='word_1_722' title='bbox 1299 4713 1503 4803; x_wconf 79' lang='lat' dir='ltr'><strong>(Tanquam.)</strong></span> <span class='ocrx_word' id='word_1_723' title='bbox 1543 4719 1630 4783; x_wconf 90' lang='lat' dir='ltr'><strong>Usus</strong></span> <span class='ocrx_word' id='word_1_724' title='bbox 1648 4731 1698 4786; x_wconf 90' lang='lat' dir='ltr'><strong>est</strong></span> <span class='ocrx_word' id='word_1_725' title='bbox 1715 4721 1875 4802; x_wconf 91' lang='lat' dir='ltr'><strong>particula</strong></span> <span class='ocrx_word' id='word_1_726' title='bbox 1896 4720 2132 4803; x_wconf 87' lang='lat' dir='ltr'><strong>similitudinis,</strong></span> <span class='ocrx_word' id='word_1_727' title='bbox 2150 4732 2186 4785; x_wconf 92' lang='lat' dir='ltr'><strong>ut</strong></span> 
     </span>
     <span class='ocr_line' id='line_1_52' title="bbox 200 4797 2185 4913; baseline 0.001 -45"><span class='ocrx_word' id='word_1_728' title='bbox 200 4805 311 4869; x_wconf 89' lang='lat' dir='ltr'><strong>chium</strong></span> <span class='ocrx_word' id='word_1_729' title='bbox 335 4821 431 4866; x_wconf 91' lang='lat' dir='ltr'><strong>suum</strong></span> <span class='ocrx_word' id='word_1_730' title='bbox 460 4801 609 4881; x_wconf 90' lang='lat' dir='ltr'><strong>opponit,</strong></span> <span class='ocrx_word' id='word_1_731' title='bbox 640 4799 733 4863; x_wconf 90' lang='lat' dir='ltr'><strong>cuius</strong></span> <span class='ocrx_word' id='word_1_732' title='bbox 756 4797 1000 4880; x_wconf 81' lang='lat' dir='ltr'><strong>inexpugnabili</strong></span> <span class='ocrx_word' id='word_1_733' title='bbox 1023 4801 1165 4880; x_wconf 89' lang='lat' dir='ltr'><strong>potentia</strong></span> <span class='ocrx_word' id='word_1_734' title='bbox 1188 4802 1191 4913; x_wconf 58' lang='lat' dir='ltr'><strong>l</strong></span> <span class='ocrx_word' id='word_1_735' title='bbox 1215 4801 1365 4864; x_wconf 88' lang='lat' dir='ltr'><strong>ostendat</strong></span> <span class='ocrx_word' id='word_1_736' title='bbox 1396 4802 1487 4867; x_wconf 87' lang='lat' dir='ltr'><strong>nobie</strong></span> <span class='ocrx_word' id='word_1_737' title='bbox 1515 4805 1548 4867; x_wconf 94' lang='lat' dir='ltr'><strong>in</strong></span> <span class='ocrx_word' id='word_1_738' title='bbox 1572 4806 1668 4870; x_wconf 87' lang='lat' dir='ltr'><strong>rebus</strong></span> <span class='ocrx_word' id='word_1_739' title='bbox 1696 4807 1842 4871; x_wconf 86' lang='lat' dir='ltr'><strong>adversis</strong></span> <span class='ocrx_word' id='word_1_740' title='bbox 1872 4807 1983 4870; x_wconf 89' lang='lat' dir='ltr'><strong>statim</strong></span> <span class='ocrx_word' id='word_1_741' title='bbox 2013 4827 2185 4873; x_wconf 88' lang='lat' dir='ltr'><strong>occurrere</strong></span> 
     </span>
     <span class='ocr_line' id='line_1_53' title="bbox 201 4884 2186 4974; baseline 0 -20"><span class='ocrx_word' id='word_1_742' title='bbox 201 4912 236 4954; x_wconf 92' lang='lat' dir='ltr'><strong>se</strong></span> <span class='ocrx_word' id='word_1_743' title='bbox 258 4890 326 4953; x_wconf 89' lang='lat' dir='ltr'><strong>lore</strong></span> <span class='ocrx_word' id='word_1_744' title='bbox 348 4893 537 4951; x_wconf 89' lang='lat' dir='ltr'><strong>contentum</strong></span> <span class='ocrx_word' id='word_1_745' title='bbox 567 4884 661 4959; x_wconf 88' lang='lat' dir='ltr'><strong>dicit,</strong></span> <span class='ocrx_word' id='word_1_746' title='bbox 695 4896 761 4947; x_wconf 88' lang='lat' dir='ltr'><strong>tam</strong></span> <span class='ocrx_word' id='word_1_747' title='bbox 791 4894 827 4947; x_wconf 91' lang='lat' dir='ltr'><strong>ut</strong></span> <span class='ocrx_word' id='word_1_748' title='bbox 854 4903 987 4947; x_wconf 91' lang='lat' dir='ltr'><strong>suorum</strong></span> <span class='ocrx_word' id='word_1_749' title='bbox 1019 4896 1191 4969; x_wconf 77' lang='lat' dir='ltr'><strong>servator,</strong></span> <span class='ocrx_word' id='word_1_750' title='bbox 1216 4884 1331 4949; x_wconf 92' lang='lat' dir='ltr'><strong>debere</strong></span> <span class='ocrx_word' id='word_1_751' title='bbox 1361 4907 1399 4950; x_wconf 86' lang='lat' dir='ltr'><strong>en</strong></span> <span class='ocrx_word' id='word_1_752' title='bbox 1428 4886 1582 4953; x_wconf 86' lang='lat' dir='ltr'><strong>beneficia</strong></span> <span class='ocrx_word' id='word_1_753' title='bbox 1615 4892 1731 4971; x_wconf 90' lang='lat' dir='ltr'><strong>quibus</strong></span> <span class='ocrx_word' id='word_1_754' title='bbox 1763 4891 1919 4974; x_wconf 90' lang='lat' dir='ltr'><strong>populum</strong></span> <span class='ocrx_word' id='word_1_755' title='bbox 1950 4914 2047 4957; x_wconf 90' lang='lat' dir='ltr'><strong>suum</strong></span> <span class='ocrx_word' id='word_1_756' title='bbox 2076 4893 2186 4958; x_wconf 84' lang='lat' dir='ltr'><strong>affecit</strong></span> 
     </span>
     <span class='ocr_line' id='line_1_54' title="bbox 201 4970 2185 5058; baseline 0.001 -18"><span class='ocrx_word' id='word_1_757' title='bbox 201 4984 372 5057; x_wconf 90' lang='lat' dir='ltr'><strong>appareat,</strong></span> <span class='ocrx_word' id='word_1_758' title='bbox 405 4992 502 5053; x_wconf 88' lang='lat' dir='ltr'><strong>quam</strong></span> <span class='ocrx_word' id='word_1_759' title='bbox 535 4980 570 5034; x_wconf 92' lang='lat' dir='ltr'><strong>ut</strong></span> <span class='ocrx_word' id='word_1_760' title='bbox 601 4970 735 5050; x_wconf 90' lang='lat' dir='ltr'><strong>dissipet</strong></span> <span class='ocrx_word' id='word_1_761' title='bbox 768 4988 805 5031; x_wconf 85' lang='lat' dir='ltr'><strong>ae</strong></span> <span class='ocrx_word' id='word_1_762' title='bbox 837 4980 1022 5049; x_wconf 90' lang='lat' dir='ltr'><strong>prosternat</strong></span> <span class='ocrx_word' id='word_1_763' title='bbox 1054 4991 1165 5033; x_wconf 90' lang='lat' dir='ltr'><strong>omnes</strong></span> <span class='ocrx_word' id='word_1_764' title='bbox 1189 5010 1192 5057; x_wconf 78' lang='lat'><strong>,</strong></span> <span class='ocrx_word' id='word_1_765' title='bbox 1216 4971 1394 5050; x_wconf 86' lang='lat' dir='ltr'><strong>Dominus,</strong></span> <span class='ocrx_word' id='word_1_766' title='bbox 1428 4994 1465 5037; x_wconf 85' lang='lat' dir='ltr'><strong>ae</strong></span> <span class='ocrx_word' id='word_1_767' title='bbox 1492 4976 1518 5039; x_wconf 84' lang='lat' dir='ltr'><strong>si</strong></span> <span class='ocrx_word' id='word_1_768' title='bbox 1548 4974 1589 5038; x_wconf 93' lang='lat' dir='ltr'><strong>ob</strong></span> <span class='ocrx_word' id='word_1_769' title='bbox 1618 4976 1727 5040; x_wconf 89' lang='lat' dir='ltr'><strong>oculos</strong></span> <span class='ocrx_word' id='word_1_770' title='bbox 1760 4980 1863 5058; x_wconf 88' lang='lat' dir='ltr'><strong>posita</strong></span> <span class='ocrx_word' id='word_1_771' title='bbox 1896 4988 2020 5057; x_wconf 87' lang='lat' dir='ltr'><strong>essent,</strong></span> <span class='ocrx_word' id='word_1_772' title='bbox 2056 4979 2185 5043; x_wconf 90' lang='lat' dir='ltr'><strong>tametsi</strong></span> 
     </span>
    </p>
   </div>
   <div class='ocr_carea' id='block_1_4' title="bbox 201 5056 2186 5227">
    <p class='ocr_par' dir='ltr' id='par_1_4' title="bbox 201 5056 2186 5227">
     <span class='ocr_line' id='line_1_55' title="bbox 201 5056 2186 5145; baseline 0.004 -24"><span class='ocrx_word' id='word_1_773' title='bbox 201 5081 328 5141; x_wconf 80' lang='lat' dir='ltr'><strong>impios.</strong></span> <span class='ocrx_word' id='word_1_774' title='bbox 679 5139 682 5143; x_wconf 19' lang='lat'>¹</span> <span class='ocrx_word' id='word_1_775' title='bbox 1189 5064 1192 5093; x_wconf 79' lang='lat'>¹</span> <span class='ocrx_word' id='word_1_776' title='bbox 1216 5056 1314 5136; x_wconf 82' lang='lat' dir='ltr'><strong>longa</strong></span> <span class='ocrx_word' id='word_1_777' title='bbox 1336 5067 1499 5122; x_wconf 86' lang='lat' dir='ltr'><strong>vetustate</strong></span> <span class='ocrx_word' id='word_1_778' title='bbox 1521 5061 1647 5142; x_wconf 87' lang='lat' dir='ltr'><strong>sepulta</strong></span> <span class='ocrx_word' id='word_1_779' title='bbox 1669 5060 1852 5126; x_wconf 87' lang='lat' dir='ltr'><strong>videantur:</strong></span> <span class='ocrx_word' id='word_1_780' title='bbox 1876 5064 1952 5145; x_wconf 89' lang='lat' dir='ltr'><strong>quia</strong></span> <span class='ocrx_word' id='word_1_781' title='bbox 1975 5065 2039 5129; x_wconf 89' lang='lat' dir='ltr'><strong>nisi</strong></span> <span class='ocrx_word' id='word_1_782' title='bbox 2062 5064 2105 5129; x_wconf 92' lang='lat' dir='ltr'><strong>ad</strong></span> <span class='ocrx_word' id='word_1_783' title='bbox 2128 5086 2186 5129; x_wconf 90' lang='lat' dir='ltr'><strong>nos</strong></span> 
     </span>
     <span class='ocr_line' id='line_1_56' title="bbox 287 5136 2185 5227; baseline 0.003 -20"><span class='ocrx_word' id='word_1_784' title='bbox 287 5146 316 5209; x_wconf 88' lang='grc'><strong>6.</strong></span> <span class='ocrx_word' id='word_1_785' title='bbox 347 5143 403 5227; x_wconf 85' lang='lat' dir='ltr'><strong>(Et</strong></span> <span class='ocrx_word' id='word_1_786' title='bbox 423 5139 623 5225; x_wconf 69' lang='lat' dir='ltr'><strong>carnulenta.)</strong></span> <span class='ocrx_word' id='word_1_787' title='bbox 667 5137 840 5203; x_wconf 74' lang='lat' dir='ltr'><strong>Concludit</strong></span> <span class='ocrx_word' id='word_1_788' title='bbox 862 5158 901 5201; x_wconf 90' lang='lat' dir='ltr'><strong>cx</strong></span> <span class='ocrx_word' id='word_1_789' title='bbox 927 5139 1073 5218; x_wconf 88' lang='lat' dir='ltr'><strong>proxima</strong></span> <span class='ocrx_word' id='word_1_790' title='bbox 1094 5163 1165 5204; x_wconf 87' lang='lat' dir='ltr'><strong>sen·</strong></span> <span class='ocrx_word' id='word_1_791' title='bbox 1190 5136 1194 5217; x_wconf 53' lang='lat'><strong>¹.</strong></span> <span class='ocrx_word' id='word_1_792' title='bbox 1217 5142 1410 5222; x_wconf 88' lang='lat' dir='ltr'><strong>pertineant,</strong></span> <span class='ocrx_word' id='word_1_793' title='bbox 1434 5145 1551 5227; x_wconf 82' lang='lat' dir='ltr'><strong>frigida</strong></span> <span class='ocrx_word' id='word_1_794' title='bbox 1573 5157 1604 5208; x_wconf 93' lang='lat' dir='ltr'><strong>et</strong></span> <span class='ocrx_word' id='word_1_795' title='bbox 1623 5148 1748 5212; x_wconf 89' lang='lat' dir='ltr'><strong>inutilis</strong></span> <span class='ocrx_word' id='word_1_796' title='bbox 1770 5149 1831 5212; x_wconf 90' lang='lat' dir='ltr'><strong>erit</strong></span> <span class='ocrx_word' id='word_1_797' title='bbox 1853 5169 1965 5213; x_wconf 88' lang='lat' dir='ltr'><strong>eorum</strong></span> <span class='ocrx_word' id='word_1_798' title='bbox 1988 5150 2185 5216; x_wconf 90' lang='lat' dir='ltr'><strong>recordatio:</strong></span> 
     </span>
    </p>
   </div>
   <div class='ocr_carea' id='block_1_5' title="bbox 202 5222 2187 5320">
    <p class='ocr_par' dir='ltr' id='par_1_5' title="bbox 202 5222 2187 5320">
     <span class='ocr_line' id='line_1_57' title="bbox 202 5222 2187 5320; baseline 0.004 -26"><span class='ocrx_word' id='word_1_799' title='bbox 202 5231 304 5294; x_wconf 85' lang='lat' dir='ltr'><strong>tentia</strong></span> <span class='ocrx_word' id='word_1_800' title='bbox 332 5231 414 5293; x_wconf 91' lang='lat' dir='ltr'><strong>iram</strong></span> <span class='ocrx_word' id='word_1_801' title='bbox 441 5230 502 5292; x_wconf 92' lang='lat' dir='ltr'><strong>Dei</strong></span> <span class='ocrx_word' id='word_1_802' title='bbox 535 5228 614 5292; x_wconf 89' lang='lat' dir='ltr'><strong>satis</strong></span> <span class='ocrx_word' id='word_1_803' title='bbox 642 5225 781 5290; x_wconf 87' lang='lat' dir='ltr'><strong>validam</strong></span> <span class='ocrx_word' id='word_1_804' title='bbox 816 5244 885 5288; x_wconf 87' lang='lat' dir='ltr'><strong>esse</strong></span> <span class='ocrx_word' id='word_1_805' title='bbox 917 5222 957 5286; x_wconf 90' lang='lat' dir='ltr'><strong>ad</strong></span> <span class='ocrx_word' id='word_1_806' title='bbox 988 5223 1194 5305; x_wconf 72' lang='lat' dir='ltr'><strong>perdendos?</strong></span> <span class='ocrx_word' id='word_1_807' title='bbox 1218 5227 1302 5307; x_wconf 88' lang='lat' dir='ltr'><strong>quod</strong></span> <span class='ocrx_word' id='word_1_808' title='bbox 1333 5229 1431 5293; x_wconf 91' lang='lat' dir='ltr'><strong>etiam</strong></span> <span class='ocrx_word' id='word_1_809' title='bbox 1461 5232 1632 5295; x_wconf 87' lang='lat' dir='ltr'><strong>confirmat</strong></span> <span class='ocrx_word' id='word_1_810' title='bbox 1658 5234 1814 5313; x_wconf 85' lang='lat' dir='ltr'><strong>particula</strong></span> <span class='ocrx_word' id='word_1_811' title='bbox 1837 5234 1948 5299; x_wconf 81' lang='lat' dir='ltr'><strong>Nobis.</strong></span> <span class='ocrx_word' id='word_1_812' title='bbox 1993 5236 2078 5300; x_wconf 91' lang='lat' dir='ltr'><strong>Nam</strong></span> <span class='ocrx_word' id='word_1_813' title='bbox 2111 5238 2187 5320; x_wconf 91' lang='lat' dir='ltr'><strong>quia</strong></span> 
     </span>
    </p>
   </div>
   <div class='ocr_carea' id='block_1_6' title="bbox 0 0 2407 5970">
    <p class='ocr_par' dir='ltr' id='par_1_6' title="bbox 0 0 2407 5970">
     <span class='ocr_line' id='line_1_58' title="bbox 0 0 2407 5970; baseline 0 0"><span class='ocrx_word' id='word_1_814' title='bbox 0 0 2407 5970; x_wconf 95' lang='lat' dir='ltr'><strong> </strong></span> 
     </span>
    </p>
   </div>
  </div>
 </body>
</html>
