4784 5970
272 332 334 396 587
1081 320 1467 389 cadenaculoacs
2241 318 2307 384 588

270 519 343 584 Hac
376 532 425 582 est
459 517 556 580 nimis
590 514 743 598 frigidum
786 525 818 578 et
852 513 1072 597 nugatorium.
1130 511 1272 602 Neque!
1382 510 1506 577 Iterum
1529 514 1647 594 repetit
1669 514 1831 596 propheta
1860 510 1946 595 quod
1975 511 2139 586 dixerat,
2180 528 2308 590 nempe

271 606 358 668 enim
382 602 540 683 propheta
563 600 707 681 disputat
730 599 769 662 da
799 619 899 663 causa
926 598 1058 663 salutis:
1093 594 1151 660 sed
1180 595 1242 672 bic,
1268 612 1272 697 1
1298 592 1434 660 Iudaeos
1475 617 1533 679 pra
1566 618 1626 662 sua
1659 599 1839 680 pertinacia
1872 595 2019 662 addictos
2054 616 2139 662 esse
2180 594 2308 658 ultimo

271 686 541 772 quemadmodum
565 688 627 749 ianr
652 684 729 759 dixi,
753 684 943 765 simpliciter
965 683 1066 758 dccet,
1096 681 1244 745 homines
1297 680 1407 757 axitia,
1435 683 1588 763 quoniam
1612 684 1708 748 toties
1730 692 1763 748 st
1791 693 1858 748 tam
1888 682 1986 765 longo
2018 690 2193 764 tempore
2226 699 2308 744 exa·

271 774 367 837 nimis
389 771 539 836 socordes
562 791 643 851 asse,
666 768 742 832 dum
767 779 900 851 sperant
922 767 983 832 sibi
1006 768 1154 849 quietum
1177 765 1244 829 fora
1296 765 1502 831 cerbaverint
1532 768 1654 845 Deum,
1689 787 1794 849 nequa
1827 769 1935 832 lacum
1969 767 2137 832 dederint
2174 765 2309 830 sanctis

269 868 406 934 statum,
438 856 491 920 ubi
516 855 633 919 ballum
658 865 776 936 gerunt
799 875 873 918 cum
895 852 981 930 Deo,
1012 863 1045 916 et
1067 852 1123 916 ille
1146 852 1242 914 etiam
1298 850 1547 928 monitionibus,
1582 874 1682 935 quum
1707 853 1797 919 Deus
1826 875 1884 935 par
1905 871 2018 918 servos
2050 870 2143 916 suos
2168 860 2209 915 et
2233 869 2310 932 prc-

270 954 417 1007 armatus
440 950 489 1004 est
517 941 557 1004 ad
589 962 623 1004 se
652 939 874 1004 ulciscendum
902 949 1016 1003 contra
1045 959 1109 1002 eos.
1155 937 1244 1017 Ergo
1269 982 1272 1061 y
1297 935 1411 1017 phetas
1434 935 1499 1001 illis
1523 939 1651 1002 veniam
1674 938 1817 1016 offerret,
1840 939 1869 1004 si
1885 938 2141 1019 resipiscerent.
2183 935 2309 1001 Caete-

270 1029 324 1092 hic
349 1048 412 1091 non
436 1027 658 1108 quaerendum
682 1036 747 1102 est,
775 1046 816 1087 an
846 1044 906 1088 sua
935 1023 1135 1105 paenitentia
1158 1021 1243 1085 redi·
1269 1066 1271 1077 .
1298 1042 1370 1084 rum
1395 1032 1483 1087 totus
1504 1031 1678 1088 contextus
1707 1043 1803 1105 quem
1833 1045 1919 1088 nuno
1948 1042 2126 1105 exponam
2161 1040 2309 1104 reprae-

271 1121 340 1178 mat
362 1133 397 1176 se
421 1120 566 1192 peccator
588 1131 606 1174 e
630 1131 728 1173 manu
746 1112 824 1173 Dei:
848 1108 903 1173 sed
920 1115 1049 1172 tantum
1064 1108 1126 1172 hoc
1143 1128 1242 1170 unum
1269 1084 1272 1209 Ι
1297 1105 1438 1170 sentabit
1460 1106 1501 1171 ad
1525 1108 1637 1171 rivum
1660 1109 1785 1173 cladem
1802 1129 1884 1192 quae
1900 1117 1979 1173 tnnc
1993 1106 2175 1173 instabat:
2201 1104 2310 1172 sicuti

273 1198 344 1263 vult
373 1197 549 1279 propheta,
585 1217 648 1258 non
672 1217 784 1276 posse,
819 1195 880 1258 nisi
911 1193 1037 1274 placato
1061 1195 1150 1272 Dec,
1184 1213 1245 1256 nos
1297 1193 1330 1255 in
1372 1190 1433 1255 hoc
1472 1213 1570 1256 versu
1612 1192 1762 1258 videmus
1796 1213 1868 1258 esse
1899 1191 2149 1276 hypotyposin.
2215 1191 2308 1256 Nam

272 1303 343 1348 esse
364 1283 489 1362 quietos
512 1290 545 1344 at
567 1302 706 1344 securas.
753 1281 797 1344 Et
820 1279 916 1343 simul
944 1278 1101 1356 ostendit,
1138 1278 1243 1342 Deum
1298 1276 1429 1340 subiicit
1452 1278 1612 1358 propheta
1633 1284 1711 1342 ante
1734 1278 1848 1344 oculos
1864 1278 1951 1360 quod
1975 1299 2040 1342 non
2060 1284 2210 1360 poterat
2230 1295 2310 1340 ver·

273 1388 338 1431 non
361 1369 428 1431 lore
448 1366 537 1430 nobis
554 1366 742 1448 propitium,
766 1365 869 1428 danea
883 1364 1128 1444 resipuerimus,
1149 1361 1245 1444 idque
1298 1361 1348 1424 bis
1378 1363 1457 1426 satis
1487 1363 1635 1444 exprimi.
1683 1363 1771 1428 Dicit
1799 1383 1901 1429 coeam
1928 1365 2132 1429 scauuiare
2165 1384 2185 1425 e
2209 1361 2307 1428 Dari.

272 1474 313 1517 ex
336 1453 452 1528 auimo,
476 1451 528 1514 vel
552 1473 593 1514 ax
616 1472 697 1531 pura
721 1447 826 1513 cordis
849 1449 978 1513 affectu.
1013 1449 1132 1511 Postea
1147 1446 1245 1524 addit,
1297 1446 1382 1509 Erat
1425 1455 1533 1512 autem
1577 1457 1745 1512 extremus
1785 1449 1880 1514 limes
1920 1469 2036 1513 versus
2077 1448 2306 1531 aquilonem.

275 1538 439 1620 Quousque
461 1537 626 1599 accrescant
648 1536 683 1598 ia
705 1536 804 1598 media
821 1535 869 1598 tui
882 1534 1080 1616 coquamus
1094 1533 1246 1599 vanitatis
1298 1531 1439 1595 Dixerat
1463 1534 1552 1614 prius
1575 1532 1697 1596 malum
1720 1534 1845 1600 instare
1867 1554 1887 1599 a
1908 1533 2006 1617 plaga
2028 1532 2109 1598 illa:
2144 1533 2217 1600 hac
2243 1540 2308 1611 est,

272 1623 369 1687 tuoe?
412 1620 477 1684 Hic
508 1622 624 1702 pungit
652 1619 841 1701 hypocrisin
876 1619 984 1702 gentis
1017 1639 1111 1694 suaa,
1145 1639 1244 1700 quum
1269 1542 1274 1699 l
1299 1636 1318 1678 a
1341 1618 1581 1696 septentrione:
1617 1618 1770 1699 quoniam
1792 1618 1887 1684 Deus
1915 1619 2061 1701 elegerat
2093 1618 2307 1684 Ohaldaaos

273 1707 361 1784 dicit,
392 1704 559 1785 Quidquid
583 1714 751 1780 excusent,
782 1715 891 1769 tamen
913 1704 1076 1768 convictas
1098 1723 1170 1768 asse
1192 1721 1244 1767 co·
1300 1699 1463 1766 vindictae
1484 1723 1562 1768 suaa
1585 1713 1829 1785 exsequutores.
1874 1703 1953 1770 Idac
1983 1702 2064 1768 dicit
2093 1723 2212 1770 vacem
2247 1724 2307 1768 aa·

274 1812 345 1855 ram
369 1788 457 1866 Dea,
491 1799 523 1851 et
546 1790 833 1871 tergiversationes
862 1809 974 1853 eorum
1004 1810 1075 1853 esse
1104 1788 1246 1868 frivolas,
1298 1786 1365 1850 diri
1387 1806 1403 1850 e
1424 1785 1519 1862 Dua,
1554 1808 1620 1851 non
1643 1787 1817 1870 quodiam
1841 1797 1919 1854 tuuc
1946 1786 2118 1853 e'xcrcitus
2152 1795 2306 1871 paratus

276 1876 428 1958 quoniam
455 1874 545 1937 Deus
568 1883 717 1955 penetret
745 1895 848 1956 usqua
876 1874 915 1937 ad
945 1873 1073 1938 intimos
1102 1892 1247 1937 recessus
1299 1880 1384 1936 esset
1406 1871 1446 1935 ad
1470 1871 1678 1938 debellandos
1700 1873 1855 1939 Iudaeos:
1878 1873 1935 1939 aad
1955 1873 2120 1939 Ieremias
2146 1875 2305 1957 prophe·

274 1958 429 2025 cordium.
476 1959 631 2039 Apposite
654 1970 762 2022 autem
787 1958 945 2040 loquitur,
981 1959 1057 2041 quia
1079 1958 1246 2041 negotium
1301 1955 1362 2021 tico
1392 1957 1508 2038 spiritu
1540 1957 1592 2021 bic
1621 1958 1781 2042 loquitur,
1815 1960 1907 2040 quasi
1937 1958 2121 2024 adduceret
2145 1959 2303 2026 Iudaeos

274 2054 344 2109 erat
366 2065 438 2108 cum
463 2043 651 2124 hypocritis,
675 2046 729 2125 qui
753 2045 914 2125 putabant
936 2044 1156 2108 caeremonias
1171 2063 1247 2106 suas
1300 2041 1335 2104 in
1358 2062 1428 2105 ram
1447 2052 1663 2124 praesentem,
1686 2045 1742 2125 qui
1764 2044 1927 2126 putabant
1941 2043 2002 2108 sibi
2018 2063 2087 2108 non
2106 2046 2302 2111 imminere

275 2130 403 2212 plaeere
427 2129 506 2191 Dea.
552 2128 681 2193 Deinde
705 2149 803 2210 quum
826 2128 1003 2194 obiicerent
1033 2148 1092 2193 sua
1121 2128 1246 2202 cavilla,
1301 2138 1367 2189 tam
1391 2146 1492 2208 grave
1515 2128 1649 2192 malum.
1694 2128 1849 2194 Diximus
1871 2130 1959 2195 enim
1982 2129 2070 2208 heri,
2108 2130 2172 2196 ubi
2198 2131 2299 2196 Deus

274 2215 432 2298 putabant
455 2233 488 2276 se
513 2211 629 2278 debere
661 2213 798 2291 absolvi,
833 2215 987 2294 quoniam
1019 2234 1085 2278 non
1117 2226 1249 2295 possent
1300 2211 1480 2293 hypocritis
1510 2212 1550 2276 ad
1581 2220 1710 2294 tempus
1743 2213 1909 2299 indulget,
1942 2234 1998 2278 aas
2031 2215 2148 2298 magis
2182 2216 2299 2280 obdu·

275 2320 383 2366 coram
408 2298 547 2361 terrenis
570 2297 730 2363 iudicibus
754 2298 919 2362 damnari:
943 2297 1104 2380 propheta
1122 2299 1248 2362 deridet
1300 2315 1443 2374 resuere,
1477 2307 1511 2360 at
1537 2304 1692 2379 protervo
1721 2303 1912 2381 contemptu
1939 2298 2075 2364 illudam
2106 2301 2186 2366 eius
2218 2322 2298 2384 pro·

275 2384 336 2449 has
361 2383 515 2460 fallacias,
543 2382 709 2463 Quousque
729 2384 897 2447 manebant
916 2384 1112 2466 capitaliorem
1129 2385 1248 2447 acaia
1301 2380 1419 2463 phetis.
1465 2383 1555 2464 Ergo
1576 2403 1679 2463 quum
1701 2382 1830 2449 rideret
1844 2385 2000 2450 Ieremias
2020 2385 2082 2450 sibi
2109 2389 2296 2471 negotium

273 2471 316 2534 tis
337 2468 372 2532 iu
392 2468 491 2532 medio
513 2468 586 2530 tui?
611 2468 671 2531 hac
693 2482 750 2546 ast,
773 2468 872 2531 etiam
894 2470 921 2532 si
944 2482 976 2531 te
994 2468 1143 2534 absolvat
1161 2477 1247 2532 tatus
1300 2485 1372 2530 essa
1405 2487 1478 2531 cum
1513 2467 1694 2548 stipitibus,
1732 2469 1805 2534 idea
1840 2490 1972 2535 necessa
2008 2469 2131 2535 habuit
2164 2491 2294 2537 ornare

274 2554 372 2631 orbis,
396 2552 474 2634 quid
490 2564 598 2615 tamen
616 2553 789 2634 proficies?
813 2553 900 2617 Nom
914 2554 1110 2635 capitatiama
1123 2557 1248 2618 moueat
1300 2550 1482 2615 doctrinam
1516 2572 1610 2617 suam
1639 2554 1773 2636 figuris,
1807 2573 1891 2636 quae
1924 2554 2030 2637 palam
2064 2555 2294 2622 ostenderant

273 2640 308 2702 ia
329 2638 430 2701 media
453 2638 517 2700 lai:
551 2636 610 2701 hac
633 2648 698 2717 ast,
733 2640 765 2701 iu
797 2639 876 2719 ipsis
903 2637 1141 2720 penetralibus:
1174 2638 1247 2703 illas
1301 2657 1364 2699 non
1388 2637 1500 2718 procul
1525 2639 1637 2702 abessa
1658 2638 1831 2722 iudicium,
1865 2640 1949 2721 quod
1971 2638 2086 2705 Iudaei
2117 2641 2290 2726 imagina-

274 2734 383 2787 autem
407 2722 500 2785 Deus
523 2725 698 2804 cognoscit,
721 2725 797 2804 quia
821 2723 900 2786 nihil
926 2736 976 2788 est
997 2724 1036 2786 ab
1059 2744 1097 2788 eo
1115 2725 1247 2789 abscon·
1300 2720 1420 2785 bantur
1443 2743 1506 2785 non
1530 2743 1600 2788 esse
1622 2722 1684 2788 sibi
1708 2724 1930 2789 metuendum.
1963 2725 2052 2790 Dicit
2073 2746 2158 2808 arga
2180 2748 2289 2793 vacem

275 2808 393 2882 ditum,
428 2806 504 2870 Non
527 2818 576 2870 cst
599 2808 701 2890 igitur
723 2807 808 2889 quad
830 2809 953 2889 putetis
982 2808 1157 2891 quidquam
1189 2829 1247 2871 vas
1299 2807 1410 2870 audiri
1431 2827 1446 2870 e
1468 2807 1554 2886 Dua,
1584 2813 1612 2872 et
1629 2808 1798 2889 publicari,
1819 2822 1873 2900 itte,
1906 2811 1966 2874 hoc
1987 2815 2047 2886 ast,
2076 2810 2286 2893 molestiam,

273 2893 426 2973 consequi
449 2902 587 2956 externa
608 2895 731 2975 specie,
761 2893 812 2957 vel
832 2894 951 2958 vestris
973 2894 1246 2959 excusationibus.
1302 2891 1352 2954 vel
1377 2912 1530 2969 paenam,
1565 2892 1616 2955 vel
1646 2893 1782 2959 cladem.
1828 2895 1913 2960 Nam
1943 2894 2008 2959 alia
2034 2896 2147 2960 versio
2177 2917 2286 2980 quam

274 2978 358 3042 Nam
384 2977 474 3040 Deus
496 2978 644 3057 cognitor
667 2976 884 3041 estcordium.
920 2977 970 3041 Ne
980 2979 1081 3061 igitur
1096 2991 1248 3044 maneant
1301 2975 1400 3040 retuli
1429 2976 1541 3041 durior
1570 2984 1629 3041 est.
1674 2990 1719 3061 titt
1746 2980 1877 3060 proprie
1904 2979 2034 3062 quidem
2064 2980 2285 3063 iniquitatem

274 3066 309 3125 in
332 3062 438 3124 madio
463 3061 510 3123 tui
533 3062 754 3143 cogitatianes.
796 3062 903 3127 Vocat
924 3064 1136 3145 cogitatianes
1158 3066 1248 3129 vani·
1300 3061 1472 3142 significat,
1496 3060 1553 3127 sed
1575 3062 1733 3145 accipitur
1754 3064 1853 3129 etiam
1871 3084 2060 3148 propoena.
2094 3066 2282 3132 Caeterum

275 3149 360 3221 tatis,
383 3158 429 3240 prr
452 3146 613 3227 significat
629 3146 803 3228 aliquando
819 3147 1051 3212 substantiam:
1075 3148 1131 3213 sed
1147 3150 1248 3232 signi·
1301 3146 1426 3227 quoties
1450 3154 1609 3227 usurpant
1631 3145 1717 3211 banc
1739 3168 1850 3216 vocem
1872 3149 2059 3232 prophetae,
2080 3151 2283 3234 intelligunt

275 3234 352 3295 ficat
382 3231 481 3291 etiam
514 3230 683 3308 virtutem,
716 3230 881 3295 interdum
908 3233 1073 3314 significat
1095 3232 1247 3310 dolorem,
1301 3251 1365 3294 nan
1389 3231 1495 3312 infligi
1517 3230 1625 3296 clades
1648 3253 1668 3295 a
1690 3234 1777 3310 Deo,
1808 3235 1871 3299 nisi
1894 3235 1987 3300 iustis
2014 3234 2054 3300 de
2082 3236 2215 3301 causis:
2250 3248 2282 3302 et

275 3327 309 3380 et
334 3313 501 3378 interdum
532 3314 730 3396 vanitatem,
765 3317 816 3379 vel
848 3316 1039 3380 molestiam.
1089 3317 1154 3380 Hic
1183 3339 1247 3382 nan
1301 3314 1477 3378 admonent
1505 3317 1673 3379 materiam
1704 3327 1736 3381 et
1769 3320 1891 3383 fontem
1924 3342 1995 3385 esse
2028 3320 2062 3383 iu
2094 3320 2281 3387 scalaribus

276 3400 397 3473 dubito,
421 3400 500 3479 quin
523 3400 684 3481 propheta
707 3401 759 3465 vel
783 3400 976 3478 molestiam,
1000 3401 1249 3466 valranitatem
1302 3399 1483 3463 hominum.
1540 3399 1652 3467 Clades
1683 3404 1783 3484 iqitur
1815 3424 1836 3468 a
1867 3410 1967 3469 marca
1999 3401 2177 3487 Ephraim,
2223 3409 2281 3490 qui

275 3484 447 3567 intelligat.
493 3484 577 3547 Nam
610 3485 696 3566 quod
731 3486 785 3551 alii
819 3496 988 3569 exponunt
1019 3487 1249 3569 concupiscen-
1301 3484 1512 3566 propinquior
1551 3498 1621 3551 erat
1660 3489 1758 3553 tribui
1789 3488 1938 3554 Iahudab
1979 3498 2012 3555 et
2042 3489 2279 3576 lerosolymae.

276 3572 371 3645 tiam,
405 3572 512 3634 nescio
542 3591 583 3633 an
612 3573 691 3635 satis
720 3573 852 3636 firmum
883 3572 935 3636 sit.
982 3573 1047 3637 Sed
1078 3593 1142 3637 uon
1165 3573 1249 3638 male
1301 3568 1367 3634 Sed
1394 3570 1529 3651 perinde
1559 3582 1608 3636 est
1637 3590 1674 3635 ac
1703 3574 1732 3636 si
1762 3573 1882 3639 diceret
1912 3573 2084 3654 Ieremias,
2119 3576 2233 3641 Deum
2262 3601 2280 3642 a

276 3654 448 3740 quadrabit
471 3665 607 3736 utraque
628 3656 683 3719 illa
706 3658 875 3740 expositio,
898 3678 1084 3740 quanquam
1106 3659 1250 3724 secunda
1301 3655 1388 3720 coelo
1418 3656 1483 3719 iam
1514 3666 1645 3738 tonare,
1680 3679 1740 3724 neo
1769 3660 1946 3741 quidquam
1981 3661 2189 3742 prolaturum
2222 3662 2279 3728 In·

276 3740 409 3805 melius:
446 3741 610 3820 Quousque
639 3762 716 3824 erga
739 3742 905 3807 monebunt
925 3744 961 3808 ia
982 3744 1083 3808 mealia
1104 3745 1152 3808 tui
1172 3746 1250 3827 eapi-
1301 3740 1388 3805 dacis
1411 3741 1497 3823 quad
1518 3762 1613 3807 aures
1635 3763 1711 3808 suas
1733 3745 1956 3811 obstruerent:
1990 3746 2144 3828 quoniam
2173 3748 2279 3813 etiam

276 3827 405 3892 tationes
437 3826 611 3888 caecitatis?
653 3826 714 3890 hoc
748 3838 810 3902 est,
845 3825 962 3908 quibus
996 3838 1028 3894 te
1061 3830 1247 3893 frustraris?
1300 3827 1328 3889 si
1350 3835 1458 3890 assent
1480 3827 1588 3904 surdi,
1623 3837 1732 3892 tamen
1756 3829 1901 3895 vindicta
1924 3830 1986 3896 Dei
2017 3830 2115 3913 paulo
2143 3841 2222 3915 post
2244 3835 2278 3899 in

276 3911 361 3975 Nam
385 3932 484 3991 quum
507 3910 722 3990 suspenderet
744 3911 835 3974 Deus
857 3912 1036 3978 vindictam
1059 3933 1163 3988 suam,
1190 3935 1248 3995 pu·
1301 3910 1406 3975 lucam
1440 3911 1608 3992 proditura
1640 3925 1725 3978 esset
1757 3934 1831 3980 aum
1865 3934 1985 3998 magno
2018 3916 2168 3998 strepitu.
2218 3918 2279 3985 Se·

279 3996 392 4058 tabant
414 3995 527 4057 Iudaei
549 4016 584 4057 se
606 4014 676 4058 esse
699 3995 826 4075 elapsas
848 4015 889 4059 ex
912 3998 983 4061 eius
1003 4016 1119 4062 mauu:
1151 3997 1248 4062 simul
1301 3996 1421 4075 quitur,
2125 4012 2128 4017 '

279 4090 386 4143 tamen
408 4090 503 4142 erant
524 4079 735 4160 cogitationes
758 4080 926 4145 molestiae
946 4082 986 4147 ab
1001 4084 1126 4147 effectu.
1161 4080 1248 4162 Quid

281 4166 367 4229 enim
392 4163 523 4224 tandem
552 4164 697 4227 futurum
726 4173 812 4243 erat,
848 4166 910 4230 uisi
940 4175 976 4230 ut
1006 4167 1166 4231 sentirent
1195 4188 1249 4230 aas
1389 4165 1438 4227 16.
1463 4163 1632 4230 Mamaea
1653 4170 1688 4233 ia
1709 4168 1850 4250 pactibus
1872 4168 1937 4252 (rel
1960 4169 2000 4233 ad
2023 4169 2172 4255 gentas):
2197 4171 2280 4240 Ecca

279 4249 342 4314 sibi
364 4266 527 4312 accersere
550 4249 682 4328 gravius
706 4248 870 4325 iudicium,
895 4251 949 4332 qui
971 4251 1017 4315 ita
1040 4252 1165 4316 faciunt
1187 4252 1250 4316 sibi
1296 4249 1492 4331 promulpcte
1530 4269 1625 4332 super
1658 4254 1846 4333 Ierusalem,
1891 4253 2062 4320 οόεεεεονεε
2096 4256 2231 4322 acciunt
2264 4278 2281 4323 c

279 4334 447 4399 illecebras
470 4352 510 4393 ex
530 4329 591 4395 Dei
615 4332 820 4417 indulgentia
844 4333 895 4398 val
919 4335 1111 4399 tolerantia?
1152 4334 1249 4416 Quod
1302 4338 1386 4396 terro
1407 4333 1594 4415 lonqinquo,
1623 4341 1797 4404 amicant
1818 4358 1914 4419 cuper
1934 4338 2199 4406 ululatuum
2229 4363 2279 4408 aa·

280 4421 336 4484 alii
358 4426 529 4500 exponunt
551 4420 655 4482 activa
682 4421 898 4501 cagitationes
927 4418 1062 4496 dalcris,
1097 4421 1249 4501 quoniam
1302 4437 1365 4482 aem
1387 4437 1488 4482 suam.

280 4505 401 4569 multas
424 4500 563 4564 iniurias
585 4513 617 4564 et
633 4506 823 4569 vexationes
840 4504 967 4585 iniquas
984 4505 1166 4569 intulerant
1180 4507 1250 4570 suis

280 4590 397 4656 vicinis
418 4586 549 4661 ludaei,
580 4586 640 4650 hac
663 4590 760 4652 etiam
784 4590 883 4655 nimis
904 4597 1051 4654 coactum
1074 4599 1133 4654 est.
1177 4590 1251 4672 Ego
1388 4586 1524 4650 Initium
1546 4587 1645 4654 huius
1667 4593 1848 4657 sent-entiae
1871 4594 1963 4658 varie
1984 4595 2277 4676 exponuntinter·

279 4675 381 4757 igitur
405 4691 470 4734 nan
498 4670 610 4733 dubito
641 4675 716 4752 quin
748 4675 907 4757 propbeta
936 4673 989 4738 hic
1018 4672 1149 4740 fallaces
1178 4675 1251 4739 illas
1303 4681 1418 4753 protes.
1465 4671 1605 4750 Quidam
1629 4687 1773 4755 vertunt,
1797 4676 2028 4743 Recordamini
2049 4679 2222 4761 gentiumr
2245 4689 2280 4746 at

280 4780 356 4842 spes
379 4756 536 4838 designet,
560 4754 676 4837 quibus
699 4758 811 4822 Iudaei
834 4759 1060 4823 obstinatiores
1082 4768 1177 4823 erant
1195 4760 1250 4822 ad·
1302 4766 1420 4838 putant
1443 4757 1503 4819 hoc
1525 4760 1716 4839 prophetam
1740 4762 1856 4842 dicere,
1880 4764 2031 4844 quoniam
2053 4784 2094 4827 ex
2119 4766 2279 4847 gentibus

280 4865 397 4910 versus
420 4842 537 4921 Deum,
561 4852 596 4904 ut
618 4841 679 4906 sibi
702 4863 721 4904 a
743 4844 831 4907 nulla
854 4865 956 4924 poena
979 4853 1169 4909 metuerent.
1303 4841 1394 4904 multi
1419 4848 1527 4904 essent
1549 4864 1724 4924 praecones
1747 4848 1909 4913 vindictae
1931 4849 2007 4929 Dei,
2038 4867 2136 4928 quam
2160 4848 2278 4915 Iudaei

1303 4926 1508 5007 spernebant,
1531 4929 1607 5008 quia
1629 4931 1788 5012 putabant
1810 4954 1880 4997 esse
1903 4953 2009 4997 meras
2031 4932 2157 4998 fabulas
2180 4936 2279 5016 quid·

368 5014 416 5079 15.
455 5014 537 5094 Quia
571 5033 631 5075 aaa
652 5012 844 5076 aaauatiaae
865 5034 881 5076 e
904 5013 982 5078 Dua
1003 5018 1030 5076 et
1047 5011 1252 5094 pramuipcas
1303 5008 1379 5089 quid
1402 5008 1639 5077 denuntiabant
1670 5018 1737 5079 veri
1764 5016 1827 5080 Dei
1857 5038 2040 5098 praecones.
2087 5016 2145 5084 Sic
2176 5021 2280 5103 igitur

280 5102 397 5166 cladem
420 5099 488 5184 (vel
512 5099 664 5183 poenum)
686 5119 702 5162 e
723 5102 820 5161 asama>
840 5096 1000 5176 Ephraim
1022 5095 1091 5180 (alii
1116 5102 1253 5159 vertunt
1303 5093 1462 5173 accipiunt
1493 5094 1580 5161 hunc
1613 5100 1733 5178 locum,
1771 5122 1807 5165 ac
1840 5105 1868 5166 si
1901 5103 2058 5168 Ieremias
2090 5105 2281 5171 remitteret

281 5186 487 5266 iniquitatem
509 5186 576 5282 pre).
1303 5177 1441 5242 Iudaeos
1464 5180 1503 5244 ad
1527 5194 1651 5264 gentes,
1675 5184 1824 5268 indignos
1847 5209 1916 5252 esse
1935 5189 2133 5271 significans,
2158 5192 2281 5272 quibus
