4784 5970
139 333 200 399 481
886 331 936 398 IN
958 331 1208 400 IEREMIAM.
1245 332 1346 401 CAP.
1367 334 1393 399 1.
2075 335 2141 403 482

138 522 317 607 potentiam
341 519 499 600 vendicet,
528 541 659 587 necasse
681 528 740 599 est,
770 527 807 585 ιιι
829 520 971 603 proferat
993 542 1114 587 sermo·
1167 521 1274 602 populi
1297 530 1413 587 status.
1448 520 1504 587 Sic
1527 521 1612 587 enim
1631 520 1697 586 iarn
1719 521 1893 605 longousu
1911 523 2139 604 praevaluerat

140 628 214 674 nem
239 607 312 690 Dei,
336 615 368 671 et
390 629 425 673 re
447 608 519 689 ipsa
541 607 741 672 demonstret
762 626 798 671 se
820 626 891 671 esse
909 606 1113 689 prophetam,
1165 607 1333 690 impietas,
1362 607 1566 673 contumacia
1587 617 1620 671 οι
1642 607 1806 672 obstinata
1830 610 1992 690 pravitas,
2022 614 2060 673 ιιι
2082 631 2137 673 ne·

139 694 215 777 quia
238 714 304 757 non
327 693 455 776 ingerat
478 693 609 775 propria
631 701 825 759 commenta.
871 692 915 757 Et
940 693 1017 757 hino
1040 712 1113 775 per·
1165 712 1253 757 cesse
1275 702 1361 759 esset
1382 693 1512 757 initium
1534 692 1641 758 facere
1664 694 1796 757 aruins
1819 702 1853 758 st
1868 693 2087 759 eradicatione
2105 704 2140 759 et

139 780 275 863 spicitur
297 799 391 861 quam
414 780 505 843 fatua
527 778 571 842 sit
593 798 693 861 papae
723 791 754 843 et
783 777 889 860 putidi
918 778 1007 842 illius
1035 778 1114 843 cleri
1165 776 1335 844 similibus.
1369 778 1443 843 Non
1466 778 1574 861 potuit
1595 780 1697 861 igitur
1719 779 1867 861 plantare
1888 779 2056 858 Ieremias,
2080 800 2138 845 ns·

139 865 309 943 iactantia,
342 863 420 928 dnm
443 864 588 945 improbe
611 862 732 928 audent
755 863 795 928 ad
819 884 854 928 se
876 865 1005 929 trahere
1028 860 1113 946 quod
1165 883 1226 945 que
1259 865 1383 948 erigere
1418 864 1575 947 templum
1605 863 1686 946 Dei,
1720 864 1800 945 quin
1834 864 1927 946 prins
1959 865 2138 945 destrueret,

140 951 194 1015 hic
223 948 359 1014 dicitur:
401 949 469 1014 Nos
497 970 536 1014 su
560 949 682 1014 eriorss
712 969 825 1014 sumus
855 959 888 1012 et
918 949 1050 1031 regibus
1080 959 1113 1013 et
1164 949 1309 1030 evelleret,
1327 950 1478 1031 perderet,
1500 950 1698 1014 exscinderet.
1744 948 1879 1029 Quare?
1917 949 2003 1014 Nam
2026 949 2138 1015 diabo-

140 1035 284 1118 populis,
319 1035 481 1117 inquiunt.
534 970 608 1115 δυο
635 1034 729 1099 iure?
764 1034 856 1099 Deus
885 1036 932 1099 ita
958 1035 1112 1118 loquutus
1164 1035 1215 1099 lus
1237 1035 1304 1101 illic
1326 1049 1476 1100 erexerat
1497 1035 1559 1100 sibi
1583 1035 1749 1117 palatium.
1784 1033 1896 1114 Quum
1916 1036 2003 1099 enim
2023 1036 2137 1119 religio

138 1131 190 1185 est
212 1139 270 1202 per
292 1120 486 1202 prophetam
510 1140 607 1184 suum
630 1120 813 1185 Ieremiam.
852 1118 917 1185 Sed
942 1119 1114 1186 haecoon-
1163 1119 1277 1184 fuisset
1309 1128 1494 1202 contempta
1527 1141 1546 1184 a
1578 1120 1690 1185 multis
1723 1120 1836 1195 annis,
1878 1133 1957 1186 tunc
1991 1119 2138 1186 diabolus

139 1205 278 1270 iunctim
307 1204 446 1288 legenda
474 1215 566 1283 sunt,
605 1204 705 1270 Posui
730 1207 764 1269 in
794 1225 846 1270 ore
875 1211 928 1270 tuo
957 1225 1114 1271 sermones
1164 1208 1257 1286 quasi
1281 1218 1366 1271 esset
1389 1207 1511 1270 locatus
1534 1206 1567 1269 in
1586 1224 1714 1269 summo
1734 1201 1900 1283 tribunali,
1924 1207 1995 1270 sinc
2013 1216 2139 1270 contro·

137 1310 236 1369 meos,
266 1295 294 1355 et
322 1291 465 1356 constitui
492 1296 520 1356 te
547 1309 643 1371 super
673 1296 776 1374 gentes
804 1296 834 1355 ct
861 1311 971 1372 regna.
1016 1292 1112 1356 Nunc
1164 1292 1271 1355 versia
1293 1292 1451 1374 regnabat
1473 1301 1506 1356 et
1528 1291 1777 1374 Hierosolymae
1801 1301 1834 1355 et
1856 1292 1889 1353 in
1914 1298 1984 1356 tota
2005 1290 2138 1356 Iudaea.

137 1375 290 1441 ostendat
313 1394 395 1458 papa
417 1396 452 1440 se
473 1375 670 1440 instructum
694 1396 765 1441 esse
786 1377 848 1441 Dei
870 1397 1030 1452 sermone,
1062 1376 1111 1441 ni·
1163 1375 1336 1456 Quomodo
1358 1378 1460 1461 igitur
1483 1377 1588 1459 potuit
1610 1376 1676 1441 illic
1698 1376 1781 1458 erigi
1801 1375 1873 1439 Deo
1897 1377 2071 1459 templum,
2102 1378 2137 1441 in

139 1462 186 1526 hil
209 1462 270 1527 sibi
292 1460 458 1544 privatim,
484 1460 536 1527 vel
559 1482 703 1525 seorsum
727 1471 867 1544 arroget,
891 1461 1030 1546 denique
1052 1482 1112 1528 sna
1163 1482 1226 1543 quo
1250 1484 1329 1544 pure
1351 1462 1528 1538 coleretur,
1562 1463 1625 1527 nisi
1653 1462 1767 1526 ruinae
1789 1459 2041 1543 praecederent?
2085 1462 2138 1527 Ita

139 1556 324 1612 commenta
347 1567 412 1610 non
435 1547 572 1628 ingerat,
595 1556 627 1609 et
649 1546 789 1612 libenter
811 1547 986 1612 fatebimur
1004 1551 1109 1629 ipsum
1164 1547 1310 1612 diabolus
1343 1558 1531 1629 corruperat
1565 1560 1666 1612 totam
1701 1555 1831 1610 terram.
1884 1545 2017 1612 Scelere
2049 1549 2137 1611 enim

139 1631 299 1698 excellcre
320 1652 420 1713 supra
451 1640 558 1695 totum
587 1631 756 1697 mundum.
807 1633 898 1698 Deus
927 1634 1016 1696 enim
1046 1654 1110 1697 non
1163 1633 1284 1698 scimus
1319 1645 1396 1698 tunc
1429 1633 1549 1714 passim
1584 1642 1731 1715 grassata
1765 1631 1880 1697 fuisse:
1919 1653 1957 1698 ac
1989 1633 2017 1697 si
2051 1643 2138 1697 terra

140 1729 190 1783 est
222 1715 421 1799 separandus
456 1737 475 1781 a
508 1715 606 1782 verbo
633 1737 706 1782 suo:
741 1717 836 1783 sicuti
867 1718 927 1783 Dei
957 1719 1111 1783 maiestas
1164 1718 1259 1799 plena
1287 1729 1373 1783 esset
1400 1719 1503 1800 spinis
1534 1723 1568 1782 et
1598 1717 1751 1782 sentibus.
1796 1717 1869 1780 Non
1901 1719 2007 1798 potuit
2035 1718 2138 1801 igitur

139 1804 260 1868 eminet
281 1821 381 1884 supra
404 1811 511 1866 totum
532 1801 706 1867 mundum:
739 1802 806 1866 imo
836 1824 934 1884 supra
956 1804 1112 1869 coelestes
1162 1803 1311 1886 plantare
1324 1803 1489 1879 Ieremias,
1508 1803 1560 1867 vel
1578 1804 1741 1868 seminare
1760 1801 1940 1868 doctrinam
1953 1803 2136 1886 coelestem,

139 1889 290 1971 angelos,
321 1887 394 1953 talis
417 1888 514 1951 etiam
538 1889 572 1951 in
595 1888 694 1953 verbo
721 1887 791 1952 eius
815 1888 936 1954 residet
957 1887 1109 1973 dignitas.
1163 1889 1265 1954 donec
1287 1900 1427 1972 purgata
1450 1899 1535 1952 esset
1558 1899 1645 1954 terra
1668 1897 1715 1952 tot
1737 1887 1826 1952 vitiis
1849 1900 1880 1951 et
1908 1888 2136 1970 inquinamen-

138 1972 206 2038 Sed
240 1994 340 2054 quum
375 1972 463 2055 porci
496 1972 544 2036 illi
578 1982 609 2037 et
648 1992 745 2038 canes
785 1975 879 2040 vacui
919 1975 986 2040 sint
1023 1975 1111 2039 omni
1163 1976 1215 2039 tis.
1259 1975 1352 2040 Haec
1375 1983 1461 2038 certe
1483 1975 1566 2038 ratio
1589 1986 1647 2049 est,
1677 1994 1736 2037 cur
1760 1973 1866 2054 priore
1889 1973 1969 2052 loco,
1997 1974 2035 2038 de
2056 1975 2137 2039 cxci·

139 2060 289 2123 doctrina
311 2067 344 2123 οι
366 2059 505 2140 pietate,
535 2079 695 2141 quaenam
719 2059 921 2142 impudentia
949 2071 1015 2144 est,
1046 2062 1110 2124 imo
1162 2060 1230 2138 dio,
1270 2065 1298 2124 et
1335 2061 1448 2138 ruina,
1488 2064 1517 2124 et
1556 2059 1822 2133 exterminatione,
1862 2064 1888 2122 et
1927 2060 2136 2124 eradicatione

139 2143 316 2221 stoliditas,
350 2143 471 2207 iactare
503 2143 585 2208 illud
618 2165 786 2209 summum
819 2145 989 2228 imperium
1012 2167 1111 2227 snpra
1163 2145 1316 2222 disserat,
1345 2153 1457 2227 postea
1479 2145 1626 2210 subiiciat
1644 2144 1871 2226 plurtlctt'onem
1899 2143 2134 2223 etcedificixrn.

139 2250 232 2312 reges
263 2238 297 2294 st
325 2227 482 2311 populos?
517 2229 668 2311 Denique
697 2229 844 2295 videmus
874 2253 916 2296 ex
943 2240 1110 2311 contextu,
1162 2230 1341 2314 Congeries
1363 2231 1462 2295 etiam
1485 2231 1659 2296 verborum
1690 2229 1832 2295 ostendit
1861 2250 1958 2311 quam
1988 2230 2053 2294 alte
2082 2251 2136 2295 ra·

139 2315 191 2380 hie
214 2336 279 2378 non
301 2314 414 2379 extolli
443 2315 531 2396 ipsos
561 2315 724 2391 homines,
758 2317 856 2380 etiam
888 2318 915 2381 si
944 2318 1013 2381 veri
1043 2317 1111 2382 sint
1162 2317 1250 2382 dices
1283 2338 1357 2381 suas
1390 2316 1516 2381 fixisset
1549 2315 1717 2397 impietas,
1759 2323 1791 2378 et
1823 2324 2030 2396 contemptus
2062 2315 2135 2381 Dei.

138 2400 287 2466 coelestis
310 2398 654 2473 doctrinanninistri:
678 2400 733 2465 sed
750 2403 857 2484 potins
872 2402 975 2484 ipsam
992 2402 1110 2468 doctri·
1163 2403 1297 2466 Poterat
1318 2402 1510 2485 simpliciter
1536 2401 1583 2466 ita
1610 2402 1697 2484 loqui
1728 2401 1832 2476 Deua,
1865 2399 2019 2465 Constitui
2044 2405 2072 2465 te
2102 2406 2137 2465 nt

138 2506 224 2550 nam.
269 2484 361 2551 Deus
384 2506 461 2568 ergo
484 2485 537 2551 hio
560 2485 712 2551 vendicat
742 2508 908 2552 summum
937 2490 1108 2569 imperium
1161 2489 1276 2553 evelles
1297 2493 1325 2552 et
1342 2488 1468 2568 padus,
1494 2488 1544 2552 vel
1567 2485 1690 2551 diruas:
1718 2496 1847 2569 poterat
1869 2496 2044 2551 contentus
2065 2507 2136 2552 esse

139 2572 280 2636 sermoni
303 2591 378 2647 suo,
413 2571 564 2652 quamvis
595 2573 665 2637 eius
695 2573 835 2636 ministri
864 2573 1013 2638 homines
1044 2575 1110 2638 sint
1163 2573 1287 2638 duobus
1308 2573 1416 2637 verbis
1439 2574 1470 2636 in
1494 2570 1613 2655 duplici
1637 2571 1836 2654 metaphora,
1862 2571 2136 2653 quemadmodum

137 2655 306 2740 ignobiles,
329 2666 361 2720 et
383 2657 575 2737 contempti,
606 2668 638 2720 et
661 2657 863 2739 pauperculi,
894 2670 926 2722 et
949 2660 1005 2739 qui
1029 2659 1110 2723 nihil
1162 2658 1293 2723 subiicit
1332 2670 1442 2739 postea
1482 2658 1717 2739 plantationem
1754 2666 1787 2719 οι
1820 2655 2012 2720 aedificium.
2070 2655 2136 2722 Sed

138 2742 171 2806 in
194 2763 229 2805 se
252 2739 394 2805 habeant
416 2739 607 2823 splendoris.
653 2742 817 2821 Quorsum
845 2756 955 2807 autem
978 2744 1039 2809 hoc
1062 2743 1111 2808 di·
1163 2745 1316 2825 quoniam
1350 2743 1503 2807 obstinati
1543 2749 1638 2806 erant
1671 2741 1785 2806 Iudaei
1827 2742 1861 2804 in
1903 2762 1964 2807 sua
2002 2742 2136 2821 malitia,

138 2836 231 2892 catur
254 2828 318 2891 iam
342 2827 488 2908 exposui,
512 2848 637 2910 nempe,
666 2837 704 2890 ut
726 2828 986 2911 magnitudinem
1009 2829 1109 2893 animi
1163 2829 1316 2911 quoniam
1340 2836 1432 2893 tanta
1455 2838 1526 2892 erat
1543 2828 1725 2910 pervicacia
1742 2828 1897 2909 ipsorum,
1921 2836 2046 2891 utnon
2069 2838 2136 2893 sta·

137 2912 322 2994 concipiant
357 2912 426 2976 veri
460 2912 638 2994 prophetae
668 2923 701 2976 et
734 2912 897 2978 doctores:
935 2922 1033 2997 atque
1065 2914 1111 2978 ita
1163 2916 1231 2990 tim,
1255 2934 1359 2997 neque
1381 2914 1488 2996 primo
1511 2912 1580 2992 die,
1611 2934 1671 2979 nec
1700 2912 1768 2978 levi
1789 2932 1889 2994 opera
1910 2922 2042 2993 possent
2064 2934 2136 2978 cor·

139 2999 293 3062 audacter
315 3007 481 3079 opponant
503 3017 538 3061 ae
561 2998 692 3080 regibus
714 3006 747 3062 et
771 2999 906 3081 populis,
933 3019 1034 3081 quum
1059 3021 1110 3064 ar·
1163 3000 1240 3082 rigi:
1281 2998 1354 3062 ideo
1390 2999 1484 3081 plura
1522 2999 1623 3063 verba
1658 2999 1748 3063 Deus
1782 2997 1977 3076 accumulat,
2011 3006 2044 3062 οι
2075 2997 2137 3065 hoc

139 3084 218 3147 mati
242 3092 320 3147 sunt
342 3083 488 3165 potentia
510 3084 658 3148 eoelestis
684 3082 860 3148 doctrinae.
904 3085 1025 3150 Postea
1054 3083 1110 3148 ad·
1164 3084 1258 3149 modo
1282 3083 1406 3149 animat
1428 3084 1621 3165 prophetam
1644 3104 1754 3159 suum,
1789 3090 1825 3146 ut
1848 3081 2042 3166 infatigabili
2065 3093 2136 3148 stu·

139 3168 262 3250 iungit:
284 3168 339 3233 Ad
361 3168 594 3250 eradicandum,
617 3169 901 3247 uddestrnendnm,
925 3170 1110 3235 addirnen·
1165 3170 1216 3234 dio
1239 3178 1355 3252 pergat
1376 3169 1412 3233 in
1435 3169 1613 3252 purgandis
1635 3170 1699 3234 illis
1726 3165 1894 3244 sordibus,
1929 3189 2011 3250 quae
2041 3169 2137 3234 vitia·

137 3255 230 3335 dum,
264 3253 307 3318 cd
336 3254 536 3334 perdendum.
585 3253 650 3318 Hio
680 3253 811 3319 videtur
839 3254 932 3319 Deus
962 3256 1109 3321 odiosum
1165 3263 1279 3320 verant
1301 3263 1403 3319 totam
1426 3263 1556 3320 terram.
1601 3254 1698 3320 Nunc
1720 3274 1798 3338 ergo
1821 3265 1969 3318 tenemus
1994 3262 2025 3317 et
2048 3276 2137 3318 sum-

139 3341 233 3420 quasi
259 3338 333 3402 data
362 3358 460 3421 opera
488 3338 624 3403 reddere
653 3350 686 3404 et
718 3361 900 3405 sermonem
934 3361 1046 3421 suum,
1080 3349 1113 3405 ct
1163 3361 1251 3404 mam
1282 3341 1347 3419 rei,
1380 3351 1413 3404 et
1441 3361 1574 3405 sensum
1604 3338 1789 3405 verborum.
1833 3338 1998 3420 Loquitur
2027 3350 2136 3403 autem

140 3424 358 3496 ministerium
385 3423 573 3505 prophetae.
617 3424 732 3507 Neque
760 3426 846 3489 enim
876 3425 1025 3490 amabilis
1054 3447 1112 3509 po·
1162 3426 1281 3489 iterum
1306 3423 1346 3488 de
1368 3424 1500 3508 regibus
1523 3436 1554 3488 ot
1576 3426 1716 3507 populis:
1755 3423 1832 3505 quia
1854 3433 2017 3504 utcunque
2040 3424 2137 3488 datus

139 3511 202 3573 tuit
223 3530 294 3576 osse
309 3508 374 3573 Dei
389 3530 495 3573 sermo
518 3509 550 3574 in
572 3531 628 3575 ore
646 3510 805 3575 Ieremias
821 3511 884 3574 nisi
901 3520 1113 3592 agnoscerent
1164 3513 1303 3592 proprie,
1326 3531 1363 3574 ao
1386 3512 1512 3575 dicatus
1531 3510 1632 3574 fuerit
1662 3508 1752 3592 genti
1781 3528 1859 3572 suae
1886 3508 2053 3586 Ieremias,
2089 3522 2136 3572 ta·

137 3593 251 3659 Iudaei
273 3614 344 3660 esse
367 3596 399 3657 in
423 3595 562 3660 salutem
591 3617 694 3661 suam.
738 3597 841 3677 Atqui
872 3595 963 3660 Deus
990 3597 1043 3661 hic
1073 3596 1113 3660 de
1164 3618 1240 3659 men
1272 3616 1329 3676 per
1362 3593 1528 3674 accidens,
1562 3601 1598 3658 ut
1630 3595 1826 3676 loquuntur,
1861 3594 1959 3656 etiam
1994 3593 2137 3674 profanis

140 3681 245 3759 ruina,
269 3691 302 3744 et
325 3680 553 3756 destructione,
578 3692 612 3744 et
633 3680 767 3758 excidio,
794 3692 827 3744 et
850 3681 984 3745 interitu
1007 3681 1113 3762 loqui·
1165 3681 1316 3762 gentibus
1340 3678 1436 3744 datus
1460 3681 1519 3744 fuit
1543 3679 1719 3761 propheta,
1750 3688 1787 3742 ut
1810 3690 1920 3760 postea
1945 3677 2136 3744 videbimus.

140 3777 203 3829 tur.
249 3764 315 3830 Sed
339 3773 449 3846 postea
471 3764 629 3849 adiungit,
654 3765 697 3829 cd
717 3765 947 3846 aedificandum
968 3771 997 3830 et
1021 3766 1114 3846 plan-
1166 3766 1209 3830 Et
1243 3764 1371 3829 videtur
1404 3764 1552 3830 consulto
1587 3764 1678 3829 Deus
1712 3763 1765 3829 bic
1799 3764 1945 3846 posuisse
1979 3784 2072 3847 reges
2106 3776 2138 3828 et

138 3850 277 3915 tandem.
322 3848 495 3930 Duplicem
519 3853 619 3933 igitur
642 3870 738 3914 usum
761 3851 850 3916 Deus
873 3851 1024 3915 attribuit
1045 3872 1113 3916 ser·
1165 3859 1290 3933 gentes,
1325 3860 1361 3914 ut
1384 3850 1537 3914 deiiceret
1559 3850 1767 3932 supercilium
1792 3848 1882 3913 stulti
1904 3847 1994 3914 illius
2016 3851 2138 3931 populi,

140 3938 228 4000 moni
252 3956 320 4014 suo,
350 3955 468 4017 nempe
491 3945 528 3999 ut
549 3935 589 4000 ab
612 3956 678 4000 una
699 3944 791 4018 parte
816 3938 967 4011 destruct,
995 3935 1113 4016 evellet,
1166 3937 1222 4018 qui
1253 3936 1382 4000 volebat
1411 3935 1568 4000 immunis
1597 3957 1667 4001 esso
1698 3935 1737 3999 ab
1773 3935 1864 3999 omni
1901 3934 2137 4018 obiurgatione.

133 4019 516 4103 perdescendere
539 4019 1009 4104 altercantemparteplcntet
1024 4027 1115 4102 utque
1166 4020 1255 4085 Dicit
1276 4022 1378 4104 igitur
1400 4041 1435 4086 se
1457 4021 1584 4087 dedisse
1607 4022 1812 4086 autoritatem
1843 4038 1939 4083 servo
1968 4040 2044 4099 suo,
2072 4041 2138 4086 non

139 4107 286 4188 aedificet.
321 4103 387 4171 Sed
412 4115 521 4170 tamen
545 4108 661 4172 merito
683 4108 794 4189 quaeri
809 4116 924 4190 potest,
948 4128 1005 4172 cur
1024 4106 1114 4173 Deus
1166 4106 1260 4170 modo
1284 4106 1319 4169 in
1342 4104 1476 4186 Iudaea,
1499 4106 1677 4177 sedetiam
1701 4106 2023 4188 pertotumorbom:
2046 4109 2139 4188 quasi

140 4192 179 4257 de
207 4193 303 4257 ruina
343 4199 376 4255 οι
412 4192 683 4257 exterminatione
716 4194 822 4275 priore
855 4193 923 4258 loco
958 4192 1113 4258 disserat:
1166 4192 1302 4255 diceret:
1337 4192 1406 4257 Vos
1429 4192 1507 4257 estis
1530 4200 1657 4257 tantum
1682 4192 1801 4273 exigua
1824 4191 1929 4272 portio
1956 4192 2138 4275 hominum,

140 4277 257 4343 fuisset
279 4278 367 4340 enim
390 4276 473 4340 alter
490 4276 568 4340 ordo
584 4277 709 4357 melior,
732 4280 758 4342 si
778 4278 931 4344 dixisset:
957 4277 1115 4344 Constitue
1167 4277 1310 4343 vultisne
1334 4278 1387 4342 hio
1408 4299 1531 4344 cornua
1553 4279 1678 4360 erigere
1700 4285 1814 4340 contra
1843 4297 1975 4341 servum
2005 4277 2137 4340 meum?

138 4368 167 4428 te
189 4363 232 4428 ed
252 4363 481 4443 aedificandum
502 4367 529 4426 et
544 4362 765 4444 plectendum.
800 4362 856 4430 Sic
878 4365 967 4428 enim
990 4364 1114 4428 Paulus
1167 4363 1256 4445 atqui
1280 4363 1350 4427 sine
1374 4364 1521 4445 profectu
1544 4363 1705 4429 honestis
1736 4361 1862 4427 facturi.
1909 4362 2140 4427 Dominabitur

141 4448 303 4529 loquitur:
328 4447 405 4512 dicit
429 4453 576 4530 paratam
598 4449 661 4514 sibi
684 4469 753 4515 esse
777 4448 962 4527 vindictam,
986 4460 1020 4514 st
1041 4449 1114 4514 aliis
1166 4449 1253 4512 enim
1277 4469 1341 4513 non
1366 4459 1493 4514 tantum
1517 4448 1674 4525 Iudaeae,
1706 4447 1762 4512 sed
1792 4449 1890 4512 etiarn
1914 4448 2039 4512 cunetis
2061 4470 2140 4531 gen·

142 4531 326 4597 doctoribus
355 4539 470 4597 contra
502 4554 615 4599 omnes
648 4543 903 4616 contempteres,
936 4545 969 4599 et
1001 4544 1115 4600 eontra
1165 4534 1254 4599 tibus
1276 4543 1310 4599 et
1330 4535 1468 4616 populis,
1490 4535 1596 4616 adque
1618 4532 1698 4599 adeo
1721 4532 1853 4616 regibus
1875 4534 1974 4616 ipsis:
1998 4534 2058 4597 hoc
2080 4544 2138 4610 est,

142 4629 243 4682 comm
266 4616 381 4682 mundi
405 4618 620 4696 altitudinem,
644 4620 700 4685 ubi
715 4621 850 4702 impleta
865 4621 973 4697 fuerit,
997 4620 1114 4701 inquit,
1167 4619 1313 4684 doctrina
1335 4640 1433 4701 quam
1456 4617 1542 4702 apud
1563 4620 1670 4702 ipsum
1692 4618 1841 4701 deposui,
1871 4629 1982 4683 tantae
2012 4631 2062 4683 est
2084 4640 2140 4700 po·

142 4720 253 4769 vestra
275 4703 467 4769 obedientia.
501 4705 625 4770 Paulus
649 4724 727 4788 ergo
749 4706 816 4771 illio
838 4706 1115 4788 signifieatevan·
1167 4705 1288 4769 tentiae
1310 4711 1344 4770 et
1366 4706 1507 4788 virtutis,
1538 4714 1576 4767 ut
1597 4706 1740 4769 emineat
1761 4724 1861 4788 supra
1884 4724 1995 4768 omnes
2019 4716 2140 4768 morta·

141 4790 218 4872 gelii
252 4789 434 4855 doctrinam
464 4789 594 4872 proprie
623 4803 655 4854 et
677 4791 787 4874 priore
817 4789 886 4856 loco
918 4790 1114 4857 destinatam
1166 4788 1223 4866 les,
1255 4787 1376 4854 nedum
1398 4811 1498 4873 supra
1521 4810 1619 4854 unam
1643 4794 1785 4874 gentem.
1829 4789 1962 4853 Interea
1984 4788 2141 4869 videmus,

140 4896 211 4940 esse
234 4875 268 4937 in
291 4873 379 4939 huno
402 4894 507 4950 usum,
530 4886 566 4938 ut
588 4875 736 4941 homines
759 4881 854 4941 vocet
875 4877 908 4940 in
924 4876 1114 4959 obsequium
1166 4876 1317 4957 quamvis
1347 4874 1517 4940 hominum
1547 4876 1737 4958 improbitas
1766 4880 1861 4958 cogat
1884 4874 1993 4938 Deum
2022 4876 2141 4941 severi

142 4960 215 5024 Dei.
259 4959 325 5023 Hic
347 4967 457 5023 autem
479 4958 638 5026 Ieremias
659 4961 789 5025 ruinam
814 4969 847 5026 et
869 4962 1034 5027 excidium
1057 4981 1114 5044 po·
1166 4972 1233 5025 tate
1269 4962 1333 5037 uti,
1376 4972 1486 5026 tamen
1524 4981 1691 5044 nunquam
1728 4962 1835 5042 ipsum
1875 4958 2024 5024 oblivisci
2062 4981 2141 5026 suae

143 5046 192 5110 nit
225 5054 301 5108 ante
332 5044 430 5109 verba
464 5043 653 5111 aedificandi
687 5056 720 5111 et
752 5047 938 5131 plantandi:
973 5046 1114 5125 videtur,
1167 5055 1321 5126 naturae,
1352 5049 1430 5128 quin
1455 5044 1632 5112 elementer
1654 5047 1773 5110 invitet
1796 5066 1866 5123 eos,
1896 5044 1951 5126 qui
1975 5066 2040 5110 non
2064 5054 2142 5111 sunt

142 5127 415 5213 quemadmodum
446 5127 530 5209 dixi,
560 5130 621 5197 boc
651 5133 755 5198 lacere
785 5140 1001 5215 praepostere.
1047 5129 1114 5197 Sed
1166 5152 1299 5214 prorsus
1316 5131 1489 5214 desperati,
1511 5131 1552 5197 ad
1573 5132 1836 5215 resipiscentiam,
1860 5152 1897 5196 ac
1918 5150 2010 5214 spem
2025 5132 2141 5196 veniae

142 5236 270 5298 semper
292 5215 450 5280 memoria
472 5216 653 5281 tenendum
680 5230 745 5296 est,
777 5216 882 5300 qualis
909 5215 1006 5283 fuerit
1036 5227 1114 5283 tunc
1138 5196 1142 5274 l
1167 5224 1201 5281 οι
1229 5218 1345 5283 salutis
1372 5217 1438 5281 illis
1466 5227 1636 5301 proponat.
1687 5217 1733 5281 Et
1761 5216 1822 5282 hoc
1857 5236 1987 5298 semper
2021 5216 2142 5282 retinet

247 5317 358 5373 Caluini
378 5331 472 5386 opera.
502 5317 562 5374 Vol.
580 5316 745 5374 XXXVII.
1895 5317 1928 5372 31
