4784 5970
196 359 259 425 249
1070 353 1220 420 CAPU'P
1242 353 1319 420 LII.
2130 360 2195 427 250

199 561 254 616 tur
282 560 316 614 et
343 547 584 630 importunum,
616 543 762 609 laetitiae
793 543 955 611 canticum
986 543 1102 607 dictari
1131 543 1167 607 in
1220 540 1399 607 Christum.
1442 539 1531 605 Nam
1561 538 1691 604 initium
1717 539 1902 606 iaciendum
1930 555 1980 609 est
2003 566 2023 610 a
2045 546 2192 631 redemp-

201 635 350 713 tristitia,
383 630 459 696 alibi
482 640 595 695 tamen
620 628 764 695 vidimus
794 628 856 692 hac
883 626 1037 711 loquendi
1063 627 1170 694 forma
1221 629 1309 692 tione
1337 646 1420 708 quaa
1452 624 1513 691 suh
1542 623 1632 708 cyro
1661 624 1738 702 luit,
1772 637 1810 690 nt
1840 627 1880 692 ιι
1909 636 2055 696 nostram
2089 654 2191 716 usqne

202 720 326 787 utiliter
347 715 564 800 expergefieri
586 715 642 798 qui
664 715 726 779 sub
748 712 878 792 doloris,
900 722 1007 779 metus
1029 722 1061 779 et
1075 734 1169 779 cura·
1221 720 1359 777 aetatem
1403 709 1661 794 progrediamur.
1726 710 1844 793 Itaque
1885 715 1990 798 coepit
2030 716 2191 786 Dominus

203 826 277 872 rum
309 823 406 869 onere
440 808 585 886 gemunt.
636 798 829 865 Solitudiuss
860 797 1080 884 ierosolymae
1112 809 1171 864 aut
1221 798 1307 862 iuter
1334 795 1449 861 Medos
1479 803 1514 859 et
1535 794 1653 861 Persas
1680 796 1846 862 illustrare
1875 801 2053 880 potentiam
2081 824 2190 870 suam:

204 889 373 956 vastitates
395 896 500 965 vocat,
523 896 560 951 ut
581 884 732 968 quamvis
755 885 881 967 direpta
902 906 940 949 ac
959 884 1068 948 diruta
1085 894 1170 949 esset
1222 881 1278 948 ιιι
1313 902 1385 948 eam
1420 879 1538 946 deinde
1574 880 1727 948 omnibus
1763 884 1948 950 nationibus
1984 889 2190 971 conspicuam

203 975 415 1040 nihilominus
437 991 509 1037 eam
527 971 746 1036 instauratum
764 971 805 1033 iri
822 970 1029 1035 confiderent.
1063 971 1170 1051 Atque
1221 965 1370 1033 reddidit.

204 1063 285 1126 haec
307 1057 480 1141 appellatio
500 1055 618 1123 melius
646 1055 797 1121 convenit
824 1053 1021 1121 excutiendo
1052 1054 1170 1130 timori,
1309 1053 1360 1117 11.
1402 1050 1597 1138 (Disceditc.)
1651 1052 1747 1118 Nunc
1782 1053 1936 1136 populum
1973 1057 2123 1123 hortatur
2154 1068 2192 1126 ut

202 1167 298 1229 quam
321 1144 350 1208 si
371 1143 496 1208 felicem
515 1151 573 1206 aut
590 1142 758 1206 florentem
777 1151 934 1205 vocasset.
967 1140 1053 1205 Nam
1070 1159 1171 1222 quum
1222 1158 1351 1221 semper
1377 1138 1417 1202 ad
1445 1137 1653 1221 migrandum
1683 1147 1816 1220 paratus
1844 1141 1901 1221 sit,
1933 1154 2029 1225 atque
2058 1144 2189 1211 iuterim

203 1229 408 1296 miserrimus
430 1237 516 1294 essct
539 1228 608 1293 eius
630 1236 744 1303 status,
767 1245 833 1290 non
856 1225 949 1290 aliter
971 1226 1012 1289 ad
1034 1246 1070 1289 sa
1092 1225 1171 1289 baec
1223 1224 1387 1289 miseriam
1411 1243 1503 1288 suam
1526 1223 1686 1306 patienter
1708 1223 1800 1288 ferat.
1835 1225 1919 1290 Nam
1942 1241 1978 1292 ut
1999 1230 2191 1314 corrigenda

205 1317 367 1400 promIssa
388 1314 552 1396 pertinere
569 1311 823 1388 existimassent,
846 1312 990 1393 quamsi
1009 1310 1172 1375 declarata
1223 1320 1294 1374 erat
1316 1309 1417 1373 nimia
1438 1307 1550 1391 populi
1572 1308 1743 1389 festinatio,
1769 1310 1817 1374 ita
1839 1318 1998 1394 torporem
2022 1317 2052 1380 ei
2073 1316 2192 1383 deinde

203 1411 288 1467 esset
311 1419 424 1465 eorum
441 1399 582 1477 miseria,
600 1395 756 1462 adversus
774 1416 872 1478 quam
884 1395 1051 1460 muniendi
1069 1406 1171 1471 erant,
1224 1396 1333 1461 excuti
1364 1394 1542 1476 oportebat.
1595 1393 1728 1458 Etenim
1765 1395 1953 1478 priusquam
1991 1400 2191 1469 liberationis

204 1500 242 1551 ut
265 1485 415 1566 quamvis
443 1482 527 1548 nihil
559 1494 689 1566 praeter
717 1482 903 1548 vastitatem
933 1492 965 1546 et
993 1478 1172 1545 horrendas
1224 1490 1353 1563 tempus
1386 1479 1585 1557 advenisset,
1620 1481 1808 1561 importuna
1839 1482 1979 1547 abeundi
2013 1487 2191 1570 cupiditate

204 1572 317 1637 ruinas
352 1570 575 1646 intuerentur,
620 1573 729 1632 tamen
770 1566 1038 1632 instaurationem
1082 1575 1173 1631 certa
1224 1566 1398 1648 flagrabat:
1432 1565 1488 1629 ubi
1511 1584 1589 1628 vero
1622 1564 1728 1631 exsilii
1762 1575 1908 1648 tempora
1940 1570 2073 1651 impleta
2103 1585 2188 1648 sunt,

204 1656 321 1722 fiducia
343 1661 580 1735 exspectarent.
1225 1651 1415 1734 elanguerat
1444 1650 1599 1714 diuturna
1625 1670 1725 1730 mora,
1754 1670 1947 1734 omnemque
1975 1654 2131 1722 redeundi
2157 1674 2191 1725 et

290 1739 460 1824 (Quoniam
493 1739 665 1804 maculatus
696 1736 763 1822 eet.)
815 1736 957 1802 Luctum
996 1735 1104 1820 populi
1138 1735 1171 1799 in
1224 1757 1315 1819 spem
1338 1745 1371 1799 et
1393 1734 1595 1800 voluntatem
1625 1734 1805 1800 abiecerat:
1833 1738 1878 1801 ita
1900 1747 1935 1803 ιιι
1956 1741 2050 1821 pauci
2076 1743 2111 1807 in
2134 1744 2189 1810 Iu·

206 1826 360 1906 gaudium
384 1825 484 1889 vertit
505 1824 682 1889 Dominus:
712 1822 850 1887 liberum
873 1844 915 1888 ex
936 1822 1066 1904 captivo
1087 1822 1172 1885 fecit.
1225 1823 1338 1886 ιιιιιιι
1368 1822 1490 1885 reversi
1521 1820 1596 1885 sint.
1641 1820 1904 1887 Permiscueraut
1931 1845 1967 1889 se
1989 1825 2190 1911 Babyloniis,

207 1910 309 1992 Atqui
333 1910 394 1973 hoo
416 1909 560 1973 nondum
580 1907 756 1974 acciderat:
779 1907 887 1972 sedin
906 1906 1173 1989 promissionibus
1225 1926 1363 1988 quorum
1401 1904 1632 1970 consuetudine
1667 1906 1767 1971 illecti
1801 1927 1837 1973 ac
1869 1913 2014 1993 corrupti
2049 1916 2188 1995 patriam

205 1997 268 2061 Dei
304 2005 458 2076 tanquam
493 1995 526 2058 in
560 1994 690 2076 speculo
723 1993 935 2075 contemplari
971 2002 1099 2074 oportet
1136 2012 1174 2056 ιι
1225 2011 1318 2057 suam
1343 1990 1562 2075 negligebant.
1605 1990 1753 2057 Excitari
1774 1991 1875 2075 igitur
1895 1995 1984 2077 ipsos
2006 2018 2042 2062 ac
2063 2001 2187 2066 moneri

206 2101 290 2163 quae
318 2078 462 2144 nondum
491 2080 593 2143 oculis
622 2079 742 2143 nostris
768 2087 943 2161 apparant,
972 2080 1068 2141 etiam
1098 2078 1125 2142 si
1155 2097 1174 2141 a
1225 2097 1356 2142 necesse
1378 2085 1461 2153 erat,
1490 2096 1532 2139 ne
1553 2076 1652 2158 longa
1682 2079 1922 2159 exspectatione
1950 2082 2190 2166 frangerentur,

207 2166 332 2231 ratione
354 2164 458 2228 aliena
480 2163 572 2229 nohis
596 2184 667 2229 esse
689 2162 870 2228 videantur.
917 2162 1068 2227 Redemit.
1108 2161 1173 2226 Hic
1226 2174 1257 2226 et
1278 2161 1534 2244 Babyloniorum
1564 2163 1818 2243 inquinamentis
1847 2168 2009 2249 corrumpi
2038 2190 2073 2235 ιι
2101 2173 2187 2237 ιιιι.

206 2251 356 2315 videmus
378 2251 545 2332 proprium
568 2269 638 2314 esse
668 2269 749 2330 opus
770 2247 850 2323 Dei,
880 2247 1039 2312 redimere
1071 2247 1172 2312 eccle·
1225 2256 1309 2312 rent.
1353 2245 1542 2313 Secundum
1569 2249 1761 2324 membrum,
1790 2250 1844 2315 ubi
1866 2260 1955 2315 vetat
1982 2253 2186 2322 immundum

205 2338 299 2401 siam.
344 2333 442 2414 Quod
464 2335 492 2400 ei
514 2336 562 2399 ita
582 2332 787 2399 sentiendum
809 2342 860 2399 ιιι
881 2333 923 2398 ιι
951 2332 1173 2416 redemptione
1225 2334 1394 2415 attingere,
1417 2331 1532 2396 melius
1555 2331 1696 2399 declarat
1717 2333 1802 2416 quod
1821 2334 1885 2399 ianr
1904 2335 2056 2404 diximus.
2090 2340 2188 2408 Iubet

205 2420 408 2504 babylonica,
431 2440 512 2501 quae
534 2418 717 2484 umbratilis
740 2418 964 2483 tantummodo
987 2419 1065 2495 luit,
1095 2418 1172 2500 quid
1225 2417 1312 2483 enim
1342 2429 1377 2481 ut
1406 2439 1441 2482 se
1469 2437 1567 2498 puros
1595 2430 1692 2500 atque
1724 2419 1868 2502 integros
1895 2428 2029 2488 servent
2057 2425 2098 2490 ab
2123 2429 2185 2492 ini·

205 2507 351 2570 dicemus
373 2504 413 2573 de
435 2504 657 2588 redemptione
679 2503 865 2586 spirituali?
897 2525 938 2568 an
961 2505 1031 2568 sine
1053 2523 1173 2586 magna
1224 2503 1440 2586 quinamentis
1470 2503 1586 2583 quibus
1613 2525 1648 2567 se
1676 2504 1863 2586 polluebant
1890 2507 2055 2576 Chaldaei.
2100 2512 2187 2578 Nam

207 2592 271 2657 Dei
305 2590 425 2654 iniuria
457 2589 643 2654 hominibus
676 2589 774 2653 tribui
809 2589 937 2671 potest?
986 2588 1033 2654 Ut
1064 2599 1171 2652 autem
1223 2588 1404 2672 periculum
1425 2599 1495 2651 erat
1513 2608 1555 2652 ne
1572 2590 1852 2671 superstitionibus
1874 2595 2021 2676 gentium
2043 2618 2186 2665 comum-

206 2676 346 2740 liberare
369 2675 537 2741 ecclesiam
560 2675 661 2740 solius
684 2674 746 2738 Dei
769 2685 833 2751 est,
860 2675 961 2738 itaet
990 2672 1172 2737 libertatem
1223 2681 1393 2756 petentur,
1428 2682 1464 2736 nt
1496 2673 1656 2754 proclives
1689 2674 1729 2738 ιι
1762 2675 1886 2741 malum
1917 2699 2031 2746 sumus
2062 2703 2185 2765 omues,

204 2761 274 2825 eius
296 2760 391 2824 tueri.
1223 2758 1380 2839 malisque
1413 2758 1569 2839 exemplis
1601 2759 1694 2823 facile
1726 2760 1913 2842 abripimur.
1956 2765 2099 2833 Proinde
2128 2770 2185 2835 ιι-

294 2845 343 2909 10.
378 2843 559 2928 (Nadaoit.)
602 2842 859 2908 similitudinem
884 2843 967 2908 hano
989 2844 1172 2924 sumpsita
1224 2852 1344 2922 monet,
1374 2853 1411 2907 ut
1432 2843 1580 2924 quamvis
1601 2844 1722 2926 captivi
1752 2845 1826 2923 sint,
1857 2858 1965 2913 tamen
1989 2872 2030 2915 ne
2051 2854 2128 2934 quid
2149 2856 2184 2919 in

207 2931 365 2996 militibus
395 2931 450 3012 qui
473 2929 607 2994 brachia
631 2929 801 3011 proferunt
829 2949 928 3010 quum
950 2949 985 2993 ιι
1006 2928 1173 2992 instruunt
1224 2931 1360 3012 gratiam
1384 2926 1584 2993 dominorum
1607 2929 1763 3009 efficiant,
1793 2951 1856 3012 quo
1877 2933 1990 2999 melior
2010 2938 2053 3002 sit
2075 2958 2184 3006 eorum

207 3016 248 3081 ιι
270 3026 445 3083 certamen.
489 3014 558 3078 Nec
580 3016 666 3078 enim
690 3014 743 3079 hie
769 3012 892 3077 nudare
921 3013 1084 3095 significat
1113 3034 1171 3077 uu·
1224 3013 1380 3080 conditio:
1411 3034 1452 3078 ne
1474 3035 1494 3077 ι
1515 3034 1598 3096 puro
1620 3014 1684 3078 Dei
1706 3014 1794 3080 cultu
1816 3038 1850 3081 ee
1873 3016 1987 3086 abduci
2009 3024 2185 3105 patiantur,

207 3103 285 3167 dum
307 3102 451 3184 prolerre
479 3100 662 3182 brachium,
692 3097 749 3163 sed
771 3117 939 3164 exserere:
972 3099 1049 3181 quia
1070 3117 1172 3179 quum
1224 3121 1266 3165 ne
1288 3098 1474 3181 polluantur
1496 3118 1607 3163 eorum
1631 3099 1758 3179 ritibus,
1790 3122 1831 3166 ne
1851 3104 2004 3169 simulent
2024 3129 2060 3173 sc
2081 3111 2186 3177 coloro

207 3188 357 3252 sedemus
389 3185 501 3261 otiosi,
535 3194 592 3249 ant
621 3184 811 3267 complicata
843 3182 999 3249 habemns
1032 3183 1172 3261 brachia,
1224 3183 1324 3259 idola,
1354 3195 1412 3248 aut
1433 3185 1583 3249 assentiri
1610 3186 1753 3268 ipsorum
1783 3187 1941 3271 religioni.
1985 3191 2077 3260 Haeo
2098 3197 2185 3262 enim

207 3287 265 3338 aut
298 3271 535 3337 abscondimus.
586 3271 693 3334 Deum
724 3290 800 3334 vero
830 3289 888 3350 pro
918 3290 1034 3334 sensus
1067 3270 1172 3333 nostri
1223 3268 1422 3336 exsecranda
1450 3280 1500 3333 est
1527 3271 1748 3336 immundities
1780 3291 1876 3353 quam
1906 3275 2063 3358 propheta
2089 3282 2184 3346 vitari

206 3358 353 3424 crassitie
375 3367 537 3438 putamus,
560 3354 663 3420 donee
685 3356 837 3421 virtutem
860 3375 952 3420 suam
975 3355 1009 3418 in
1028 3354 1172 3419 medium
1222 3356 1319 3420 iubet.
1363 3355 1527 3420 Accidunt
1559 3368 1668 3421 autam
1700 3357 1836 3441 captivis
1865 3366 1898 3423 et
1925 3364 2099 3444 tyrannide
2128 3388 2185 3449 op-

207 3444 344 3526 profert,
374 3462 465 3506 more
493 3440 634 3506 hominis
660 3441 742 3522 lapsi
765 3440 816 3505 vel
840 3439 925 3523 pigri
947 3439 1083 3523 digitum
1106 3460 1173 3504 nou
1221 3441 1341 3525 pressis
1363 3439 1520 3507 eiusmodi
1549 3444 1757 3520 tentationes,
1788 3444 1905 3523 quibus
1927 3465 2024 3528 saepe
2045 3450 2091 3513 ita
2112 3472 2185 3516 suo·

207 3548 348 3593 movere.
396 3527 442 3591 Et
472 3525 637 3592 brachium
671 3526 850 3591 sanctitatis
879 3534 988 3601 vocat,
1020 3525 1171 3606 quoniam
1222 3525 1379 3592 cumbunt
1401 3537 1437 3588 ut
1458 3527 1562 3590 multa
1584 3528 1707 3590 nefaria
1728 3541 1761 3591 et
1777 3526 1889 3593 illicita
1912 3529 1972 3594 sibi
1994 3534 2184 3612 permittant

207 3613 352 3697 potentia
380 3632 439 3677 sua
469 3613 504 3675 in
532 3610 670 3677 salutem
704 3611 814 3694 populi
844 3631 961 3674 usurus
990 3619 1068 3674 erat.
1112 3610 1174 3674 Est
1221 3612 1283 3676 hoc
1304 3620 1482 3693 praetextu,
1512 3611 1596 3693 quod
1618 3622 1831 3694 tyrannorum
1861 3614 2004 3679 furorem
2034 3620 2184 3704 mitigare

207 3701 294 3764 enim
324 3698 377 3762 hio
407 3706 521 3762 mutua
550 3698 663 3761 relatio
696 3697 783 3760 inter
804 3695 910 3759 Deum
945 3705 977 3757 et
1005 3694 1172 3759 ecclesiam
1223 3696 1345 3761 volunt.
1391 3699 1436 3759 Δι
1457 3716 1554 3777 quam
1582 3695 1700 3779 frigida
1728 3697 1770 3761 sit
1798 3719 1906 3763 eorum
1937 3704 2101 3768 excusatio
2130 3705 2183 3774 hic

208 3805 306 3866 quam
329 3783 388 3847 sibi
409 3782 570 3846 Dominus
592 3782 801 3848 consecravit.
841 3779 1019 3846 Brachium
1042 3777 1171 3860 quidem
1222 3782 1394 3847 cernimus.
1438 3780 1615 3846 Neoenim
1638 3781 1946 3850 Iudaeoshortatur
1970 3788 2183 3870 prophetant

208 3889 304 3936 suum
334 3866 437 3931 nudat
462 3871 495 3930 in
518 3867 798 3932 administratione
828 3866 926 3930 totius
955 3863 1081 3929 mundi:
1115 3865 1171 3929 ιιι
1222 3867 1334 3931 ιιιιιι
1357 3867 1423 3931 sint
1445 3886 1544 3948 quum
1568 3866 1660 3931 liberi
1683 3879 1787 3946 erunt,
1811 3867 1868 3934 aed
1887 3873 2041 3951 quamdiu
2063 3878 2182 3958 captivi

207 3974 274 4019 non
293 3958 389 4018 vooat
411 3954 517 4033 ipsum
540 3952 730 4030 sanctitatis,
753 3961 790 4016 ut
807 3950 870 4031 hio,
892 3971 993 4032 quum
1011 3949 1172 4031 peculiare
1223 3952 1436 4030 tenebuntur,
1475 3971 1513 4016 ao
1544 3953 1726 4035 periculum
1762 3955 1859 4017 etiam
1894 3957 1980 4022 vitae
2017 3961 2182 4028 subibunt.

207 4040 364 4105 auxilium
399 4038 462 4102 lert
491 4037 642 4102 ecclesiae
674 4057 761 4103 suae.
811 4036 872 4100 Est
900 4035 988 4101 enim
1023 4035 1171 4099 bilariam
1222 4038 1313 4102 Haeo
1342 4048 1451 4102 autem
1481 4036 1521 4100 ιι
1543 4056 1602 4101 nos
1632 4038 1729 4101 etiam
1761 4037 1849 4104 haud
1883 4040 1978 4106 dubie
2009 4049 2183 4128 pertinent,

206 4122 442 4192 consideranda
474 4123 619 4204 potentia
647 4123 726 4186 Dei:
760 4122 900 4205 primum
934 4121 1171 4199 universaliter,
1223 4144 1303 4205 quos
1332 4122 1454 4187 Paulus
1487 4121 1637 4186 hortatur
1668 4123 1710 4208 (2.
1734 4122 1808 4190 Oor.
1832 4125 1860 4204 t,
1889 4125 1921 4210 1)
1953 4136 1991 4192 ut
2019 4131 2182 4215 impolluti

205 4215 240 4276 in
262 4207 496 4277 conservandis
526 4208 676 4273 omnibns
704 4208 874 4273 creaturis:
905 4205 1020 4271 deinde
1049 4207 1171 4289 specie·
1221 4228 1285 4271 non
1309 4208 1413 4272 solum
1435 4207 1566 4290 spiritu,
1599 4208 1655 4273 ιιι
1684 4209 1780 4273 etiam
1811 4229 1907 4276 carne
1931 4213 2042 4280 simus.
2086 4217 2182 4285 Hanc

206 4298 289 4374 liter,
314 4297 349 4359 in
372 4293 493 4359 tuenda
514 4291 657 4358 aeclesia.
701 4293 786 4357 Nam
808 4291 982 4373 peculiaris
1004 4302 1053 4356 ιιι
1074 4311 1171 4373 quae·
1221 4313 1316 4375 porro
1348 4291 1605 4358 exhortationem
1638 4294 1843 4376 peculiariter
1874 4297 1985 4381 dirigit
2013 4301 2054 4365 ιι
2076 4322 2180 4368 ιιιιι·

206 4380 281 4447 dam
303 4379 484 4447 sollicitudo
514 4398 611 4460 qnam
634 4397 693 4459 pro
713 4379 780 4442 suis
802 4379 895 4460 gerit,
926 4396 1007 4459 quae
1036 4378 1171 4441 caeteris
1222 4378 1312 4443 dotes
1334 4389 1367 4443 et
1387 4378 1519 4452 levitas,
1548 4377 1603 4460 qui
1623 4399 1722 4460 quum
1750 4382 1955 4463 antesignani
1977 4398 2086 4451 essent
2106 4388 2182 4470 plus

207 4466 386 4532 communis
408 4486 470 4530 non
494 4476 552 4530 est.
599 4461 712 4530 Oeam
739 4463 848 4528 oeulis.
894 4461 1065 4545 Significat
1086 4462 1171 4526 hano
1220 4464 1416 4548 integritatis
1448 4474 1613 4546 praestare
1649 4463 1847 4529 debuerunt:
1886 4489 1952 4533 non
1985 4474 2075 4552 quasi
2108 4473 2181 4539 aliis

208 4551 432 4617 liberationem
466 4558 556 4614 tantu
589 4546 803 4612 admiratione
840 4549 870 4611 di
920 4569 970 4612 am
1008 4548 1092 4623 fore,
1133 4559 1170 4611 ut
1220 4570 1290 4615 sese
1311 4548 1456 4632 polluere
1485 4549 1590 4624 liceat,
1620 4549 1677 4615 ιιι
1699 4571 1753 4615 ιιι
1776 4551 1977 4633 potissimum
2008 4557 2182 4640 compellat

207 4638 310 4702 caecis
341 4636 439 4699 etiam
472 4636 550 4717 ipsis
583 4645 747 4717 appareat.
797 4569 1030 4712 QuoInautem
1064 4632 1171 4698 nobile
1221 4643 1257 4699 ιιι
1279 4634 1351 4700 aliis
1372 4644 1526 4717 praeeant
1552 4655 1611 4699 suo
1633 4635 1791 4717 exemplo,
1821 4637 1936 4719 quibus
1959 4640 2061 4704 veluti
2083 4642 2180 4708 duces

205 4723 267 4787 hoo
288 4720 505 4804 spectaculum
528 4718 715 4784 extenditur
733 4718 773 4783 ad
793 4719 922 4783 ultimos
941 4737 1042 4800 usque
1065 4728 1169 4783 terrae
1219 4720 1387 4785 constituti
1409 4732 1494 4785 suut.
1536 4720 1588 4784 Ad
1611 4720 1699 4799 haec,
1722 4723 1876 4786 memoria
1898 4725 2073 4790 tenendum
2095 4729 2179 4808 quod

206 4809 297 4884 fines,
320 4805 395 4871 bino
418 4816 553 4887 apparet
574 4805 762 4887 prophetam
786 4825 850 4868 non
874 4803 960 4886 loqui
984 4803 1023 4867 ιι
1041 4804 1170 4868 uestitu·
1220 4814 1297 4870 aute
1319 4805 1468 4884 vidimus,
1489 4813 1522 4868 et
1543 4805 1661 4869 iterum
1685 4816 1809 4887 repetet
1831 4806 1933 4873 Isaiae
1954 4810 1988 4873 in
2010 4810 2075 4875 fine
2097 4813 2180 4892 libri,

206 4894 294 4958 tione
321 4889 447 4974 populi,
477 4909 560 4972 quae
579 4891 666 4954 intra
688 4907 805 4972 paucos
827 4909 929 4954 annos
951 4888 1061 4954 lutura
1083 4897 1168 4953 erat:
1220 4911 1341 4956 novum
1362 4891 1427 4955 iore
1445 4888 1659 4956 sacerdotium
1676 4891 1711 4954 in
1730 4891 1897 4975 redempto
1913 4894 2039 4976 populo.
2070 4895 2180 4976 Quan-

206 4977 263 5042 sed
286 4976 326 5042 ιι
349 4976 448 5042 totius
469 4974 623 5041 eeclesias
644 4974 887 5041 instauratione.
925 4974 1070 5058 Maligna
1092 4994 1169 5057 ergo
1220 4996 1316 5060 qnam
1338 4976 1416 5040 mibi
1447 4975 1550 5057 placet
1580 4975 1719 5058 simplex
1747 4977 1803 5041 ille
1824 4998 1952 5057 sensns,
1980 4979 2117 5046 Levitae
2146 4993 2179 5048 et

206 5061 319 5128 Iudaei
352 5061 437 5128 hano
469 5058 672 5144 prophetiam
705 5058 746 5125 ιι
779 5058 1033 5142 redemptionem
1068 5058 1168 5143 baby·
1220 5061 1386 5126 ministros
1415 5059 1527 5142 templi
1555 5058 1626 5125 κατ’
1648 5060 1765 5146 ἐξοχὴν
1794 5064 1868 5144 poni
1898 5084 1956 5145 pro
1984 5072 2051 5128 tota
2076 5067 2178 5149 plebe.

206 5149 343 5214 lonioam
373 5147 595 5229 restringunt:
628 5166 797 5229 perperam
819 5164 897 5210 vero
922 5144 1101 5210 Christiani
1128 5146 1167 5209 ad
1219 5145 1310 5212 Haec
1332 5147 1432 5230 igitur
1450 5143 1597 5212 doctrina
1616 5169 1678 5210 non
1698 5154 1825 5211 tantum
1845 5147 1886 5211 ad
1901 5149 2066 5216 ministros
2082 5154 2180 5234 verbi,

206 5232 405 5318 spiritualem
450 5231 703 5314 redemptionem
748 5250 846 5313 quam
890 5229 1073 5295 obtinemus
1112 5251 1169 5312 per
1219 5231 1276 5296 sed
1299 5232 1339 5297 ad
1361 5251 1472 5296 omnes
1493 5229 1698 5298 Ohristianos
1719 5233 1753 5296 in
1776 5232 1961 5298 universum
1993 5234 2088 5303 hodie
2108 5260 2180 5323 per·
