4784 5970
120 375 184 440 641
851 369 899 435 ΙΝ
921 368 1171 436 quentati.
1215 369 1313 435 CAP.
1337 367 1398 434 VI.
2056 371 2122 437 642

124 563 266 648 plebem,
299 562 395 627 simul
425 562 521 625 etiam
551 560 691 626 fulciunt
718 568 823 624 totum
854 567 1027 643 papatum:
1060 567 1094 622 et
1145 557 1240 623 aas?
1285 555 1415 623 Scimus
1449 557 1539 622 enim
1569 556 1723 639 quoniam
1753 556 1955 642 lerosolyma
1985 559 2122 627 fundata

123 650 195 714 ideo
217 649 287 713 ausi
315 655 393 713 sant
423 646 603 713 nebulones
632 645 681 710 illi
712 665 827 710 vocare
855 666 890 710 se
919 643 1094 727 quadrigas
1145 653 1216 708 erat
1238 664 1337 709 manu
1359 641 1441 725 Dei,
1475 652 1509 708 et
1537 642 1692 724 quoniam
1714 642 1856 709 habebat
1877 643 1974 709 illum
1995 649 2120 728 praesi-

123 755 243 818 papae:
278 754 352 799 nam
382 752 466 815 papa
496 733 627 797 vehitur
656 743 809 813 tanquam
842 739 983 812 quatuor
1004 729 1093 809 rotis,
1145 728 1219 794 dem
1241 749 1280 794 ac
1301 728 1485 806 custodem,
1518 726 1619 793 fuisse
1640 748 1807 794 securam:
1841 729 1898 794 sed
1930 729 1992 795 fuit
2019 750 2121 813 prava

124 822 188 886 illis
211 833 352 904 quatuor
373 818 541 884 ordinibus
563 817 837 884 mendicantium:
871 817 916 880 Bt
943 816 1006 881 hoc
1027 816 1094 882 iac·
1143 815 1310 896 securitas,
1333 814 1388 879 ubi
1410 823 1520 898 spreto
1541 812 1613 879 Dec
1636 814 1845 896 superbiebat
1866 816 1901 880 in
1923 816 1992 883 suis
2020 817 2120 883 scele-

123 915 214 986 tant,
256 905 311 971 ubi
346 905 461 971 volunt
491 904 663 970 ostendere
695 911 855 984 quantum
893 902 1019 983 possint
1052 900 1092 965 ad
1144 900 1244 966 ribus.
1282 901 1365 982 Quid
1386 922 1465 985 ergo
1485 900 1609 983 [atah
1627 901 1663 964 ia
1685 901 1853 966 mammeae
1874 901 1971 966 eius?
1993 903 2117 985 inquit:

124 992 358 1058 mentiendum.
411 991 503 1072 Papa
535 992 637 1074 igitur
675 988 809 1053 vehitur
850 995 990 1071 quatuor
1028 985 1093 1052 illis
1145 987 1235 1068 quasi
1259 985 1396 1052 diceret:
1418 986 1521 1051 Fallit
1543 1005 1601 1051 voe
1622 984 1741 1067 opinio,
1764 984 1843 1052 dum
1866 987 1989 1069 putatis
2011 996 2118 1053 aeter·

123 1077 378 1143 mendicantium
401 1078 495 1142 rotie:
522 1076 673 1141 videmus
695 1087 732 1140 ut
754 1075 931 1159 privilegiis
954 1093 1092 1139 ornave-
1144 1093 1222 1137 nam
1244 1071 1314 1137 iore
1337 1073 1447 1138 urbem
1473 1072 1572 1151 banc,
1602 1074 1677 1153 quia
1698 1073 1801 1138 instat
1823 1074 1949 1138 eversio
1971 1072 2043 1140 aius
2066 1072 2118 1140 vel

124 1166 184 1241 rit,
224 1176 258 1229 et
295 1163 438 1247 quotidie
478 1163 574 1227 etiam
614 1172 708 1229 ornet
746 1161 969 1228 mendicantes
1008 1158 1091 1224 illos.
1144 1159 1249 1222 ruina.
1303 1159 1387 1240 Quid
1417 1178 1495 1241 ergo
1526 1158 1643 1239 sactwi
1675 1159 1765 1236 mlta,
1798 1179 1900 1241 quum
1935 1158 2014 1223 urbs
2046 1159 2119 1241 ipsa

123 1250 255 1333 Quare?
290 1251 430 1317 fulciunt
451 1249 539 1316 enim
561 1250 632 1315 eius
654 1248 873 1335 tyrannidem.
918 1246 1007 1312 Talis
1029 1245 1093 1310 tuit
1142 1243 1281 1329 peribit,
1314 1243 1378 1309 nisi
1401 1243 1487 1326 quod
1515 1241 1607 1308 vobis
1637 1242 1840 1324 pereundum
1872 1244 1935 1309 erit
1966 1245 2118 1313 omuibus

120 1344 202 1404 tunc
235 1336 376 1404 conditio
407 1336 528 1421 populi.
583 1337 667 1401 Nam
701 1335 884 1402 sacerdotes
917 1331 1091 1402 sumebant
1144 1330 1242 1401 simul
1264 1351 1338 1399 cum
1360 1328 1455 1412 ipsa?

120 1425 287 1508 praedam,
310 1430 343 1492 et
365 1422 664 1511 pseudoprophetae
686 1425 783 1491 etiam
805 1423 977 1509 rapiebant
998 1424 1038 1490 ad
1057 1445 1092 1490 se

122 1521 259 1596 partem,
278 1512 552 1594 quemadmodum
567 1511 729 1578 iaciebant
750 1531 846 1577 canes
861 1511 917 1576 isti
932 1510 1091 1577 famelici:

122 1617 229 1746 peqrsse
250 1607 357 1745 ttamen
380 1608 449 1748 ttang
470 1597 629 1748 viellenter
650 1606 792 1748 utdpap3
807 1605 1010 1681 grassentur,
1030 1597 1091 1748 {fid

122 1702 362 1852 diliatunmdhgi:
395 1702 520 1852 dhiihhh
539 1704 698 1853 ’pihalghhh
719 1702 1091 1835 ttztllmtltmsutffissmmig
1457 1731 1594 1802 CAPUT
1621 1725 1807 1799 SEXTUM'

120 1853 288 1938 episcopis.
332 1855 422 1938 llrgo
454 1875 571 1920 sensus
603 1854 659 1919 ille
692 1874 758 1919 non
792 1854 877 1920 male
909 1855 1091 1936 quadrabit,

120 1939 207 2020 quod
230 1940 353 2005 scilicet
374 1942 559 2023 acoeperint
580 1940 614 2004 in
636 1961 753 2005 manus
774 1960 858 2006 suas.
900 1940 965 2006 Sed
990 1960 1091 2023 quan·
1229 1940 1258 2003 1.
1291 1936 1529 2023 Ootepreqamiai
1548 1941 1611 2022 atti
1632 1940 1806 2009 Beniamin
1828 1961 1845 2007 c
1865 1939 1967 2007 medio
1991 1937 2119 2007 lerum·

120 2034 190 2089 tum
213 2026 253 2090 ad
276 2046 437 2091 summam
461 2028 507 2091 rei
537 2035 678 2108 spectat,
711 2027 832 2108 optime
860 2028 1033 2092 conveniet
1062 2028 1089 2091 si
1139 2023 1208 2103 lem,
1238 2027 1275 2089 ia
1303 2025 1433 2091 Thekoa
1461 2027 1593 2110 clanqite
1622 2028 1708 2110 tabo,
1739 2032 1767 2092 et
1794 2028 1831 2093 ia
1860 2026 2119 2093 Beth-leochares

120 2110 273 2191 dicimus,
306 2112 476 2177 ememtes
497 2112 671 2178 dammas
689 2112 791 2193 fuisse
806 2132 867 2193 per
887 2132 1001 2177 manue
1021 2111 1089 2177 illo
1139 2110 1232 2175 atta
1253 2112 1392 2194 ripam
1420 2113 1499 2194 quia
1519 2112 1639 2178 malm
1660 2114 1765 2178 umam
1786 2117 1832 2178 eat
1851 2112 1891 2178 ab
1913 2114 2067 2196 aquilona,
2089 2117 2118 2179 et

118 2217 207 2277 rum,
247 2219 364 2278 nempe
396 2198 548 2279 quoniam
583 2198 654 2264 sinc
687 2197 778 2262 falsis
818 2197 986 2280 prophetis
1020 2217 1088 2262 non
1139 2194 1269 2277 afflictio
1290 2216 1415 2280 mcpaa.

118 2288 271 2366 poterant
291 2285 433 2347 retinere
455 2283 555 2347 ullam
579 2285 698 2347 lamam
719 2284 753 2347 in
783 2283 919 2365 populo:
951 2282 1090 2349 fuissent

117 2368 205 2432 enim
228 2369 269 2433 ab
290 2368 439 2433 omnibus
460 2367 633 2452 repudiati.
678 2367 891 2451 Quum‘ergo
911 2377 1090 2453 regnarent
1225 2368 1378 2434 Vidimus
1407 2367 1473 2433 iam
1503 2367 1677 2452 aliquoties
1705 2370 1740 2434 in
1770 2367 1833 2434 hoo
1862 2369 2022 2452 propheta
2051 2390 2117 2434 non

118 2473 178 2537 per
200 2473 311 2518 eornm
335 2474 467 2530 manus,
501 2454 564 2518 luit
593 2463 708 2519 mutua
739 2454 826 2518 inter
848 2454 921 2520 illos
943 2454 1086 2521 collusio.
1141 2462 1267 2517 tantum
1297 2455 1432 2537 proponi
1460 2473 1584 2537 poenas
1611 2475 1695 2538 quae
1724 2455 1900 2534 instabant,
1935 2453 1993 2520 sed
2022 2455 2117 2537 qnasi

117 2539 189 2604 Iam
223 2539 328 2619 addit,
361 2537 406 2603 Et
431 2539 573 2620 popalus
600 2560 687 2604 meus
714 2541 760 2604 sic
788 2540 900 2618 volui,
933 2542 1086 2624 quoniam
1140 2550 1216 2603 ante
1244 2540 1353 2605 oculos
1383 2539 1515 2605 subiici:
1544 2547 1577 2604 et
1605 2541 1766 2606 rationem
1795 2539 2008 2617 ostendimus,
2038 2541 2116 2623 quia

117 2625 235 2707 vulgus
257 2632 386 2706 poterat
407 2626 539 2689 reiicere
562 2646 581 2688 a
603 2647 639 2689 se
660 2645 788 2689 omnem
812 2625 960 2708 culpam:
991 2628 1087 2692 sicuti
1140 2645 1206 2688 non
1227 2624 1324 2689 modo
1339 2623 1424 2689 tardi
1443 2635 1521 2689 sunt
1538 2625 1698 2705 homines,
1721 2624 1778 2691 sed
1796 2624 1948 2692 sooordes
1971 2646 2115 2707 prorsus,

116 2711 214 2774 etiam
237 2709 334 2774 hodie
356 2709 445 2774 hunc
466 2708 617 2793 elypeum
644 2708 844 2775 obtendunt:
877 2709 922 2789 O,
951 2734 1011 2777 nos
1032 2734 1087 2777 su·
1140 2709 1266 2790 quoties
1288 2709 1353 2775 illis
1371 2709 1463 2775 Deus
1484 2711 1647 2776 minatur:
1670 2731 1745 2776 nam
1765 2712 2007 2795 obiurgationes
2028 2710 2116 2794 apud

117 2816 189 2860 mus
212 2795 333 2861 indocti
356 2795 514 2874 homines,
537 2817 604 2860 non
628 2796 750 2861 versati
768 2816 882 2861 sumus
897 2798 932 2861 in
947 2797 1085 2863 scholis:
1139 2797 1226 2877 ipsos
1248 2795 1379 2880 frigent,
1408 2795 1518 2861 minae
1545 2797 1644 2862 etiam
1668 2819 1732 2862 noa
1761 2797 1842 2862 satis
1871 2817 1926 2863 eos
1952 2807 2114 2882 pungunt,

117 2892 149 2944 et
183 2880 259 2963 quid
293 2901 482 2964 possumus,
517 2881 580 2946 nisi
613 2883 704 2964 sequi
738 2891 869 2946 nostros
902 2883 1085 2964 praelatos?
1139 2879 1192 2946 vel
1214 2881 1490 2966 expergefaciunt.
1535 2882 1676 2948 Necesse
1698 2892 1748 2948 est
1769 2884 1871 2968 igitur
1891 2882 1958 2948 illis
1976 2883 2115 2966 proponi

115 2967 223 3033 Hodie
245 2988 323 3050 ergo
344 2965 457 3030 eodem
480 2966 554 3032 luco
577 2968 728 3034 homines
750 2965 879 3033 obscuri
898 2977 931 3032 et
945 2970 1086 3051 gregarii
1139 2967 1233 3032 vivas
1254 2967 1410 3049 picturas,
1432 2975 1465 3031 et
1485 2969 1577 3050 quasi
1600 2968 1716 3033 adduci
1739 2971 1773 3032 in
1804 2989 1873 3034 rem
1896 2975 2113 3052 praesentem,

115 3052 240 3118 vellent
261 3074 281 3118 a
302 3073 336 3118 se
360 3052 519 3134 depellere
541 3074 672 3118 omnem
688 3052 832 3135 culpam:
854 3052 911 3118 sed
926 3055 1087 3137 propheta
1139 3061 1176 3115 ut
1194 3051 1385 3134 loquuntur.
1429 3053 1525 3120 Hanc
1546 3054 1705 3120 rationem
1737 3053 1871 3120 docendi
1902 3054 2010 3121 adhuc
2038 3075 2112 3137 pro-

117 3139 170 3204 bic
200 3137 278 3203 dicit
301 3138 456 3220 mam
484 3141 530 3205 aie
557 3140 713 3205 dilexisse.
764 3139 810 3203 llt
842 3148 930 3204 certe
957 3160 1086 3223 semper
1138 3138 1285 3220 sequitur
1301 3138 1472 3205 Ieremias:
1495 3139 1671 3222 alloquitur
1688 3140 1810 3205 tribum
1831 3140 2017 3218 Beniamin,
2035 3140 2113 3223 quia

115 3246 229 3291 verum
241 3224 322 3289 illud
334 3225 543 3307 reperiemus,
557 3225 643 3307 quod
656 3224 1031 3291 diciturDeuteronomii
1045 3227 1085 3292 13
1138 3222 1271 3288 dimidia
1293 3245 1369 3307 pars
1390 3224 1610 3310 lerosolymae
1632 3228 1695 3291 sita
1712 3238 1784 3292 erat
1805 3228 1838 3290 in
1857 3226 1915 3291 illa
1936 3225 2033 3290 tribu.
2067 3226 2113 3291 Bt

114 3311 159 3397 (v.
183 3311 226 3395 3).
271 3310 410 3391 Quoties
432 3311 570 3375 veniunt
592 3310 903 3393 pseudoprophetae,
930 3311 991 3378 hoc
1013 3333 1085 3377 esse
1137 3310 1292 3392 quoniam
1314 3311 1384 3393 ipse
1406 3321 1477 3376 erat
1502 3331 1545 3377 ex
1567 3312 1748 3390 Anathoth‚
1777 3311 1951 3395 populares
1979 3330 2057 3376 suos
2078 3320 2112 3377 et

113 3417 226 3461 verum
250 3416 397 3472 examen,
422 3415 462 3458 an
486 3396 625 3479 populus
640 3395 748 3460 Deum
772 3416 814 3461 ex
835 3398 944 3464 animo
960 3398 1083 3482 diligat.
1135 3395 1335 3461 contribules
1368 3398 1476 3477 potius
1508 3396 1682 3480 compellat
1709 3419 1804 3480 quam
1835 3398 1925 3473 alios,
1956 3398 2110 3478 quoniam

113 3481 206 3548 Deus
229 3501 307 3564 ergo
328 3481 552 3564 probationem
575 3482 677 3547 sumit
698 3483 837 3564 pietatis,
861 3486 985 3565 quoties
1001 3486 1083 3548 frae—
1135 3484 1239 3547 maior
1257 3497 1328 3547 erat
1351 3482 1493 3547 libertas.
1526 3482 1565 3548 Si
1587 3483 1675 3546 enim
1694 3493 1784 3548 recta
1802 3503 1976 3566 aggressus
1995 3481 2112 3547 fuisset

113 3588 192 3631 num
215 3567 446 3648 impostoribus
478 3578 512 3632 et
532 3567 826 3650 pseudoprophetis
849 3569 947 3644 laxat.
985 3569 1084 3650 Quis·
1134 3568 1281 3645 Iudaeos,
1303 3577 1455 3648 poterant
1476 3567 1523 3632 illi
1545 3569 1713 3633 molestius
1735 3569 1830 3632 ferre.
1868 3567 1936 3632 Sed
1959 3567 2037 3632 dum
2061 3568 2110 3632 in·

112 3653 186 3734 quis
209 3654 293 3718 enim
316 3673 394 3717 vero
416 3654 534 3718 affeetu
557 3654 664 3736 diligit
678 3654 797 3730 Deum,
820 3653 876 3717 ille
891 3654 1103 3720 retinebitur
1134 3654 1213 3735 cipit
1235 3671 1254 3716 a
1275 3654 1433 3734 proximis
1451 3654 1529 3728 suis,
1552 3673 1671 3736 nempe
1693 3675 1713 3718 a
1735 3652 1821 3718 trihu
1840 3652 2024 3731 Beniamin,
2048 3654 2110 3720 hoe
2184 3728 2188 3733 ,

113 3739 230 3820 spiritu
264 3741 351 3814 eius,
385 3760 427 3801 ne
456 3739 604 3820 rapiatur
637 3749 710 3821 post
738 3758 873 3804 errores.
918 3738 982 3805 Ubi
1004 3761 1084 3824 ergo
1135 3740 1197 3803 luit
1225 3738 1331 3822 magis
1359 3738 1537 3804 tolerabile.
1583 3738 1724 3819 Quidam
1753 3738 1941 3822 intelligunt
1963 3740 2110 3824 (tongre-

112 3822 274 3887 falluntur
303 3823 452 3888 homines
485 3824 645 3905 imperiti,
677 3832 803 3889 certum
838 3835 886 3889 est
918 3845 973 3889 eos
1006 3826 1083 3891 dare
1135 3825 1258 3907 gamini
1293 3834 1327 3889 et
1354 3825 1504 3906 fugiatis:
1538 3823 1592 3889 alii
1625 3833 1775 3889 vertunt:
1811 3822 1968 3909 satagite,
1999 3827 2109 3892 nescio

112 3909 231 3975 iustam
254 3928 393 3991 poenam
415 3909 464 3973 eui
486 3917 708 3992 contemptus,
741 3912 903 3993 quianon
931 3912 1012 3976 satis
1034 3921 1082 3975 at·
1134 3929 1198 3993 qua
1231 3910 1356 3976 ratione
1389 3909 1529 3975 adducti.
1573 3911 1645 3993 Ego
1672 3909 1781 3976 locum
1811 3933 1877 3975 non
1909 3912 2109 3993 interpretor

113 3995 195 4060 tenti
228 3996 349 4059 fuerint
381 3993 421 4058 ad
455 3994 579 4060 cultum
609 3994 691 4059 Dei:
726 3996 790 4060 imo
822 3995 988 4061 voluerint
1021 3997 1082 4062 sibi
1134 3996 1174 4060 de
1196 3995 1290 4080 fuga:
1314 3996 1370 4060 sed
1386 3996 1537 4060 existimo
1552 3999 1660 4077 potius
1678 3997 1800 4061 ironiae
1815 3996 2009 4078 prophetam
2032 3997 2108 4062 hor·

111 4100 275 4146 accersere
289 4080 490 4162 impostores,
510 4080 782 4163 quemadmodum
799 4083 897 4146 ctiam
913 4083 1083 4149 monachis
1134 4082 1195 4146 tari
1226 4092 1293 4145 tam
1313 4083 1400 4147 cives
1423 4081 1644 4164 lerosolymae
1675 4102 1772 4164 quam
1802 4083 1883 4147 alios
1905 4082 2041 4161 vicinos,
2071 4093 2109 4148 ut

112 4167 173 4229 fuit
194 4166 229 4230 in
251 4186 320 4243 ore,
350 4165 497 4233 Mundus
518 4167 593 4231 vult
614 4167 734 4250 decipi,
765 4167 944 4249 decipiatur
966 4168 999 4232 in
1023 4191 1082 4233 no·
1135 4166 1349 4248 prodeuntia
1372 4188 1541 4232 occursum
1569 4167 1715 4232 hostibus
1738 4168 1814 4246 suis,
1837 4169 2108 4250 quemadmodum

112 4252 197 4316 mine
230 4250 358 4316 diaboli.
413 4251 469 4315 Illi
501 4254 693 4335 impostores
725 4274 763 4317 eo
804 4274 906 4335 usque
939 4245 1080 4338 prolapsi
1133 4253 1206 4317 fieri
1229 4252 1320 4317 solet.
1359 4252 1455 4333 Quod
1471 4255 1568 4318 etiam
1585 4252 1678 4318 facile
1692 4252 1859 4336 colligitur
1876 4276 1919 4318 ex
1934 4258 2107 4320 contextu:

111 4345 191 4401 sunt
213 4335 444 4419 impudentiae,
467 4347 503 4401 ut
525 4339 686 4403 iactarent
707 4359 741 4403 se
764 4358 834 4403 esse
857 4337 999 4406 Satanae
1021 4343 1081 4405 mi·
1137 4337 1386 4421 Conprepamiai‚
1416 4340 1531 4421 inquit,
1560 4360 1576 4403 e
1603 4339 1704 4405 medio
1734 4339 1925 4405 Immolete:
1957 4339 2019 4403 hoc
2047 4348 2108 4417 est,

112 4425 231 4486 nistros
253 4423 293 4486 ad
317 4422 504 4488 fallendum.
545 4423 613 4489 Sed
636 4433 745 4488 tamen
768 4426 977 4506 proverbium
1000 4426 1082 4492 illud
1133 4425 1352 4508 expergefacti
1385 4424 1513 4506 prodite
1545 4426 1580 4488 in
1614 4424 1768 4489 medium.
1821 4424 1965 4506 Oblique
1997 4433 2105 4489 autem

111 4529 225 4573 verum
248 4509 317 4571 fuit.
361 4508 475 4591 Neque
497 4509 585 4573 enim
608 4510 751 4574 mundus
774 4530 919 4593 unquam
948 4511 1081 4594 fallitur,
1133 4511 1326 4593 perstringit
1347 4530 1460 4575 eorum
1483 4510 1619 4590 delitiae,
1646 4511 1799 4593 qnoniam
1827 4513 1993 4576 latuerant
2015 4512 2106 4592 quasi

112 4594 174 4659 nisi
197 4602 329 4677 sponte,
363 4596 439 4676 qnia
460 4595 618 4659 claudunt
640 4595 806 4660 rudissimi
830 4597 950 4678 quique
972 4596 1081 4662 oculos
1133 4598 1168 4660 in
1191 4597 1265 4661 sinu
1287 4597 1403 4660 matris
1426 4618 1520 4662 suae:
1550 4597 1646 4662 sicuti
1669 4596 1811 4661 infantes
1840 4599 1874 4661 in
1904 4606 1997 4660 utero
2023 4595 2106 4661 nihil

112 4678 153 4743 ad
175 4688 321 4762 apertam
346 4680 462 4763 lucem,
484 4690 517 4744 et
538 4681 669 4764 lugiunt
685 4682 789 4746 Deum
806 4690 966 4763 quantum
989 4683 1023 4745 in
1046 4704 1081 4748 se
1133 4683 1321 4765 concipiunt
1342 4683 1487 4765 periculi,
1509 4683 1556 4746 ita
1577 4682 1675 4746 etiam
1696 4681 1809 4746 Iudaei
1826 4682 1931 4746 otium
1946 4680 2105 4761 colebant,

111 4775 176 4841 est,
209 4774 242 4829 et
274 4764 391 4829 volunt
424 4765 525 4831 latere
552 4768 586 4831 in
616 4768 773 4841 tenebris,
808 4767 1080 4849 quemadmodum
1133 4774 1167 4832 et
1186 4768 1324 4832 nimium
1345 4778 1441 4832 erant
1462 4767 1576 4832 securi.
1609 4766 1702 4831 Dicit
1719 4768 1822 4850 igitur
1839 4787 1936 4843 nnnc,
1959 4766 1994 4830 B
2007 4768 2106 4834 medio

111 4851 210 4915 etiam
227 4849 305 4915 dicit
321 4850 480 4930 Ohristus,
503 4851 661 4935 Quisquis
683 4854 768 4917 male
791 4853 860 4936 agit
881 4852 1080 4918 oditluoem.
1134 4853 1309 4918 leucatem
1336 4853 1577 4937 conpreqomiai,
1611 4854 1727 4934 inquit,
1754 4858 1782 4916 et
1809 4851 1939 4935 claapite
1968 4853 2042 4918 taba
2071 4855 2107 4920 ia

111 4935 257 5001 'Pandam
281 4935 372 5000 addit
393 4936 568 5019 propheta,
603 4939 648 5003 Et
668 4939 745 5019 quid
769 4938 893 5018 facietis
920 4940 956 5003 ia
980 4941 1083 5004 moie-
1135 4938 1271 5004 Titioue.
1308 4939 1381 5002 Non
1405 4939 1539 5003 dubium
1557 4946 1608 5002 est
1625 4939 1706 5020 quin
1723 4937 1812 5003 soliti
1834 4937 1956 5002 fuerint
1977 4941 2105 5020 quoties

109 5024 190 5087 aimo
212 5023 295 5100 eiua,
330 5022 381 5087 vel
404 5023 437 5085 in
461 5024 527 5086 fine
554 5023 649 5089 eius?
693 5023 836 5104 Quidam
860 5039 882 5090 rt
906 5025 1080 5089 relativum
1133 5024 1262 5106 aliquod
1294 5024 1440 5090 instabat
1468 5023 1652 5099 discrimen,
1685 5024 1764 5088 tuba
1796 5023 1950 5108 clangere
1982 5027 2015 5088 in
2049 5025 2106 5090 illo

112 5110 287 5173 omittunt:
321 5107 375 5171 alii
398 5117 505 5172 autem
527 5111 673 5173 referunt
694 5110 735 5174 ad
757 5110 1080 5193 pseudophropbctas
1133 5109 1260 5193 oppido,
1283 5108 1557 5192 quemadmodum
1573 5110 1670 5175 etiam
1687 5111 1776 5174 cives
1793 5109 2013 5194 lerosolymae
2036 5117 2105 5174 tur·

112 5199 145 5256 ct
167 5193 359 5259 sacerdotes.
394 5192 460 5258 Sed
484 5214 548 5258 non
572 5195 706 5260 dubium
731 5206 779 5260 est
801 5195 880 5260 mihi
904 5198 982 5277 quin
1006 5215 1080 5278 pro·
1132 5197 1247 5260 metim
1264 5195 1436 5278 prodibant
1454 5194 1495 5261 ad
1513 5194 1730 5262 resistendum
1748 5193 1906 5261 hostibus.
1947 5196 2106 5278 Sequitur

111 5278 211 5361 pbeta
232 5278 465 5363 lerosolymam
492 5280 651 5364 designet.
701 5280 785 5362 Quid
804 5282 928 5363 facietis
955 5283 990 5346 ia
1017 5281 1081 5362 fiac
1131 5284 1218 5347 anim
1245 5281 1406 5365 propheta
1434 5290 1601 5366 receptum
1629 5301 1763 5360 morem,
1792 5293 1825 5347 et
1846 5280 1990 5363 loquitur
2012 5283 2106 5365 quasi

217 5380 329 5437 caiam
349 5396 443 5451 opera
474 5381 533 5438 1⁷01.
551 5381 714 5438 xxxam.
1868 5383 1902 5438 41
