4784 5970
195 398 256 465 ‘101
907 394 958 462 IN
979 394 1227 463 IEREMIAM.
1272 395 1373 464 OAP.
1396 396 1474 462 VII.
2129 397 2192 463 ‘102

196 587 387 673 prophetae,
417 585 566 653 hocloco
587 605 654 649 non
677 584 813 651 dubium
836 594 885 650 est
908 585 986 666 quin
1009 583 1169 668 propheta
1222 585 1275 649 hic
1297 584 1382 669 quod
1405 585 1547 650 maxime
1568 604 1759 667 perversum
1779 594 1851 652 erat
1872 586 1906 651 in
1926 585 2043 669 populo
2061 585 2194 651 adducit

196 673 370 740 denuntiet
393 672 539 736 ultimam
563 669 699 748 cladem,
722 681 755 735 et
769 670 843 736 ideo
859 670 902 736 sit
916 691 1033 754 praeco
1051 670 1169 750 luctus,
1221 671 1256 735 in
1278 670 1430 751 medium,
1453 690 1569 753 nempe
1595 670 1749 752 pollutum
1777 672 1879 754 fuisse
1898 671 1939 736 ob
1959 671 2027 737 illis
2046 672 2194 755 templum

174 759 272 843 onia
295 760 466 842 desperata
495 767 567 822 erat
595 757 754 839 impietae.
807 756 882 821 Non
913 777 991 840 ergo
1020 756 1170 839 fungitur
1220 756 1504 839 superstitionibus.
1548 753 1705 823 Diximus
1727 767 1836 822 autem
1860 777 1958 840 quam
1986 757 2192 823 intolerabile

197 845 250 911 hic
272 843 463 926 simpliciter
485 862 621 908 munere
643 841 792 918 doctoris,
816 841 873 908 sed
891 843 983 924 quasi
1006 840 1170 906 hostiliter
1220 851 1306 907 esset
1328 841 1408 907 illud
1431 841 1647 925 sacrilegium,
1675 843 1776 925 pollui
1798 842 1923 909 scilicet
1951 843 2115 925 perversis
2142 845 2192 907 in·

197 929 371 996 denuntiat
392 929 538 993 exitium.
582 927 667 993 Nam
691 929 840 1010 sequitur
862 927 984 1003 statim,
1019 926 1102 1007 Quia
1124 947 1170 992 re·
1221 928 1442 1011 quinamentie
1475 928 1642 1009 templum,
1677 929 1762 1012 quod
1791 941 1870 995 tuno
1898 929 2032 995 unicum
2058 936 2130 993 erat
2158 929 2192 992 in

190 1014 337 1100 probauit
354 1013 453 1095 Deus,
475 1013 683 1095 etderelipuit
696 1014 925 1098 penerotioeem
942 1013 1171 1096 icdiqnotiortis
1220 1013 1353 1078 mundo.
1387 1012 1480 1079 Deus
1502 1014 1589 1077 enim
1609 1013 1740 1079 volebat
1762 1035 1828 1079 uno
1850 1016 1885 1079 in
1907 1015 1978 1081 loco
2000 1015 2061 1080 eibi
2083 1015 2193 1080 offerri

195 1121 281 1168 meae.
333 1113 387 1167 'tt't
414 1100 569 1182 accipitur
598 1120 657 1182 pro
686 1105 806 1178 aetate,
841 1120 906 1164 non
936 1119 995 1181 prc
1025 1108 1170 1181 tempore
1221 1100 1394 1165 sacrificia:
1426 1098 1599 1183 diligenter
1628 1100 1817 1182 complexus
1845 1100 1954 1166 fuerat
1983 1121 2194 1184 quaecunque

196 1187 278 1271 ipso,
301 1184 359 1251 sed
381 1207 440 1268 pro
467 1185 653 1251 hominibus
679 1185 826 1251 ciusdem
855 1184 986 1250 aetatis:
1016 1183 1169 1268 quemad·
1220 1186 1412 1266 spectabant
1426 1182 1467 1249 ad
1491 1194 1615 1249 rectum
1631 1185 1767 1251 cultum.
1802 1185 1912 1266 Quum
1933 1205 2011 1269 ergo
2034 1186 2192 1270 templum

195 1271 328 1337 modum
350 1272 517 1355 generatio
548 1275 660 1336 nostra
689 1271 816 1338 dicetur
844 1291 927 1354 qnae
956 1266 1052 1335 hodie
1081 1270 1170 1353 degit
1220 1270 1301 1335 illud
1325 1270 1505 1353 polluerent
1526 1269 1651 1348 Iudaei,
1678 1291 1776 1354 quam
1798 1269 2007 1337 exsecrabilis
2027 1271 2090 1336 fuit
2113 1271 2194 1338 haec

195 1359 231 1423 in
253 1356 392 1422 mundo:
415 1358 584 1440 generatio
602 1369 740 1439 patrum,
762 1375 844 1439 quae
865 1358 930 1420 iam
954 1366 1168 1420 mortuaest:
1221 1355 1426 1439 profanatio?
1459 1356 1548 1439 Ergo
1571 1377 1637 1420 non
1659 1354 1717 1420 abs
1739 1377 1775 1421 re
1805 1356 1858 1422 hic
1885 1356 2042 1440 propheta
2070 1358 2194 1440 profert

196 1442 362 1528 generatio
395 1445 575 1526 posterior,
605 1463 687 1525 quac
717 1441 810 1507 nobis
838 1441 999 1507 succedet.
1043 1439 1168 1505 Verum
1221 1443 1306 1524 quod
1328 1442 1470 1506 maxime
1492 1441 1685 1507 sceleratum
1702 1451 1773 1507 erat
1795 1445 1830 1507 in
1848 1444 1919 1526 ipso
1937 1442 2067 1527 populo,
2088 1442 2191 1526 pollu-

195 1530 326 1612 quidem
344 1537 402 1602 est,
426 1528 592 1593 Israelitas
608 1528 746 1594 saeculis
761 1527 911 1593 omnibus
929 1527 1030 1593 fuisse
1053 1526 1170 1609 dignos
1222 1540 1288 1592 tam
1317 1527 1441 1594 scilicet
1473 1526 1769 1608 superstitionibus,
1799 1539 1833 1593 et
1862 1527 2053 1594 adulterinis
2081 1529 2193 1594 multis

196 1614 296 1681 simili
320 1613 481 1680 vindicta:
503 1614 559 1680 sed
583 1634 648 1678 non
668 1613 800 1679 dubium
823 1623 883 1693 est,
906 1614 984 1697 quin
1002 1612 1094 1677 Deus
1116 1612 1170 1678 hic
1223 1613 1436 1679 caeremoniis
1458 1612 1590 1677 domum
1612 1612 1686 1691 Dei,
1709 1622 1742 1679 et
1764 1612 1824 1678 hcc
1847 1615 1942 1679 modo
1965 1614 2064 1679 ctiam
2087 1624 2192 1679 totum

195 1698 348 1767 ostendat
365 1701 487 1765 instare
505 1720 598 1764 snam
617 1699 808 1780 vindictam,
830 1700 983 1783 quoniam
1008 1698 1171 1780 patienter
1221 1699 1348 1765 cultum
1370 1699 1440 1766 ciue
1462 1698 1614 1764 vitiatum
1637 1719 1715 1764 csso.
1761 1698 1843 1765 Orus
1866 1699 2000 1782 reliqua.

195 1786 309 1851 tulerit
329 1805 500 1868 perversos
522 1784 631 1868 populi
655 1806 770 1864 mores,
793 1793 826 1849 et
844 1783 1050 1867 suspenderit
1073 1804 1169 1849 suum

195 1871 364 1938 iudicium.
409 1870 572 1951 Quoniam
595 1890 673 1953 ergo
694 1881 832 1935 ventum
856 1882 927 1934 erat
949 1881 1028 1935 tunc
1049 1869 1090 1935 ad
1113 1891 1170 1934 ex·
1307 1870 1358 1934 31.
1387 1868 1431 1933 Et
1451 1868 1628 1950 aedificavit
1649 1869 1767 1935 mesico
1792 1870 1934 1951 Topbetb,
1957 1891 2036 1953 quoe
2057 1870 2093 1934 io
2113 1869 2194 1935 colle

195 1966 310 2034 trema,
344 1957 418 2023 idco
445 1956 607 2041 propheta
636 1963 776 2022 aetatem
804 1956 894 2020 illam
928 1954 1069 2021 destinat
1102 1955 1170 2020 irae
1218 1955 1282 2037 fitis·
1304 1956 1453 2037 Hioaom,
1481 1959 1517 2020 ut
1537 1954 1743 2020 comburerent
1761 1955 1846 2037 filios
1867 1976 1940 2021 suos
1961 1961 1989 2022 et
2007 1956 2095 2038 tilios
2115 1976 2193 2022 suos

196 2043 269 2108 Dei.
327 2040 460 2108 Scimus
493 2042 580 2107 enim
614 2043 796 2125 genitivum
828 2060 939 2106 casnm
972 2041 1071 2123 accipi
1109 2059 1169 2123 pro
1220 2043 1304 2124 ioci:
1332 2040 1413 2124 qaod
1441 2061 1503 2106 coa
1523 2041 1681 2125 mendosi,
1709 2046 1737 2107 et
1764 2060 1827 2106 oon
1856 2043 1993 2107 escendit
2021 2062 2115 2124 caper
2143 2061 2193 2107 eor

195 2128 340 2211 epitheto
368 2128 454 2212 apud
484 2127 661 2193 Hebraeos.
706 2126 794 2210 Erpo
818 2126 976 2211 pensatio
1004 2127 1074 2191 irae
1105 2126 1170 2192 Dei
1219 2148 1330 2193 meum.

194 2213 389 2279 tantundem
425 2213 520 2289 valet,
553 2221 650 2295 atque
682 2214 851 2296 generatio
885 2213 1002 2277 devota
1035 2212 1169 2277 ultimae

196 2298 374 2366 vindictae:
396 2300 472 2381 quia
494 2298 618 2364 scilicet
639 2297 854 2364 intolerabilis
875 2306 947 2363 erat
964 2317 1077 2361 eorum
1100 2318 1168 2362 ma·
1305 2297 1463 2362 Ieremias
1499 2297 1560 2364 hoc
1599 2298 1696 2363 ctiam
1734 2317 1834 2363 versu
1872 2296 2042 2363 invehitur
2076 2310 2192 2365 contra

195 2383 267 2450 litia
288 2384 368 2464 Dec,
391 2405 494 2468 quum
517 2382 572 2448 diu
592 2382 801 2468 indulgenter
819 2385 906 2465 ipsos
924 2382 1061 2448 tulisset.
1095 2382 1169 2463 Quo
1220 2383 1476 2466 superstitiones,
1502 2381 1619 2466 quibos
1641 2381 1755 2449 Iudaei
1777 2403 1894 2448 verum
1924 2389 1958 2448 et
1986 2405 2105 2468 purum
2127 2384 2192 2450 Dei

195 2470 299 2555 igitur
321 2472 425 2555 magis
454 2470 628 2536 distulerat
655 2491 752 2536 soum
775 2469 941 2548 iudicium,
970 2488 1008 2534 eo
1037 2469 1169 2552 gravior
1221 2469 1346 2536 cultum
1379 2478 1600 2552 corruperant.
1651 2468 1741 2534 Dicit
1769 2490 1823 2534 eos
1851 2467 2034 2548 aedificasse
2062 2470 2190 2536 eocdso.

194 2554 337 2621 instabat
360 2576 473 2639 poena.
519 2555 638 2620 Postea
660 2556 815 2639 sequitur,
1221 2554 1294 2620 Hoc
1315 2556 1379 2619 iam
1402 2554 1474 2638 lege
1495 2554 1696 2636 prohibitum
1717 2567 1797 2620 erat.
1832 2553 1925 2620 Deus
1939 2564 2050 2619 autem
2066 2555 2192 2642 (quem-

1221 2638 1396 2704 admodum
1425 2641 1515 2724 prius
1545 2639 1668 2705 dictum
1696 2638 1772 2726 fuit)
1802 2640 1945 2724 praefert
1973 2639 2191 2706 obedientiam

280 2725 332 2791 30.
372 2725 526 2806 Quoniam
553 2725 690 2807 fecerunt
719 2726 783 2807 filii
813 2724 956 2791 Iebudcb
987 2725 1106 2790 molum
1133 2726 1169 2790 ic
1220 2724 1370 2791 omnibus
1404 2724 1581 2791 sacrificiis.
1631 2726 1721 2810 Ergo
1754 2726 1870 2791 merito
1898 2746 1952 2791 ecs
1981 2726 2193 2808 reprehendit

196 2811 294 2879 oculis
322 2813 409 2889 meis,
437 2811 513 2876 dicit
534 2811 681 2877 Iebooob.
725 2810 899 2877 Poscant
927 2809 1169 2876 abminationes
1221 2810 1389 2895 propheta,
1412 2810 1496 2894 quod
1520 2809 1633 2877 relicto
1656 2809 1778 2894 templo
1807 2809 1935 2877 excelsa
1955 2810 2017 2877 sibi
2039 2821 2191 2877 exstrux-

196 2918 274 2963 saos
294 2898 331 2962 io
351 2898 440 2963 dorric
460 2917 555 2978 super
576 2917 671 2979 quom
684 2898 857 2962 invocatum
871 2902 915 2962 est
928 2916 1038 2962 nomen
1057 2917 1168 2974 meum,
1221 2896 1315 2973 erim,
1339 2896 1400 2961 hoc
1421 2907 1479 2977 cst,
1501 2896 1600 2977 lucos,
1622 2894 1739 2962 deinde
1768 2895 1892 2961 altaria.
1937 2896 2056 2963 Postea
2085 2896 2192 2964 locum

196 2985 239 3049 od
254 2982 458 3064 potueram
477 2984 593 3064 ipsam.
1221 2982 1381 3066 designat,
1404 3002 1520 3065 nempe
1546 2981 1681 3064 Topbctb
1702 2981 1738 3048 io
1755 2981 1836 3048 volte
1850 2981 2001 3047 liinnom.
2034 2982 2107 3048 Non
2131 2982 2191 3048 du·

1221 3069 1311 3134 bium
1334 3079 1393 3149 cst,
1414 3069 1491 3152 quin
1515 3068 1704 3151 prophetae,
1734 3076 1770 3132 ut
1796 3067 2019 3134 detestabilem
2049 3069 2193 3134 lacerent

281 3152 332 3218 Ne
353 3152 601 3218 obmurmurant
629 3153 760 3233 Iudaei,
790 3162 823 3218 et
850 3158 1030 3237 querantur
1058 3151 1167 3217 Deum
1221 3153 1338 3232 locum,
1363 3153 1591 3219 transtulerint
1608 3166 1679 3223 nen
1698 3161 1732 3218 et
1753 3164 1815 3221 niti
1833 3167 1881 3221 tbi
1904 3151 1945 3217 ad
1960 3153 2081 3220 inleros
2096 3156 2192 3237 ipsos.

196 3259 267 3304 esse
299 3239 397 3304 nimis
430 3240 587 3323 rigidum,
623 3239 774 3323 adiungit
806 3238 967 3322 propheta
999 3259 1065 3303 non
1097 3239 1168 3303 sine
1221 3240 1307 3305 Nam
1329 3258 1433 3320 quum
1455 3238 1495 3304 de
1516 3249 1649 3305 aeterno
1672 3239 1844 3322 impiorum
1867 3239 2025 3321 supplicio
2048 3240 2192 3323 loquitur

196 3324 383 3390 iustissimis
404 3325 511 3390 causis
532 3327 620 3408 ipsos
641 3346 713 3391 esse
735 3325 836 3391 exitio
858 3324 1000 3390 devotos.
1035 3323 1168 3404 Quare?
1220 3324 1333 3403 haias,
1363 3325 1532 3410 trigesimo
1561 3324 1667 3409 capite
1695 3324 1738 3410 (v.
1762 3324 1817 3409 33)
1846 3325 1996 3391 nominat
2024 3325 2191 3408 Topheth:

198 3409 350 3476 Fecerunt
369 3411 498 3476 molam.
541 3410 607 3476 Hic
629 3410 751 3475 malum
774 3412 880 3476 lacere
908 3412 1071 3493 significat
1099 3431 1167 3473 non
1221 3421 1255 3476 et
1286 3412 1366 3476 eatis
1393 3419 1519 3476 constat
1551 3431 1593 3475 ex
1626 3409 1740 3475 eadem
1775 3408 1884 3476 radice
1916 3408 2089 3475 deductum
2122 3432 2192 3476 esse

197 3506 327 3561 tantum
349 3496 537 3579 delinquere
560 3497 594 3560 in
616 3517 682 3561 una
704 3497 819 3579 specis,
846 3495 902 3561 sed
926 3517 997 3561 sess
1019 3496 1169 3560 addicere
1219 3496 1300 3562 illud
1324 3517 1452 3561 nomen.
1490 3495 1562 3560 Iam
1584 3493 1669 3578 quod
1691 3492 1732 3559 ad
1754 3493 1875 3559 vallem
1897 3505 1959 3562 mn
1986 3509 2033 3562 stit
2059 3506 2193 3578 spectat,

196 3581 371 3648 sceleribus
404 3591 437 3647 et
465 3582 643 3649 maleficiis.
697 3581 840 3647 Perinde
868 3589 919 3646 est
946 3581 1047 3664 igitur
1076 3601 1114 3647 ac
1140 3581 1169 3645 si
1220 3581 1385 3649 Gehenna
1416 3590 1566 3665 corrupte
1595 3601 1615 3646 a
1644 3579 1781 3647 Graecis
1811 3588 1948 3646 vocatur
1980 3581 2076 3645 etiam
2106 3601 2194 3647 mors

197 3666 327 3741 diceret,
349 3667 438 3750 ipsos
460 3668 507 3733 ita
529 3688 599 3735 esec
620 3678 798 3749 corruptos,
829 3676 866 3731 ut
887 3686 1019 3749 prorsus
1048 3666 1168 3732 assumi
1220 3678 1364 3746 aeterna,
1387 3667 1440 3731 vel
1463 3666 1635 3750 cruciatus,
1664 3667 1722 3748 qui
1751 3674 1863 3731 manet
1889 3685 2002 3731 omnes
2024 3668 2193 3749 reprobos:

196 3752 264 3818 sint
285 3751 328 3818 ad
349 3752 517 3830 maleficia,
540 3764 573 3819 et
594 3753 817 3819 contraxerint
837 3751 1000 3835 quendam
1023 3751 1169 3818 habitum
1220 3753 1316 3819 sicuti
1338 3761 1371 3817 et
1393 3772 1512 3818 nomen
1535 3751 1684 3818 Paradisi
1712 3749 1932 3834 metaphorice
1954 3752 2113 3835 accipitur
2135 3773 2194 3835 pro

196 3858 239 3903 cx
262 3838 359 3922 longo
382 3859 454 3919 uso,
476 3839 552 3921 quia
573 3840 695 3906 scilicet
717 3859 782 3903 non
808 3837 972 3920 desierant
995 3857 1171 3919 provocare
1221 3839 1307 3905 ielici
1345 3839 1473 3920 piorum
1509 3845 1613 3914 statu,
1650 3849 1682 3901 et
1718 3857 1777 3919 pro
1812 3846 1946 3902 aeterna
1981 3836 2192 3904 haereditate.

197 3924 316 3990 Deum.
363 3922 428 3989 Sed
450 3925 525 4007 quia
547 3924 608 3991 sibi
627 3923 888 4003 blandiebantur,
910 3923 982 3987 ideo
1004 3924 1057 3988 hic
1079 3943 1169 3988 revo-
1221 3924 1313 3989 Deus
1335 3925 1423 3989 enim
1445 3924 1492 3988 sic
1513 3923 1635 3989 locavit
1654 3923 1695 3990 ab
1716 3921 1811 3987 initio
1841 3922 2006 3987 hominem
2036 3924 2069 3987 in
2100 3923 2193 3989 horto

197 4019 250 4076 eat
272 4029 327 4075 eos
349 4009 507 4093 propheta
525 4010 566 4074 ad
588 4009 743 4075 iudicium
761 4008 839 4074 Dei:
865 4006 953 4075 Satis
971 4014 1032 4090 est,
1055 4010 1170 4092 inquit,
1221 4010 1279 4075 illo
1302 4009 1463 4084 orientali,
1490 4019 1527 4073 ut
1548 4010 1673 4074 foveret
1694 4029 1770 4073 eum
1793 4007 2029 4090 quodammodo
2050 4008 2111 4075 sub
2134 4009 2195 4075 alis

195 4092 282 4179 quod
311 4095 412 4161 iudex
443 4115 500 4162 vos
529 4094 674 4161 damnat.
719 4095 804 4160 Nam
834 4096 862 4160 si
893 4116 958 4159 non
986 4095 1169 4177 perspicitis
1221 4096 1296 4162 suis.
1360 4094 1523 4175 Quoniam
1562 4114 1639 4177 crgo
1677 4091 1858 4159 benedictio
1900 4093 1979 4171 Dei,
2018 4103 2052 4159 et
2087 4096 2194 4179 gratia

196 4190 339 4245 vestram
372 4180 546 4258 malitiam,
586 4201 692 4264 neque
724 4181 853 4265 culpam
886 4180 1076 4264 agnoscitis,
1109 4181 1170 4246 hoc
1221 4180 1368 4265 fulgebat
1389 4181 1423 4246 in
1446 4180 1516 4245 loco
1538 4179 1603 4254 illo,
1634 4179 1689 4246 ubi
1719 4179 1862 4262 primum
1894 4177 2054 4245 habitavit
2074 4179 2192 4259 Adam,

196 4275 307 4331 tamen
337 4265 419 4332 nihil
449 4265 539 4331 vobis
568 4267 784 4351 suffragatur,
816 4265 891 4350 quia
918 4265 1009 4331 Deus
1038 4266 1169 4331 interim
1220 4276 1258 4332 ut
1287 4275 1372 4333 esset
1401 4266 1560 4347 quasdam
1587 4266 1696 4349 imago
1725 4262 1872 4330 coelestis
1894 4266 1980 4330 vitae
2013 4274 2047 4330 et
2073 4264 2194 4332 solidae

198 4352 389 4436 pronuntiat
422 4372 480 4417 vos
512 4353 678 4418 convictos
712 4373 782 4418 esse
815 4372 924 4418 coram
956 4352 1058 4418 oculis
1091 4353 1168 4417 suis.
1221 4351 1440 4429 beatitudinis,
1457 4351 1529 4416 ideo
1545 4360 1702 4418 vocarunt
1715 4349 1920 4432 Paradisum,
1938 4350 2088 4434 gloriam,
2110 4372 2194 4434 qnae

199 4437 359 4502 Videmus
390 4438 522 4503 subesse
555 4437 735 4503 antithesin
776 4438 863 4503 inter
899 4437 1008 4503 oculos
1041 4437 1105 4501 Dei
1137 4446 1171 4502 et
1221 4438 1362 4520 reposita
1384 4445 1435 4504 eet
1455 4435 1606 4502 omnibus
1628 4436 1704 4501 liliis
1726 4436 1789 4501 Dei
1810 4436 1846 4499 in
1868 4436 1968 4503 coelo.
2015 4434 2070 4502 Sic
2093 4437 2192 4502 etiam

199 4522 387 4602 blanditias,
427 4523 542 4607 quibus
572 4543 607 4590 ee
640 4522 827 4589 demulcent
859 4523 1057 4608 hypocritae,
1092 4522 1170 4588 dum
1222 4523 1385 4590 contraria
1412 4524 1538 4588 ratione
1567 4522 1745 4605 prophetae
1767 4531 1924 4587 vocarunt
1945 4533 2007 4588 mn
2033 4537 2081 4589 stu
2107 4524 2194 4604 ipsos

199 4608 469 4693 tergiversantur,
488 4610 543 4675 vel
557 4609 766 4693 pertinaciter
781 4619 939 4676 excusant
955 4629 1014 4673 sua
1028 4619 1171 4693 peccata,
1223 4610 1360 4688 inferos,
1394 4617 1432 4673 ut
1464 4607 1578 4674 Iudaei
1610 4616 1861 4673 exsecrarentur
1893 4607 2012 4691 impios
2044 4607 2127 4691 illos,
2160 4615 2194 4673 et

199 4692 253 4759 vel
275 4715 335 4778 per
352 4695 506 4761 circuitus
525 4697 639 4763 volunt
657 4694 750 4761 elabi.
785 4695 874 4760 Deus
892 4715 970 4779 ergo
988 4694 1042 4760 hic
1064 4705 1172 4760 ceten-
1222 4695 1398 4779 sacrilegos
1412 4694 1521 4759 cultus
1536 4693 1654 4776 quibus
1669 4703 1776 4776 patres
1791 4715 1826 4758 se
1840 4693 2036 4776 polluerant.
2069 4693 2193 4758 Eadem

201 4779 250 4843 dit
282 4779 433 4845 sufficere
461 4802 558 4848 suom
592 4782 690 4848 nnius
719 4779 926 4864 adspectum,
961 4781 1172 4862 quantumvis
1223 4780 1321 4845 etiam
1344 4789 1395 4846 est
1417 4780 1498 4844 ratio
1520 4780 1555 4844 in
1571 4778 1732 4861 Topheth.
1765 4778 1897 4844 Interea
1915 4778 2051 4843 tradunt
2066 4789 2193 4845 veteres

200 4863 349 4931 homines
378 4865 442 4949 ipsi
471 4868 663 4947 caecutiant,
692 4876 726 4933 et
755 4868 929 4932 conniveat
957 4866 1055 4931 etiam
1085 4874 1171 4931 totus
1222 4866 1322 4932 luisse
1349 4866 1454 4933 locum
1480 4865 1514 4929 in
1544 4864 1698 4931 suburbio
1726 4864 1825 4929 urbis.
1870 4864 1945 4930 Non
1974 4865 2086 4947 procul
2115 4885 2193 4949 ergo

201 4950 343 5016 mundus
371 4952 413 5016 ad
440 4971 553 5016 eorum
577 4962 718 5035 peccata.
762 4950 864 5016 Addit
892 4952 1033 5034 speciem
1060 4972 1171 5033 unam,
1222 4951 1370 5018 solebant
1402 4953 1566 5017 confluere
1599 4950 1640 5015 ad
1673 4949 1747 5016 illas
1779 4949 2051 5028 abominationes,
2092 4971 2190 5032 quum

200 5037 284 5117 qaod
304 5037 419 5103 scitae
443 5042 614 5117 posuerant
634 5038 875 5104 obcroiootiooea
896 5056 972 5103 suos
993 5039 1028 5103 in
1049 5038 1172 5122 templo,
1223 5047 1331 5103 mmen
1354 5046 1439 5104 esset
1464 5039 1498 5102 in
1528 5046 1702 5120 conspectu
1731 5035 1889 5119 templum
1912 5036 1983 5116 Dci,
2013 5044 2046 5100 et
2071 5037 2195 5101 scirent

201 5121 264 5189 hoc
284 5122 325 5187 ad
349 5123 595 5204 superstitiones
618 5124 766 5189 refertur.
810 5122 877 5189 Sed
900 5123 1172 5205 quemadmodum
1224 5125 1356 5190 unicum
1378 5123 1459 5189 illud
1489 5122 1592 5188 altare
1621 5121 1752 5205 probari
1774 5121 1856 5202 Deo,
1888 5130 1922 5187 ct
1950 5142 2015 5187 non
2044 5142 2114 5188 esse
2143 5121 2193 5187 las

201 5206 280 5271 alibi
301 5209 453 5285 vidimus,
484 5216 518 5272 et
539 5208 668 5291 saepius
690 5207 862 5274 dicendum
891 5210 963 5287 erit,
994 5209 1174 5294 prophetae
1224 5209 1300 5275 alibi
1322 5209 1440 5274 offerre
1462 5209 1629 5276 sacrificia.
1674 5207 1784 5288 Quum
1806 5206 1867 5272 hoc
1887 5208 2017 5285 seirent,
2046 5215 2081 5272 et
2103 5206 2193 5273 Deus

202 5293 390 5378 frequenter
419 5293 654 5378 synecdochice
683 5303 865 5380 coarguunt
894 5305 1035 5377 peccata.
1083 5295 1174 5381 Ergo
1224 5295 1291 5360 tale
1313 5294 1532 5379 spectaculum
1562 5293 1715 5361 obiiceret
1744 5313 1859 5359 eorum
1881 5293 1993 5372 oculis,
2023 5313 2061 5358 eo
2083 5300 2193 5359 tamen
