4784 5970
188 358 251 425 199
896 427 899 438 ,
1068 358 1117 424 ΙΝ
1143 356 1309 425 ISAIAM
2123 353 2194 418 200

186 555 242 614 tus
264 557 357 614 esset.
402 549 567 613 Arcenam
589 547 690 631 igitur
712 545 775 612 Dei
806 547 1009 613 voluntatem
1040 546 1161 612 indicat
1213 565 1290 611 vero
1311 543 1453 610 ostendit
1467 552 1588 611 certam
1607 544 1702 610 nobis
1723 564 1793 610 θεεθ
1811 543 1960 621 salutem,
1984 541 2039 609 nbi
2056 547 2188 610 certum

188 634 303 714 Isaiae,
326 652 345 696 a
367 653 431 715 qua
452 632 669 698 sanctificatio
691 644 817 697 manat:
841 654 883 699 ne
905 633 1008 698 Israel
1031 641 1161 716 putaret
1213 631 1336 714 gratiae
1358 630 1493 695 Domini
1516 632 1738 697 testimonium
1757 629 1924 694 habemus.
1958 628 2080 696 Omnis
2097 632 2189 695 anim

189 740 224 786 εθ
246 718 363 783 merito
385 739 443 783 suo
470 728 687 801 segregatum.
732 718 874 784 Perinde
903 739 940 785 ac
969 719 996 784 si
1025 719 1159 783 diceret:
1214 716 1374 782 dubitatio
1396 715 1541 781 tollenda
1559 715 1615 782 ubi
1633 716 1796 782 Dominus
1813 717 1854 781 de
1872 715 1990 798 placito
2007 735 2068 780 suo
2087 727 2189 781 testa·

189 803 351 870 Dominus
382 805 436 886 qui
467 815 499 868 te
528 803 643 887 elegit,
676 825 712 868 re
747 806 818 886 ipsa
848 805 882 869 in
912 815 944 869 te
973 801 1162 886 comprobat
1215 813 1349 868 tuaest.
1383 802 1448 868 Hic
1470 802 1560 867 locus
1582 801 1670 866 valet
1687 802 1726 866 ad
1747 799 2064 867 commendationem
2084 801 2188 873 verbi.

189 890 385 956 electionem
413 910 524 968 suam,
557 909 692 970 eamque
725 889 765 954 ab
799 891 916 956 effectu
950 889 1162 955 demonstrat.
1215 897 1309 953 extre
1332 888 1418 970 quod
1440 886 1480 952 de
1502 888 1608 952 salute
1629 888 1797 970 inquirere
1818 887 1867 953 fas
1892 907 1959 951 non
1988 896 2055 951 θεῖε
2089 887 2187 952 sicuti

190 974 474 1057 Quemadmodum
505 976 607 1058 igitur
637 974 842 1058 agnoscenda
875 987 924 1040 est
953 977 1075 1040 veritas
1097 973 1162 1038 Dei
1214 975 1368 1038 admonet
1401 973 1525 1039 Paulus
1558 974 1594 1037 in
1626 972 1787 1056 evangelii
1824 971 2066 1056 praedicatione
2096 985 2188 1038 certo

191 1062 227 1126 in
250 1062 355 1126 salute
376 1071 504 1125 nostra:
527 1061 575 1124 ita
596 1060 684 1125 salus
707 1062 866 1144 gratuitae
888 1061 990 1144 ipsius
1012 1060 1161 1126 electioni
1215 1058 1309 1124 nobis
1331 1068 1444 1141 patere
1467 1059 1532 1124 Dei
1560 1059 1817 1141 beneplacitum:
1850 1069 1948 1140 atque
1975 1058 2022 1122 ita
2054 1059 2186 1142 Impleri

191 1145 420 1212 tantummodo
458 1145 672 1212 adscribenda
705 1158 762 1212 est.
821 1146 954 1212 Interea
989 1147 1046 1229 qui
1079 1145 1164 1210 tanti
1216 1146 1300 1229 quod
1325 1146 1377 1210 hie
1399 1145 1551 1210 scribitur
1574 1144 1614 1208 de
1636 1144 1688 1208 die
1714 1144 1841 1210 salutis.
1885 1144 1997 1208 Tertio
2026 1144 2187 1225 propheta

193 1232 341 1298 beneficii
363 1232 538 1315 participes
560 1252 630 1296 esse
659 1231 785 1310 volent,
820 1233 887 1296 sint
916 1254 990 1314 pars
1020 1230 1163 1310 Israelis,
1215 1251 1274 1295 nos
1292 1231 1475 1295 admonitos
1491 1231 1602 1313 voluit,
1622 1231 1675 1295 ubi
1695 1231 1787 1295 nobis
1805 1229 2014 1314 evangelium
2033 1230 2187 1311 mittitur,

191 1317 224 1383 id
247 1328 308 1400 θεῖ,
330 1317 500 1383 ecclesiae:
529 1329 622 1382 extra
645 1337 743 1398 quam
767 1338 827 1382 nec
849 1319 938 1383 salus
961 1339 1019 1383 nec
1042 1319 1164 1383 veritas
1215 1330 1340 1382 certum
1363 1316 1500 1398 proferri
1523 1316 1642 1399 pignus
1660 1316 1781 1380 favoris
1800 1315 1881 1380 Dei:
1905 1316 1980 1398 quie
2001 1315 2106 1380 nostri
2129 1318 2186 1380 mi·

191 1423 262 1469 csse
280 1412 397 1484 potest.
1216 1414 1339 1468 sertum
1362 1422 1432 1467 θεεθ
1455 1412 1601 1485 apparet,
1624 1402 1679 1467 ubi
1702 1402 1836 1466 comiter
1859 1422 1920 1465 nos
1940 1401 1980 1465 ad
2000 1420 2035 1466 se
2053 1401 2186 1481 invitat,

278 1489 308 1554 8.
344 1488 411 1570 (Sic
440 1489 515 1553 dr'cit
544 1487 676 1568 Isbooa,
712 1490 748 1553 ia
775 1494 906 1570 ternpore
930 1487 1066 1570 placiti.)
1110 1488 1164 1552 Ex
1217 1509 1257 1552 nc
1281 1488 1345 1552 huc
1365 1498 1462 1569 atque
1483 1488 1560 1553 illuc
1582 1489 1889 1568 circumspectemus
1906 1485 1946 1551 ad
1966 1487 2186 1569 quaerendam

192 1575 254 1640 hoc
276 1594 374 1639 versu
399 1574 516 1638 iterum
539 1576 682 1657 apertius
704 1575 868 1658 colligitur
894 1573 926 1637 id
957 1573 1041 1655 quod
1070 1574 1165 1639 initio
1218 1573 1301 1638 hanc
1323 1573 1446 1645 lucem,
1475 1594 1558 1656 quae
1581 1596 1600 1637 a
1622 1574 1766 1656 gratuita
1788 1573 1851 1637 Dei
1874 1574 2041 1638 voluntate
2065 1572 2185 1637 solum·

192 1660 291 1725 huius
320 1659 437 1742 capitis
466 1664 696 1725 tractavimus:
730 1681 865 1743 nempe,
899 1660 1090 1741 prophetam
1119 1661 1165 1724 sic
1217 1658 1312 1724 modo
1345 1658 1561 1741 exspectanda
1596 1670 1659 1724 θεῖε
1693 1657 1746 1722 vel
1775 1660 1939 1742 agitemur
1972 1658 2187 1732 dubitatione,

193 1755 300 1811 totum
322 1744 477 1810 ecclesiae
499 1766 617 1828 corpus
632 1745 763 1827 alloqui,
786 1759 824 1809 ut
838 1765 858 1810 a
872 1745 1005 1809 Christo
1021 1745 1164 1828 incipiat,
1218 1765 1314 1827 quem
1339 1744 1431 1808 nobis
1453 1745 1544 1808 Deus
1567 1746 1689 1808 eximit.
1735 1742 1909 1809 Caeterum
1940 1745 2188 1809 meminerimus

193 1833 249 1914 qui
272 1841 372 1912 caput
398 1838 457 1894 θεῖ.
502 1830 598 1911 Quod
629 1830 801 1914 diligenter
829 1829 1066 1896 observandum
1095 1852 1165 1896 esse
1217 1829 1277 1894 hoc
1308 1841 1411 1895 totum
1441 1829 1590 1895 alibero
1619 1831 1682 1895 Dei
1711 1829 2022 1911 consiliopendere.
2076 1828 2187 1910 Quum

193 1917 317 1981 monui.
363 1915 449 1980 Nam
479 1917 519 1981 ab
549 1916 778 1999 interpretibus
807 1915 1067 1981 animadversum
1099 1937 1165 1981 non
1218 1936 1295 1998 ergo
1318 1915 1497 1997 quaeritur,
1529 1935 1587 1980 cur
1609 1916 1670 1980 hoc
1693 1923 1836 1998 tempore
1858 1917 1965 1998 potius
1986 1935 2088 1997 quam
2109 1915 2187 1979 clim

194 2011 261 2069 θεῖε
296 2023 356 2066 nec
384 2008 495 2067 temen
518 2003 612 2067 aliter
634 2004 754 2085 poterit
775 2002 837 2066 hcc
864 2014 960 2085 caput
981 2001 1094 2066 eodem
1118 2017 1165 2067 te·
1218 2001 1311 2066 nobis
1334 2001 1481 2065 illuxerit
1503 2000 1673 2079 Dominus,
1698 2002 1777 2065 haec
1799 2003 1882 2065 ratio
1905 2000 2088 2066 reddenda:
2110 2021 2187 2083 quo·

193 2107 275 2152 nore
308 2086 476 2170 explicari.
531 2088 604 2153 Hoc
637 2088 728 2153 l'acile
760 2088 902 2153 ostendit
934 2088 1077 2165 Paulus,
1111 2087 1166 2168 qui
1219 2088 1305 2150 niam
1328 2087 1375 2150 ita
1396 2088 1501 2151 visum
1518 2097 1579 2165 θεῖ,
1601 2087 1647 2151 ita
1664 2086 1785 2169 placuit
1804 2086 1884 2151 Deo.
1918 2085 1971 2150 Ad
1993 2086 2079 2152 hanc
2101 2089 2187 2151 enim

195 2174 280 2238 hanc
308 2174 506 2238 sententiam
537 2175 577 2237 ad
612 2184 712 2238 totam
747 2174 915 2238 ecclesiam
947 2172 1167 2238 accommodat
1218 2174 1376 2236 rationem
1411 2171 1495 2235 redit
1527 2172 1650 2237 Paulus
1683 2192 1721 2236 eo
1755 2174 1823 2238 loeo
1861 2192 1956 2254 quem
1997 2174 2189 2237 citavimus:

195 2258 241 2412 32.
265 2258 339 2323 Cor.
359 2259 389 2336 6,
406 2259 450 2343 2).
484 2259 615 2323 Interea
639 2280 715 2323 vero
738 2257 823 2340 quod
847 2258 975 2323 subiicit
998 2258 1166 2342 propheta,
1220 2258 1304 2323 Ecce
1327 2277 1414 2322 nunc
1436 2268 1563 2340 tempus
1584 2266 1761 2340 acceptum,
1784 2279 1856 2323 ecce
1878 2258 1946 2322 dles
1963 2257 2089 2323 salutis.
2121 2256 2188 2337 Qui

219 2344 277 2410 abo
299 2350 327 2408 le
348 2345 384 2408 ic
404 2345 522 2425 scedas,
553 2345 675 2408 nemini
698 2345 792 2408 alteri
815 2365 910 2425 quam
935 2342 1068 2408 Christo
1091 2363 1167 2408 con·
1220 2344 1309 2407 locus
1332 2364 1392 2407 nos
1415 2343 1588 2424 plurimum
1612 2344 1648 2407 in
1670 2343 1811 2408 tenende
1829 2343 1934 2409 Isaiae
1950 2352 2058 2409 mente
2076 2345 2190 2408 iuvare

197 2430 297 2496 venit.
358 2428 531 2509 Quomodo
574 2431 653 2494 haec
698 2432 783 2493 inter
825 2449 859 2492 ss
903 2429 1166 2494 conciliabimus?
1221 2440 1342 2510 potest:
1378 2440 1415 2492 ut
1448 2428 1610 2493 discamus
1642 2430 1838 2511 coniungere
1870 2430 2007 2494 salutem
2042 2442 2189 2493 nostram

197 2536 331 2597 nempe,
365 2516 393 2579 si
422 2514 666 2581 consideremus
696 2515 864 2580 Christum
898 2536 964 2578 non
998 2527 1064 2578 tam
1098 2535 1169 2579 esse
1221 2535 1296 2579 cum
1318 2514 1437 2595 placito
1459 2514 1537 2577 Dei:
1561 2516 1651 2579 cuius
1675 2517 1897 2579 testimonium
1918 2516 2012 2580 nobis
2037 2515 2189 2579 daturin

195 2620 422 2683 enumquam
446 2609 611 2665 nostrum:
634 2601 710 2683 quia
733 2622 792 2666 nec
814 2601 914 2682 venit,
939 2621 999 2666 nec
1020 2612 1169 2664 mortuus
1222 2599 1462 2683 praedicatione
1484 2599 1655 2682 evangelii.
1701 2599 1950 2665 Observandum
1974 2602 2083 2683 etiam,
2110 2599 2190 2664 haec

196 2698 257 2763 est,
280 2707 341 2751 nec
364 2688 546 2751 resurrexit
568 2686 640 2751 sibi.
684 2687 760 2768 Ipse
782 2687 869 2750 enim
898 2686 932 2750 in
955 2686 1094 2751 salutem
1118 2707 1169 2751 sc·
1223 2686 1375 2750 vaticinia
1396 2686 1436 2748 ed
1459 2697 1578 2751 certam
1602 2696 1740 2750 aetatem
1764 2686 1990 2770 restringenda
2012 2707 2079 2749 non
2102 2705 2188 2751 esse:

196 2771 315 2839 clasiae
349 2772 467 2837 missus
500 2783 566 2836 est:
603 2794 663 2837 nec
696 2771 873 2854 quidquam
906 2772 969 2838 sibi
1001 2771 1168 2854 proprium
1221 2792 1321 2853 quum
1362 2771 1401 2834 ad
1445 2774 1631 2837 universam
1665 2772 1832 2837 ecclesiam
1868 2771 2017 2836 omnibus
2049 2770 2190 2837 saeculis

196 2858 343 2940 quaerit,
374 2878 475 2938 quum
507 2857 598 2922 nulla
628 2860 760 2922 omuino
789 2880 824 2921 re
853 2857 1008 2940 indigeat.
1052 2856 1169 2938 Itaque
1221 2857 1415 2938 pertineant.
1472 2856 1555 2920 Nam
1589 2870 1626 2921 ut
1657 2859 1788 2921 initium
1821 2860 1878 2922 fiat
1916 2879 1934 2921 a
1968 2857 2190 2940 redemptione

197 2941 359 3024 promittit
374 2943 466 3007 Deus
490 2945 642 3009 universo
665 2942 819 3009 ecclesiae
834 2944 970 3026 corpori.
1005 2942 1167 3024 Christus,
1221 2940 1428 3026 babylonica,
1463 2942 1503 3006 ad
1537 2942 1793 3025 redemptionem
1825 2943 1952 3009 Christi
1986 2942 2189 3025 pergendum

197 3029 252 3109 qui
275 3028 376 3093 veluti
399 3048 537 3110 sponsor
559 3028 773 3092 intermedius
795 3039 855 3108 est,
877 3029 992 3110 recipit
1013 3030 1074 3093 has
1096 3047 1169 3111 pro·
1221 3039 1284 3104 est,
1319 3029 1411 3091 cuius
1440 3027 1496 3091 ille
1524 3028 1655 3092 initium
1685 3050 1723 3094 ac
1751 3029 1853 3093 veluti
1883 3028 2088 3113 praeludium
2117 3027 2189 3092 fuit.

198 3113 387 3179 missiones:
421 3134 481 3177 neo
515 3113 575 3177 sibi
605 3115 760 3195 privatim
794 3113 986 3195 stipulatur,
1021 3114 1078 3178 sed
1108 3114 1170 3178 toti
1222 3113 1266 3176 Et
1297 3134 1396 3195 quum
1430 3112 1551 3176 multae
1585 3113 1691 3178 adhuc
1717 3116 1884 3179 servitutis
1911 3114 2067 3195 reliquiae
2097 3115 2189 3178 nohis

198 3198 370 3273 ecclesiae,
399 3198 433 3262 in
456 3199 548 3263 cuius
577 3199 715 3262 salutem
746 3199 865 3263 missus
894 3210 952 3263 θεῖ.
996 3198 1168 3264 Christum
1221 3198 1404 3282 supersint,
1438 3198 1479 3263 ad
1502 3199 1586 3262 diem
1614 3211 1798 3264 extremum
1830 3199 2103 3285 progrediendum
2131 3211 2189 3281 cst,

198 3285 302 3368 igitur
323 3303 389 3347 non
414 3285 587 3365 separatIm
616 3282 802 3365 compellat,
833 3282 889 3348 scd
920 3293 1081 3365 quatenns
1102 3304 1169 3348 cor·
1220 3305 1284 3366 quo
1306 3286 1415 3348 omnia
1436 3285 1716 3349 instaurabuntur.

198 3371 271 3455 pori
292 3389 352 3434 suo
375 3368 545 3449 adhaeret,
578 3370 672 3451 eique
701 3378 858 3452 perpetuo
887 3370 1081 3434 coniunctus
1109 3381 1168 3435 θεῖ.
1306 3368 1475 3454 (Coastdui
1495 3374 1523 3433 te
1539 3371 1575 3433 ia
1587 3370 1720 3455 foedas.)
1753 3371 1842 3436 Hinc
1855 3373 2077 3448 confirmatur,
2101 3371 2190 3453 quid·

198 3456 386 3521 Immensus
408 3466 517 3519 autem
542 3466 591 3520 est
613 3456 666 3520 hic
688 3453 806 3532 honor,
839 3476 903 3536 quo
933 3475 993 3520 nos
1016 3455 1170 3540 dignatur
1221 3455 1297 3537 quid
1327 3468 1425 3519 antea
1457 3455 1578 3519 dictum
1607 3465 1657 3520 est
1685 3456 1836 3537 Christo,
1868 3478 1933 3520 non
1966 3456 2087 3539 privati
2121 3458 2191 3521 eius

197 3541 348 3608 coelestis
371 3552 473 3622 pater,
506 3562 608 3623 quum
632 3555 743 3606 nostra
769 3561 867 3605 causa
889 3541 992 3605 filium
1021 3541 1168 3606 exaudit:
1221 3539 1382 3607 commodi
1404 3561 1501 3606 causa
1522 3541 1633 3605 sedin
1658 3555 1803 3606 nostram
1822 3543 1969 3623 gratiam,
1991 3542 2190 3623 promissum

197 3629 263 3691 imo
286 3627 363 3690 dum
387 3647 569 3691 sermonem
594 3627 634 3690 ad
657 3628 760 3690 filium
783 3627 952 3699 convertit,
981 3627 1035 3691 ubi
1059 3626 1098 3690 de
1120 3647 1170 3690 aa·
1223 3648 1301 3693 θεεθ.
1346 3626 1431 3691 Nam
1453 3628 1648 3692 constitutus
1671 3643 1720 3693 est
1750 3648 1886 3709 sponsor
1915 3627 2069 3701 foederis,
2104 3627 2190 3710 quod

198 3714 266 3776 lute
289 3724 400 3777 nostra
423 3713 541 3794 egitur.
585 3712 668 3776 Inde
697 3713 783 3776 onim
814 3722 949 3795 apparet
977 3723 1099 3794 quanta
1127 3714 1170 3777 sit
1221 3712 1336 3777 Iudaei
1358 3713 1425 3776 suis
1447 3714 1586 3795 peccatis
1609 3714 1784 3778 divortium
1807 3715 1958 3779 fecissent
1980 3734 2000 3777 a
2022 3713 2102 3791 Deo,
2135 3714 2190 3796 qui

199 3799 286 3862 inter
308 3817 368 3861 nos
391 3806 424 3859 et
446 3797 617 3861 Christum
640 3797 836 3863 coniunctio.
883 3796 1030 3863 Sustinet
1061 3818 1170 3880 perso·
1222 3810 1391 3863 aeternum
1410 3798 1522 3863 foedus
1540 3820 1613 3862 cum
1633 3798 1697 3864 illis
1717 3800 1893 3881 pepigerat.
1927 3798 2083 3864 Foederis
2102 3818 2191 3882 ergo,

198 3903 276 3947 nam
306 3888 468 3961 nostram,
508 3904 567 3947 nec
596 3884 773 3965 quidquam
805 3903 825 3946 a
855 3885 947 3948 nobis
984 3896 1169 3966 separatum
1221 3882 1307 3966 quod
1329 3904 1456 3948 cassum
1479 3884 1530 3947 vel
1554 3886 1727 3966 abruptum
1752 3896 1835 3964 erat,
1865 3882 2034 3949 renovatio
2055 3884 2189 3949 Christo

199 3967 316 4032 habet:
343 3978 441 4051 atque
465 3978 575 4034 nostra
597 3987 693 4032 cansa
714 3989 733 4032 a
756 3976 849 4051 patre
871 3969 1055 4033 exauditur.
1101 3968 1170 4035 Sub
1223 3970 1386 4035 tribuitur.
1442 3968 1638 4049 Quanquam
1671 3971 1768 4034 simul
1810 3970 1985 4034 tenendum
2025 3981 2076 4034 est
2109 3970 2189 4035 illud

199 4075 278 4120 voce
301 4052 413 4135 placiti
435 4054 594 4130 fraenum,
618 4066 654 4116 ut
676 4055 722 4116 ite
741 4054 863 4135 loquar,
886 4055 1000 4133 iniicit,
1022 4075 1064 4118 ne
1080 4056 1170 4119 lesti-
1223 4054 1318 4120 Pauli
1340 4054 1458 4139 (Ephe.
1479 4054 1571 4136 2,14
1592 4055 1662 4138 sq.),
1684 4056 1851 4121 Christum
1875 4077 1945 4120 csse
1967 4056 2112 4120 omnium
2135 4077 2192 4137 pa·

199 4150 280 4205 nent
310 4141 343 4202 in
378 4140 445 4203 suis
476 4139 644 4204 desideriis
675 4138 803 4214 fideles,
836 4139 892 4203 sed
922 4140 1084 4223 patienter
1112 4162 1169 4204 cx·
1223 4161 1311 4219 cem,
1340 4153 1376 4204 ut
1399 4140 1586 4205 reconciliet
1609 4152 1675 4204 tem
1700 4155 1841 4205 remotos
1863 4162 1959 4222 quam
1983 4143 2193 4224 propinquos.

200 4229 350 4308 spectent
373 4223 449 4288 dum
474 4226 656 4307 praefixum
687 4225 799 4289 aDeo
829 4238 957 4308 tempus
987 4224 1169 4291 advenerit:
1223 4225 1290 4291 Sed
1313 4226 1442 4308 proprie
1464 4226 1609 4307 respexit
1630 4226 1735 4291 Isaias
1757 4226 1798 4290 ed
1821 4228 1947 4291 tristem
1977 4226 2067 4290 illam
2097 4226 2192 4292 dissi·

199 4331 263 4393 quo
285 4329 384 4375 sensu
408 4310 545 4374 aPaulo
568 4311 731 4375 adventus
747 4309 870 4375 Christi
886 4321 1021 4376 vocatur
1043 4321 1171 4392 tempus
1224 4312 1397 4395 petionem,
1413 4311 1504 4375 cuius
1525 4312 1702 4376 remedium
1722 4332 1741 4374 a
1760 4313 1827 4376 solo
1845 4312 1977 4377 Christo
1994 4310 2191 4393 sperandum

201 4395 417 4480 plenitudinis
439 4395 527 4480 (Gal.
550 4396 582 4477 4,
605 4396 648 4481 4).
694 4394 776 4459 Vult
798 4416 875 4478 ergo
904 4417 1078 4479 suspensos
1101 4418 1171 4461 esse
1223 4408 1303 4463 erat.
1347 4396 1450 4460 Porro
1472 4397 1558 4462 hanc
1580 4399 1719 4481 gratiam
1749 4397 1789 4461 ad
1819 4417 1879 4462 nos
1908 4399 2085 4462 transferre
2114 4416 2193 4464 con·

201 4503 221 4547 a
242 4481 307 4546 Dei
330 4482 475 4559 arbitrio,
498 4491 534 4544 ut
556 4483 680 4546 interea
699 4480 824 4564 placide
846 4492 878 4545 et
898 4484 1085 4564 compositis
1101 4483 1170 4546 ani·
1225 4483 1324 4564 venit,
1344 4482 1431 4563 quod
1454 4502 1532 4562 pree
1554 4481 1699 4559 Indaeis,
1729 4497 1901 4565 antequam
1923 4483 2068 4564 prodiret
2090 4504 2193 4550 evan·

201 4567 264 4633 mis
287 4566 472 4631 sustineant
494 4568 562 4631 eius
585 4568 677 4632 iram.
722 4566 907 4644 Caeterum,
929 4570 1079 4649 quamvis
1098 4590 1171 4651 pro·
1223 4567 1355 4652 gelium,
1368 4569 1491 4632 inimici
1508 4578 1605 4650 atqua
1620 4569 1717 4633 alieni
1733 4569 1835 4633 aDeo
1851 4589 2004 4645 essemus,
2021 4589 2082 4634 neo
2097 4570 2195 4635 aliter

200 4652 319 4736 phetae
342 4653 514 4717 consilium
537 4653 579 4717 sit
601 4652 725 4716 hortari
747 4653 788 4716 ad
811 4652 1015 4717 tolerantiam
1032 4655 1110 4735 pios,
1135 4662 1172 4717 ut
1223 4673 1391 4737 possemus
1413 4654 1475 4736 ipsi
1498 4655 1707 4718 reconciliari.
1744 4654 1897 4720 Christus
1919 4675 1996 4737 ergo
2018 4655 2053 4719 in
2076 4655 2194 4721 foedus

201 4738 329 4804 discent
358 4738 495 4802 affectus
524 4758 598 4803 suos
620 4738 692 4802 Deo
722 4738 898 4814 subiicere,
932 4736 1029 4803 simul
1061 4747 1172 4803 temen
1223 4740 1336 4822 populi
1359 4739 1452 4803 datus
1475 4752 1541 4813 θεῖ,
1572 4740 1656 4821 quod
1686 4739 1775 4803 nulla
1804 4741 1844 4802 ad
1873 4742 1977 4804 Deurn
2009 4742 2062 4803 via
2092 4763 2191 4824 quarn

202 4824 297 4890 docet
317 4823 455 4888 salutem
479 4834 622 4889 nostram
645 4826 746 4887 fluere
774 4824 960 4907 agratuita
981 4824 1045 4888 Dei
1074 4825 1172 4889 bene·
1224 4846 1283 4907 per
1304 4825 1410 4903 ipsum
1434 4838 1567 4905 pateret.
1603 4825 1748 4906 Populus
1771 4839 1848 4889 tunc
1869 4840 1962 4888 erant
1984 4825 2112 4890 ludaei:
2135 4829 2191 4892 sed

203 4909 355 4975 volentia.
400 4922 466 5006 pau
490 4910 587 4984 enim,
611 4929 709 4991 quam
733 4908 852 4975 Graeci
875 4908 1021 4973 εὐδοκίαν
1044 4920 1172 4990 vocant,
1224 4910 1333 4975 diruta
1355 4911 1495 4974 maceria
1516 4931 1628 4975 omnes
1651 4921 1684 4974 et
1705 4922 1820 4993 gentes
1851 4920 1883 4974 et
1903 4910 2019 4975 Iudaei
2047 4914 2081 4975 iu
2105 4913 2192 4977 idem

202 4994 237 5058 id
258 5006 317 5072 est,
340 4994 424 5060 bona
446 4995 508 5059 Dei
533 4994 693 5069 voluntas,
716 4996 964 5058 fundamentum
987 5004 1037 5059 est
1058 4995 1173 5060 salutis
1223 4994 1334 5077 populi
1353 5017 1469 5077 corpus
1491 4995 1678 5061 coaluimus.
1729 4995 1767 5060 Ur
1792 4998 1920 5062 εεεθίῖθε
1947 5002 2079 5080 mam,
2110 5020 2194 5082 quae

203 5090 349 5148 nostrae:
374 5081 461 5146 salus
484 5101 563 5145 vero
585 5080 674 5144 illius
695 5081 819 5163 gratiae
837 5082 971 5145 effectus
987 5091 1045 5145 θεῖ.
1079 5079 1172 5146 Salvi
1225 5081 1348 5146 scilicet
1370 5094 1447 5145 tunc
1472 5093 1564 5145 vaste
1592 5091 1625 5144 et
1653 5081 1782 5147 deserta
1808 5096 1887 5147 erat.
1932 5082 2072 5148 Reditns
2103 5087 2192 5148 enim

204 5165 293 5230 euim
326 5187 453 5242 sumus,
488 5167 566 5248 quia
594 5166 759 5249 placemus
788 5164 878 5243 Deo,
913 5188 976 5231 non
1015 5166 1173 5249 dignitate
1225 5166 1337 5249 populi
1360 5188 1446 5232 nova
1468 5166 1625 5249 quaedam
1650 5167 1710 5231 fuit
1733 5169 1863 5245 creatio,
1886 5178 1923 5231 ut
1941 5167 2018 5235 alibi
2036 5170 2193 5235 vidImus.

204 5261 317 5316 nostra
339 5260 395 5316 aut
417 5254 552 5333 meritis,
574 5251 631 5318 sed
652 5250 778 5318 liberali
800 5252 870 5317 eius
893 5253 1005 5335 gratia.
1041 5252 1173 5318 Interea
1224 5252 1300 5317 Huc
1322 5272 1450 5334 quoque
1473 5253 1637 5333 pertinent
1662 5253 1838 5337 prophetae
1862 5253 1976 5329 verba,
2008 5266 2044 5319 ut
2071 5256 2194 5321 intelli-
