4784 5970
197 355 239 420 45
1062 351 1211 420 uAPUu
1233 351 1328 416 XLI.
2148 353 2190 418 46

198 542 336 608 exitium
359 552 562 624 appetamus.
607 539 645 606 Si
672 541 744 624 quis
772 562 885 606 rursus
915 540 1073 623 excipiet,
1103 560 1169 604 nou
1221 539 1341 605 victrix
1362 539 1505 617 ccclesia,
1529 550 1567 606 ut
1582 540 1642 623 ipsi
1659 560 1787 623 quoque
1803 542 1952 608 sordibus
1967 543 2034 608 suis
2049 544 2189 626 purgati,

198 629 305 694 solum
331 626 587 710 exspectandum
616 647 702 706 ease,
734 627 791 691 sed
829 627 927 692 etiem
952 625 1169 709 appetendum
1220 625 1327 690 locum
1349 625 1519 691 obtineant
1539 627 1574 689 iu
1590 626 1652 691 Dei
1671 626 1796 692 horreo.
1830 628 1939 710 Atque
1957 630 2004 694 ita
2020 628 2189 712 impletum

198 712 283 796 quod
305 713 469 778 Dominus
490 713 669 795 promittit,
701 733 802 797 quum
825 711 919 777 cedat
939 713 973 776 in
1003 713 1072 776 eius
1101 711 1170 794 glo·
1221 711 1282 775 luit
1304 710 1366 776 hoc
1389 710 1596 789 vaticinium,
1624 712 1750 795 quotics
1773 733 1872 797 opera
1900 714 2047 779 fidelium
2076 713 2191 780 subin·

198 800 282 864 nam
304 810 338 863 ct
359 799 498 865 salutem
529 810 691 864 nostram:
725 799 829 863 fateor
857 818 936 864 sene
964 797 1026 863 hoc
1055 797 1170 862 solatio
1220 797 1288 880 gati
1311 797 1445 862 luerunt
1467 797 1566 880 aliqui
1588 798 1622 862 in
1645 799 1815 882 gentibus,
1846 811 1882 864 ut
1904 799 2029 864 Christi
2052 800 2190 882 imperio

198 907 264 950 uon
287 904 402 966 parum
425 884 526 949 levari
550 894 677 948 nostros
700 882 843 962 dolores,
877 905 977 966 quum
1008 882 1171 968 promittit
1221 904 1256 947 se
1286 880 1492 948 subiicerent.
1536 882 1652 966 Neque
1681 885 1768 951 euim
1798 893 1928 950 terrene
1959 906 2104 967 unquam
2132 909 2190 971 pc·

129 980 132 985 '
199 991 234 1035 se
263 990 383 1052 poenas
412 967 587 1053 aliquando
616 980 821 1052 sumpturum
852 969 891 1034 de
921 968 1082 1045 hostibus,
1116 967 1170 1050 qui
1222 968 1324 1032 tentia
1345 968 1484 1051 praediti
1507 969 1648 1046 fuerunt,
1671 979 1709 1034 ut
1731 971 1855 1037 cunctis
1874 969 2023 1035 hostibus
2043 973 2112 1038 suia
2133 972 2189 1037 do·

198 1077 257 1120 nos
277 1055 452 1122 crudeliter
476 1065 646 1131 vexarunt,
668 1067 764 1138 atque
786 1056 899 1121 eadem
921 1056 1001 1137 ipsis
1016 1073 1170 1118 mensure
1221 1053 1434 1118 minarentur.
1473 1052 1563 1135 Quin
1585 1054 1693 1136 potius
1713 1057 1840 1121 animas
1861 1076 1937 1120 suas
1959 1057 1992 1120 in
2017 1058 2190 1123 tolerantie

198 1140 419 1207 redditurum:
450 1142 511 1207 hcc
533 1162 597 1205 non
621 1140 728 1205 obstat
758 1140 934 1224 quominus
962 1160 1022 1204 nos
1044 1143 1170 1204 interce
1220 1137 1385 1220 possidere
1407 1140 1563 1221 oportuit.
1608 1139 1674 1205 Sed
1704 1141 1808 1206 instar
1836 1142 2021 1223 palmarum
2050 1143 2111 1208 sub
2141 1153 2191 1209 tot

197 1240 385 1293 mansuetos
408 1250 478 1293 esee
500 1227 618 1303 iubeat,
642 1237 679 1290 ut
700 1248 759 1292 nos
781 1227 890 1309 potius
912 1226 1065 1291 misereat
1082 1227 1169 1308 ipsc·
1221 1225 1372 1290 oneribus
1393 1245 1448 1290 cos
1470 1227 1574 1290 crexit
1596 1224 1776 1307 Dominus,
1804 1237 1841 1291 ut
1863 1248 1927 1292 nou
1950 1228 2044 1292 modo
2066 1229 2189 1295 incolu-

198 1334 271 1377 rum
293 1312 335 1377 ob
357 1313 443 1378 mala
464 1333 547 1395 quae
569 1310 630 1377 sibi
653 1322 837 1390 accersunt,
865 1332 1042 1394 eorumque
1064 1311 1170 1376 vinem
1221 1330 1289 1375 mes
1311 1320 1524 1395 emergerent,
1547 1310 1604 1376 sed
1623 1311 1759 1393 pedibus
1780 1314 1879 1377 etiam
1901 1312 2064 1378 calcarent
2081 1313 2191 1382 hostes

200 1399 424 1481 deploremus,
454 1418 553 1481 quam
575 1399 720 1463 femmur
742 1396 866 1463 crudeli
889 1397 1006 1462 affectu
1028 1399 1062 1461 in
1084 1397 1168 1479 ipso·
1220 1414 1297 1461 snos
1317 1396 1442 1463 invicta
1465 1397 1566 1461 enimi
1587 1396 1767 1463 altitudine.
1814 1397 2002 1463 Notandum
2025 1410 2191 1482 praeterea

197 1505 273 1548 rum
301 1486 489 1566 perniciem.
534 1482 684 1563 Quodsi
716 1486 801 1549 hanc
831 1483 1077 1564 promissionem
1106 1501 1170 1565 qua
1220 1492 1279 1558 est,
1303 1481 1466 1564 frequenti
1488 1483 1668 1564 scripturae
1691 1505 1752 1548 usu
1775 1485 1944 1549 transferri
1963 1484 2003 1548 ad
2021 1485 2189 1552 ecclesiam

198 1569 290 1635 decet
312 1570 376 1634 fide
399 1570 643 1652 amplectimur,
673 1570 763 1634 omui
784 1570 892 1634 caruis
914 1569 1039 1651 impetu
1065 1569 1099 1633 in
1121 1589 1169 1631 or·
1221 1567 1306 1649 quod
1339 1570 1468 1650 proprie
1496 1588 1562 1633 non
1592 1569 1654 1632 uisi
1685 1571 1720 1631 in
1751 1569 1860 1633 Deum
1888 1571 2050 1652 competit.
2102 1571 2191 1651 Quia

198 1655 308 1720 dinem
331 1654 480 1731 subacto,
511 1655 653 1736 primum
676 1656 846 1737 compositi
868 1656 990 1719 erimus
1019 1654 1060 1718 ed
1089 1653 1168 1718 tole·
1222 1674 1299 1736 ergo
1321 1654 1437 1735 impias
1467 1662 1580 1737 gentes
1609 1654 1728 1718 afflixit
1749 1653 1842 1719 Deua
1870 1654 1905 1718 iu
1933 1657 2085 1721 ecclesiae
2113 1678 2191 1722 suec

198 1742 356 1804 rentiam:
380 1740 496 1806 deinde
518 1738 686 1804 moderato
707 1741 776 1805 zelo
794 1753 985 1822 expetamus
1004 1739 1068 1804 Dei
1085 1738 1169 1805 iudi·
1221 1740 1378 1822 gretiam,
1407 1738 1525 1805 dicitur
1547 1759 1602 1805 eos
1625 1740 1752 1805 dedisse
1775 1739 1974 1805 triturandos
2003 1741 2063 1807 sub
2092 1741 2192 1825 pedes

197 1827 295 1891 cium.
339 1826 483 1908 Ideoque
506 1825 612 1890 danda
633 1827 783 1908 inprimis
805 1846 903 1909 opera
925 1839 988 1900 eet,
1023 1839 1059 1889 ut
1080 1827 1169 1890 omni
1221 1823 1384 1904 fidelium,
1412 1824 1453 1889 ad
1481 1846 1563 1907 quos
1593 1825 1803 1906 perveniebat
1830 1826 1964 1892 tructus.
2016 1826 2191 1893 Caeterum

197 1911 384 1977 turbulento
417 1914 524 1978 cernis
552 1923 644 1976 motu
676 1912 787 1976 sedato
816 1924 849 1976 et
876 1910 986 1977 velere
1012 1912 1100 1976 iusso
1128 1912 1169 1976 li·
1220 1911 1347 1993 quoties
1373 1912 1454 1976 istae
1484 1909 1671 1993 prophetias
1701 1911 1855 1995 legimus,
1890 1913 2086 1977 attollendae
2114 1923 2192 1979 snut

196 1996 295 2080 quido
328 1999 517 2080 sinceroque
557 1996 652 2063 corde
685 2010 911 2080 exspectemus
949 2007 1168 2081 opportunum
1223 2005 1350 2060 mentes
1373 1995 1412 2059 ad
1436 2016 1573 2079 reguum
1597 1995 1736 2073 Christi,
1767 2007 1802 2061 ut
1825 1999 1913 2061 omni
1943 2018 2045 2080 pravo
2075 1999 2192 2064 affectu

196 2083 307 2148 iudicii
331 2095 469 2165 tempus,
492 2083 590 2164 idque
612 2103 678 2147 uon
700 2094 769 2147 tam
791 2083 937 2167 privatae
952 2083 1103 2148 utilitatis
1118 2105 1168 2148 rc·
1221 2082 1315 2145 vacui
1349 2102 1422 2146 aum
1452 2102 1548 2163 quem
1579 2081 1668 2146 dccet
1701 2082 1834 2146 modum
1867 2091 2051 2160 teneamus,
2086 2105 2192 2166 neque

197 2179 320 2251 spectu,
343 2190 441 2251 quam
465 2180 502 2232 ut
524 2168 652 2232 laudem
675 2189 768 2233 suem
791 2169 936 2233 obtineat
954 2167 1018 2232 Dci
1035 2170 1168 2235 iustitia.
1222 2178 1296 2232 ente
1312 2176 1441 2249 tempus
1458 2168 1608 2231 trituram
1626 2168 1722 2232 istam
1742 2179 1944 2250 appetamus:
1969 2171 2046 2251 quia
2062 2169 2191 2234 abunde

196 2253 238 2317 In
279 2255 415 2319 eandem
454 2255 650 2320 sententiam
694 2275 714 2317 a
752 2252 882 2319 Devidc
921 2254 1077 2337 scriptum
1121 2268 1170 2321 est
1221 2252 1371 2317 sulficere
1404 2251 1497 2317 nobis
1531 2251 1642 2332 debet,
1680 2254 1707 2317 ei
1740 2263 1839 2335 ceput
1872 2265 2017 2318 nostrum
2058 2254 2190 2320 taudem

196 2338 504 2426 (Psalm.58,11):
537 2340 766 2405 Lactabuntur
789 2340 877 2416 iusti,
902 2360 1003 2422 quum
1027 2339 1169 2405 viderint
1221 2337 1331 2403 hostes
1352 2359 1428 2403 euos
1456 2339 1517 2404 sub
1546 2338 1682 2420 pedibus
1711 2340 1780 2403 suis
1808 2350 2008 2420 prosternat,
2038 2352 2077 2404 ut
2103 2362 2191 2407 com·

197 2426 374 2508 ultionem,
405 2425 502 2508 pedes
525 2445 601 2491 suos
624 2427 657 2489 iu
686 2427 845 2509 sauguine
875 2426 1050 2506 impiorum
1079 2427 1168 2490 leva·
1222 2426 1329 2488 munis
1352 2425 1394 2488 eit
1417 2424 1509 2488 nobis
1531 2425 1685 2489 victoriae
1709 2423 1904 2505 triumphus.
1937 2425 2008 2489 Iam
2027 2426 2080 2491 ubi
2100 2426 2191 2492 addit

197 2511 288 2576 bunt.
323 2511 399 2576 Non
418 2512 502 2594 quod
522 2510 723 2576 delectentur
741 2533 851 2576 acrum
870 2510 974 2575 malo:
996 2512 1053 2575 sed
1072 2513 1167 2593 quod,
1221 2530 1352 2574 caueam
1375 2509 1560 2574 exsultandi
1582 2510 1614 2573 in
1638 2509 1780 2574 Domino
1803 2509 1933 2575 Iudaeis
1963 2511 2046 2594 iore,
2075 2533 2189 2594 quam-

198 2607 233 2660 ut
255 2603 368 2679 postea
389 2598 564 2680 subiungit,
585 2596 708 2662 iustum
733 2607 864 2660 maneat
881 2596 1006 2661 fructus
1024 2618 1112 2675 suus,
1135 2609 1169 2663 et
1220 2616 1316 2676 quam
1338 2593 1399 2659 hac
1420 2593 1537 2660 fiducia
1558 2594 1660 2659 lenire
1683 2596 1754 2660 vult
1777 2616 1889 2660 eorum
1913 2595 2065 2673 dolorem,
2093 2597 2189 2662 simul

195 2684 281 2746 iusta
303 2683 367 2747 Dei
388 2681 505 2746 iudicia
527 2683 558 2746 in
585 2695 672 2747 terra
697 2682 869 2762 patefiant,
900 2702 1000 2762 quum
1031 2684 1168 2764 improbi
1221 2695 1330 2745 tamen
1353 2681 1506 2745 admouet
1530 2681 1704 2745 modestiae
1726 2682 1807 2762 pios,
1837 2703 1879 2745 ue
1900 2681 2067 2745 exsultent
2089 2684 2189 2745 enimi

196 2766 355 2831 scelerum
389 2789 519 2832 suorum
555 2788 674 2849 poenas
708 2768 810 2831 luunt.
855 2767 986 2842 Iudaei,
1021 2778 1058 2831 ut
1091 2779 1168 2832 eunt
1220 2767 1337 2830 ferocia
1360 2765 1539 2847 siquando
1568 2766 1651 2849 erigi
1676 2767 1764 2848 ipsos
1794 2786 1893 2831 manu
1919 2766 1983 2830 Dei
2012 2768 2189 2850 contingat,

196 2853 374 2918 truculenti
391 2865 517 2927 natura,
537 2862 569 2916 et
587 2853 735 2917 caedium
748 2851 844 2928 avidi,
865 2852 924 2916 has
936 2854 1167 2934 promissiones
1220 2858 1318 2933 etque
1341 2850 1386 2914 ita
1408 2851 1513 2927 evehi,
1537 2862 1573 2914 ut
1596 2851 1705 2916 hostes
1728 2849 1789 2916 sub
1810 2862 2001 2933 potestatem
2024 2873 2117 2917 suam
2140 2874 2189 2916 re·

196 2958 234 3002 eo
263 2959 361 3003 sensu
385 2938 545 3021 arripiunt
579 2959 643 3020 quo
674 2939 760 3009 seraa
788 2947 821 3002 et
849 2937 1009 3002 immanes
1038 2936 1166 3016 bestico,
1219 2935 1342 3020 digent.
1376 2935 1468 3000 Nihil
1491 2937 1577 3001 euim
1600 2937 1777 3019 proclivius
1799 2946 1849 3001 cet
1870 2936 2069 3020 hominibus,
2092 2959 2188 3021 quem

195 3043 278 3106 quae
299 3023 441 3088 oblatam
465 3022 617 3105 praedam
641 3023 797 3088 aviditate
820 3037 950 3099 vorent,
980 3034 1076 3104 atque
1098 3024 1167 3090 solo
1219 3023 1327 3086 efferri
1357 3032 1390 3085 et
1419 3023 1601 3105 protervire
1629 3043 1728 3104 quum
1758 3044 1810 3088 ree
1836 3023 1914 3104 ipsis
1944 3022 2121 3089 succedunt
2147 3045 2189 3089 ex

197 3110 266 3174 eius
299 3130 399 3175 sensu
432 3110 669 3175 intremiscunt.
723 3108 768 3172 At
801 3107 964 3173 Dominus
998 3130 1063 3174 non
1097 3111 1168 3174 vult
1219 3107 1322 3171 enimi
1353 3108 1525 3173 sententia.
1580 3105 1828 3174 Oblivisountur
1860 3129 1895 3172 ee
1928 3130 1997 3173 esse
2030 3108 2189 3192 homines,

195 3216 270 3259 suos
304 3192 580 3273 mansuetudinis,
612 3216 710 3277 quem
744 3194 918 3277 praecipue
952 3195 1167 3272 commendat,
1219 3195 1346 3276 Deique
1368 3194 1557 3258 memoriam
1580 3193 1697 3270 delent,
1721 3215 1816 3277 quam
1834 3192 2013 3259 debuerant
2030 3195 2191 3261 bonorum

198 3280 353 3346 oblivisci.
409 3281 477 3345 Nec
510 3281 597 3345 cuim
633 3280 735 3362 ipsius
768 3298 839 3344 esse
878 3301 1065 3363 possumus,
1104 3282 1166 3346 nisi
1219 3279 1365 3344 omnium
1393 3287 1542 3344 autorem
1572 3299 1757 3362 agnoscere.
1802 3279 1848 3345 Ut
1878 3301 1955 3363 ergo
1985 3280 2190 3346 immodicam

196 3366 309 3430 eodem
331 3366 467 3448 spiritu,
497 3366 712 3430 humanitatis
735 3363 888 3430 videlicet
910 3374 942 3429 et
964 3365 1165 3443 clementiae,
1219 3365 1484 3442 exsultationem,
1514 3386 1578 3447 que
1607 3386 1736 3447 semper
1765 3385 1839 3430 carc
1868 3365 2014 3449 lascivit,
2042 3366 2190 3431 cohibeat

196 3450 388 3534 dirigamur.
427 3450 579 3534 Denique
602 3454 662 3517 hac
685 3450 899 3516 similitudine
921 3453 1019 3515 rastri
1041 3452 1167 3517 dentati
1220 3448 1384 3533 propheta,
1408 3460 1441 3515 et
1459 3472 1522 3533 qua
1539 3472 1598 3516 noe
1616 3471 1710 3533 saepe
1728 3452 1832 3533 abripi
1850 3452 1997 3529 sinimus,
2019 3450 2190 3516 subiunxit

196 3535 277 3600 nihil
300 3535 387 3602 eliud
411 3537 584 3619 siguificat,
607 3558 704 3620 quam
719 3535 976 3601 infelicissimum
993 3537 1165 3618 impiorum
1219 3538 1254 3601 in
1275 3537 1413 3611 domino,
1448 3537 1524 3619 quia
1546 3538 1578 3600 iu
1607 3555 1645 3600 ec
1674 3538 1779 3601 omnis
1808 3546 1841 3600 et
1869 3536 1973 3618 gloria
2003 3546 2037 3600 et
2065 3537 2190 3601 laetitia

195 3621 336 3698 exitum,
369 3644 449 3705 quos
481 3621 644 3688 Dominus
676 3623 807 3705 piorum
840 3642 939 3686 manu
972 3623 1164 3706 profligabit.
1219 3631 1332 3687 nostra
1352 3621 1519 3686 subsidere
1539 3621 1643 3687 debet.
1687 3621 1838 3703 Denique
1860 3620 2020 3703 prophete
2047 3621 2088 3686 ad
2117 3642 2189 3707 gra·

195 3707 300 3788 quue
324 3717 360 3772 ut
380 3710 453 3791 pios
474 3709 673 3773 consoletur:
707 3726 774 3772 non
797 3715 833 3771 ut
856 3706 897 3771 ed
926 3706 1032 3772 caedis
1062 3708 1165 3773 avidi·
1219 3707 1393 3772 titudinem
1416 3707 1577 3784 hortatur,
1601 3716 1636 3771 ut
1658 3728 1721 3789 quo
1743 3707 1839 3771 altius
1867 3706 2038 3772 evehimur
2068 3709 2190 3788 eDao,

196 3804 296 3858 tatem
319 3794 507 3858 inflammet.
1219 3815 1257 3858 eo
1280 3792 1468 3875 diligentius
1490 3795 1578 3857 omni
1600 3791 1786 3857 ambitionis
1809 3793 1953 3857 vanitate
1974 3805 2127 3874 correcte,
2154 3796 2189 3858 in

283 3877 332 3942 16.
355 3877 546 3962 (Veniente
567 3877 640 3963 cos.)
683 3877 775 3943 Idem
805 3877 858 3941 hic
887 3877 1051 3961 significet
1079 3879 1166 3959 quod
1218 3880 1288 3963 ipso
1310 3878 1378 3943 solo
1400 3888 1433 3942 ct
1456 3878 1655 3959 gaudeamus
1677 3889 1710 3941 et
1732 3877 1918 3962 gloriemur.

195 3965 345 4046 proximo
362 3985 469 4039 versu,
492 3962 548 4029 sed
564 3965 628 4028 elic
642 3961 863 4029 similitudine.
897 3963 982 4028 Nam
998 3963 1166 4029 ecclesiam
1306 3965 1356 4030 17.
1389 3963 1505 4047 (Epona
1534 3969 1561 4027 ct
1582 3982 1741 4045 pauperes
1769 3969 1914 4045 quaerent
1949 3964 2074 4049 aquus.)
2124 3965 2189 4030 Hic

196 4069 303 4114 vanno
326 4060 507 4131 comparat:
530 4050 647 4130 impios
661 4069 741 4114 vero
760 4048 946 4133 quisquiliis
962 4069 1043 4130 quac
1060 4070 1166 4115 vanno
1219 4050 1428 4133 prosequitur
1449 4059 1677 4132 argumentum
1700 4050 1784 4130 quod
1803 4052 1866 4114 iam
1885 4047 1925 4112 ab
1943 4048 2035 4113 initio
2051 4051 2189 4132 quadra·

197 4136 358 4216 proiectae
384 4134 618 4218 disperguntur
647 4135 710 4200 huc
738 4147 770 4200 et
798 4134 892 4200 illuc:
926 4154 963 4199 ao
985 4135 1013 4198 si
1036 4134 1166 4215 dicarat,
1217 4137 1333 4220 gesimi
1356 4134 1469 4217 capitis
1491 4149 1630 4200 tractare
1650 4143 1807 4218 coeperat.
1853 4135 2010 4200 Miserum
2039 4136 2126 4199 cuim
2156 4146 2189 4200 et

197 4219 358 4300 Quemvis
391 4222 432 4286 ad
465 4232 595 4302 tempus
626 4231 741 4303 gentes
774 4241 834 4285 vos
874 4222 1029 4285 triturant
1067 4230 1166 4303 atque
1218 4220 1442 4288 calamitosum
1477 4228 1598 4285 statum
1629 4220 1771 4286 declarat
1803 4221 1838 4284 iu
1867 4240 1933 4303 quo
1962 4221 2064 4284 futuri
2094 4232 2189 4285 erant

198 4307 368 4387 ventilent,
385 4307 719 4387 duriustamenipees
734 4306 888 4372 iudicium
905 4314 1025 4372 manet.
1054 4307 1166 4371 Exitio
1218 4306 1332 4372 Iudaei
1364 4307 1397 4370 iu
1431 4305 1612 4390 Babylone,
1651 4306 1752 4371 donec
1785 4306 1918 4370 tandem
1951 4304 2043 4370 Deus
2075 4326 2189 4370 eorum

196 4392 282 4455 euim
305 4414 364 4457 suo
386 4391 642 4470 triturabuutur,
673 4410 710 4455 ec
731 4391 835 4456 veluti
856 4391 1049 4474 quisquiliae
1071 4393 1167 4477 proii·
1219 4394 1373 4458 misertus
1405 4412 1499 4474 opem
1528 4392 1668 4457 afferret.
1714 4392 1803 4476 Ergo
1832 4412 1886 4456 cos
1915 4391 1956 4455 ad
1984 4391 2188 4456 tolerantiam

196 4476 332 4541 cientur.
365 4479 552 4542 Notandum
575 4496 655 4542 vero
677 4475 853 4541 discrimen
875 4487 941 4542 est:
964 4479 1039 4558 quia
1061 4490 1095 4542 et
1113 4478 1166 4544 hic
1219 4484 1383 4543 extremae
1405 4476 1534 4559 inopiae
1555 4488 1737 4560 praeparat,
1769 4476 1950 4543 siticulosos
1972 4477 2039 4541 fore
2062 4474 2187 4543 dicens:

197 4560 281 4625 bono
303 4583 362 4628 suo
384 4564 497 4629 fideles
519 4564 725 4639 triturantur,
749 4563 827 4644 quia
849 4564 1020 4645 patiuntur
1047 4584 1082 4628 sa
1109 4564 1165 4628 do·
1219 4566 1296 4647 quie
1317 4563 1397 4629 haec
1418 4562 1620 4646 synecdoche
1643 4561 1685 4626 ed
1706 4563 1954 4646 exprimendam
1982 4562 2059 4626 mali
2081 4563 2188 4646 gravi·

195 4649 290 4725 mari,
313 4659 346 4712 et
366 4647 470 4732 redigi
492 4649 553 4714 sub
580 4649 754 4730 imperium
776 4647 848 4712 Dei.
892 4647 959 4713 Alii
989 4668 1066 4713 vero
1093 4670 1165 4731 per·
1219 4659 1320 4715 tatem
1354 4650 1460 4732 aptior
1487 4660 1567 4712 eret.
1619 4647 1750 4714 Scimus
1778 4649 1865 4713 enim
1893 4648 1977 4712 nihil
2006 4669 2076 4714 esse
2103 4646 2188 4730 quod

196 4733 352 4798 vicaciter
372 4748 567 4818 repugnant,
591 4755 650 4799 nec
672 4755 707 4798 se
728 4734 763 4797 in
786 4733 932 4798 ordinem
954 4734 1025 4817 cogi
1041 4736 1164 4800 sinunt.
1219 4736 1324 4818 magis
1346 4735 1510 4800 excruciet
1532 4732 1680 4798 homines
1701 4755 1799 4816 quam
1821 4754 1923 4815 equae
1952 4735 2123 4817 penuriam
2152 4733 2188 4796 iu

196 4818 270 4884 Hos
298 4829 454 4902 tanquam
484 4819 593 4903 palaes
623 4830 679 4884 eut
708 4818 898 4901 quisquilias
927 4832 1024 4884 vento
1054 4821 1164 4901 proiici
1218 4823 1282 4889 siti.
1326 4820 1429 4902 Atqui
1453 4819 1507 4884 ubi
1527 4841 1565 4883 co
1587 4821 1791 4884 necessitatis
1814 4833 1945 4885 ventum
1968 4820 2074 4893 fuerit,
2097 4817 2189 4884 Deus

197 4904 289 4970 docet
312 4905 480 4987 propheta.
515 4902 570 4970 Sic
592 4904 731 4970 Iudaeos
753 4903 890 4988 flagellis
905 4902 996 4970 Deus
1014 4926 1166 4972 excusse·
1219 4929 1253 4973 se
1281 4906 1520 4972 subventurum
1549 4904 1700 4970 affirmet
1751 4903 1847 4971 Unda
1881 4905 2099 4988 colligendum
2129 4915 2187 4981 est,
2229 4977 2233 4985 ,

198 4999 257 5065 rat,
280 4990 461 5056 calcaverat
484 4991 678 5067 triturando,
706 4989 880 5056 cribrando
909 4992 1099 5072 agitaverat,
1130 4996 1166 5057 ut
1218 4993 1259 5058 ad
1289 5011 1371 5075 quos
1399 4990 1480 5054 haec
1509 4992 1680 5072 promissio
1709 4991 1883 5073 pertineat:
1917 5010 2034 5071 nempe
2064 4989 2105 5055 ed
2133 5011 2188 5055 eos

198 5076 305 5141 tritico
327 5074 410 5141 bene
432 5087 572 5159 purgato
595 5077 716 5143 similes
745 5076 786 5141 ed
814 5096 849 5140 se
878 5075 1060 5159 colligeret:
1094 5098 1166 5161 pro·
1219 5080 1273 5162 qui
1296 5077 1337 5143 ed
1358 5086 1507 5142 extreme
1527 5076 1650 5144 redacti
1671 5077 1761 5142 velut
1783 5077 1837 5142 siti
1851 5086 2012 5154 arescunt,
2035 5098 2072 5142 ec
2087 5096 2187 5159 prope

198 5161 289 5226 lanas
311 5182 391 5226 vero
413 5173 526 5246 gentes
549 5163 640 5243 quasi
665 5162 774 5245 paleae
796 5161 998 5244 sterquilinio
1014 5163 1164 5229 destinet.
1219 5164 1383 5230 deficiunt.
1428 5160 1524 5228 Unde
1553 5164 1651 5228 etiem
1682 5163 1893 5246 perspicimus
1922 5160 2092 5227 ecclesiam
2122 5183 2188 5227 non

197 5246 273 5312 Huc
293 5247 431 5327 accedit,
464 5247 549 5331 quod
572 5269 612 5313 ex
641 5247 819 5314 incredulis
847 5246 1004 5330 quosdam
1033 5251 1167 5313 triturat
1219 5270 1349 5334 semper
1371 5247 1535 5314 abundare
1559 5249 1653 5314 bonis
1674 5248 1839 5327 omnibus,
1866 5245 1922 5312 sed
1945 5268 2065 5331 magne
2087 5249 2187 5312 inter·
