4784 5970
186 406 251 472 255
1063 399 1112 465 IN
1134 398 1299 466 ISAIAM
2114 403 2174 470 256

189 595 249 659 Est
271 592 370 678 igitur
392 590 445 673 pia
467 589 536 654 eius
564 587 781 671 querimonia,
816 589 871 670 qui
894 587 1063 653 Christum
1086 607 1152 651 om·
1175 587 1180 623 ¹
1203 586 1365 670 peculiare
1398 585 1531 668 spiritus
1564 586 1697 651 donum.
1749 587 1845 655 Unde
1874 608 1953 654 vero
1985 587 2170 670 discrimen,

189 680 282 744 nibus
304 687 416 742 notum
438 695 509 740 esse
533 674 645 739 vellet:
668 682 764 755 atque
781 672 908 739 interea
925 693 1044 755 paucos
1062 670 1153 737 videt
1202 674 1265 737 nisi
1288 693 1329 737 ex
1351 690 1471 736 arcana
1493 670 1555 736 Dei
1584 672 1756 750 electione,
1786 674 1879 740 cuius
1907 692 2008 740 causa
2038 674 2076 739 in
2106 675 2172 758 ipsc

187 766 241 848 qui
273 762 370 828 fidem
402 760 572 843 evangelio
605 757 756 824 habeant.
810 756 1030 839 Quamobrem
1062 758 1152 840 inge·
1203 766 1253 822 est
1274 755 1483 823 abscondita?

188 850 325 916 miscens
358 847 531 912 exclamat:
577 842 660 925 Quis
695 842 832 910 credidit
859 843 984 908 auditui
1017 841 1150 907 nostro?
1287 841 1317 905 2.
1350 840 1539 926 (Amare.)
1585 842 1678 909 Haec
1711 844 1875 908 sententia
1906 842 1949 907 ad
1980 843 2016 908 id
2048 854 2172 928 spectat

186 934 446 1019 Ingemiscamus
468 950 544 1014 ergo
567 939 599 994 et
621 949 858 1011 conqueramur
880 948 953 994 cum
983 927 1150 1011 propheta,
1202 926 1287 1010 quod
1310 941 1406 991 antea
1427 927 1548 991 dictum
1570 937 1628 1007 est,
1651 928 1820 994 Christum
1841 928 1937 993 initio
1959 929 2043 994 nihil
2067 929 2171 1013 splen·

188 1019 394 1103 atqueetiam
413 1017 603 1094 cruciemur,
621 1015 649 1080 si
667 1015 774 1079 minus
791 1016 990 1080 fructuosum
1008 1014 1151 1078 laborem
1202 1012 1290 1077 doris
1324 1021 1380 1077 aut
1412 1012 1530 1094 speciei
1563 1013 1752 1079 habiturum
1786 1012 1872 1094 apud
1905 1012 2075 1081 homines:
2117 1016 2170 1081 sed

190 1115 335 1171 nostrum
357 1103 530 1177 cernimus,
553 1110 586 1164 et
602 1119 709 1164 coram
728 1100 798 1164 Dec
815 1120 1060 1182 conqueramur.
1096 1097 1151 1164 Sin
1201 1118 1310 1163 coram
1335 1098 1404 1161 Deo
1434 1096 1646 1164 nihilominus
1668 1101 1703 1163 in
1725 1097 1864 1164 sublime
1892 1099 2101 1166 evehendum
2124 1112 2169 1165 at·

189 1192 275 1256 enim
297 1188 404 1253 affecti
436 1207 507 1252 esse
538 1186 655 1250 debent
688 1185 734 1267 pii
766 1184 921 1262 ministri,
954 1185 981 1249 si
1011 1183 1151 1247 fideliter
1203 1204 1264 1266 que
1292 1182 1327 1246 in
1357 1183 1459 1264 pretio
1494 1182 1678 1248 habendum
1707 1205 1786 1250 esse.
1831 1182 1926 1251 Unde
1959 1186 2172 1268 perspicimus

189 1298 268 1359 opus
290 1295 384 1339 suum
412 1274 544 1352 exsequi
575 1271 684 1335 velint.
729 1268 882 1336 Declarat
912 1277 1019 1335 autem
1048 1268 1151 1334 Isaias
1202 1289 1266 1332 non
1289 1287 1360 1331 esse
1381 1267 1524 1332 humano
1545 1278 1678 1352 aspectu
1701 1268 1741 1334 de
1763 1269 1866 1353 gloria
1881 1267 2009 1335 Christi
2030 1269 2172 1337 iudican-

189 1381 306 1444 paucos
348 1360 415 1423 lore
454 1358 509 1439 qui
542 1378 576 1421 se
610 1355 793 1438 evangelio¹
812 1354 935 1422 Christi
970 1354 1150 1420 subiiciunt.
1203 1354 1296 1417 dum:
1322 1353 1379 1418 sed
1400 1351 1464 1417 fide
1486 1353 1794 1435 apprehendendum
1817 1352 1904 1437 quod
1925 1374 2037 1421 sacrae
2060 1355 2171 1422 literae

188 1447 272 1511 Nam
296 1465 396 1527 quum
428 1442 603 1507 exclamat:
644 1440 727 1521 Quis
757 1439 866 1506 credet
894 1439 1150 1523 praedicationi?
1203 1438 1243 1503 de
1264 1439 1333 1520 ipso
1356 1437 1481 1503 docent.
1514 1437 1593 1504 Ideo
1615 1441 1790 1523 opponitur
1810 1438 1864 1505 hie
1886 1440 2048 1521 particula
2069 1460 2171 1508 eorem

188 1531 351 1615 significat
372 1550 413 1593 ex
436 1529 476 1592 iis
497 1528 552 1609 qui
575 1524 779 1609 evangelium
802 1525 949 1604 audiunt,
972 1525 1029 1589 vix
1044 1536 1151 1590 cente·
1202 1544 1237 1589 eo
1262 1521 1409 1588 sensibus
1431 1523 1593 1604 humanis,
1623 1526 1678 1607 qui
1701 1525 1934 1592 sublimitatem
1964 1525 2065 1591 istam
2087 1547 2170 1592 uom-

189 1618 308 1682 simum
330 1634 487 1696 quemque
515 1611 644 1676 fidelem
672 1612 750 1675 lore.
794 1611 862 1676 Nec
893 1621 1019 1676 tantum
1049 1609 1088 1675 de
1117 1631 1151 1674 se
1202 1607 1405 1691 prehendere
1431 1628 1496 1673 uon
1519 1622 1663 1691 possunt.
1708 1610 1832 1676 Eadem
1855 1609 1924 1675 iere
1953 1610 2169 1677 similitudine

190 1722 254 1767 uno
279 1700 438 1782 loquitur,
472 1697 528 1762 sed
559 1697 648 1762 velut
677 1697 703 1761 is
733 1696 789 1778 qui
816 1697 954 1761 sustinet
981 1715 1151 1777 personam
1202 1714 1281 1758 usus
1303 1702 1353 1759 est
1381 1694 1484 1776 eapite
1507 1695 1560 1758 11:
1592 1694 1790 1779 Egredietur
1818 1694 1968 1762 surculus
1991 1694 2032 1761 de
2055 1704 2169 1763 trunco

188 1785 336 1852 omnium
370 1783 546 1849 doctorum.
589 1781 748 1862 Quamvis
781 1801 858 1864 ergo
890 1782 999 1864 plures
1032 1780 1151 1845 deutur
1201 1780 1278 1845 Issi.
1324 1778 1408 1842 Nam
1432 1778 1546 1843 domus
1569 1779 1705 1846 Davidis
1727 1782 1833 1847 instar
1852 1781 1961 1847 trunci
1983 1782 2069 1847 aridi
2091 1793 2169 1861 erat,

187 1869 329 1937 ministri
352 1869 471 1947 aDeo,
494 1867 587 1949 pauci
604 1887 715 1932 eorum
732 1866 894 1933 doetrinae
912 1865 1150 1931 adhaerebunt:
1202 1864 1314 1929 nullus
1340 1865 1376 1927 in
1399 1885 1435 1928 eo
1459 1865 1559 1948 vigor,
1589 1865 1681 1930 nulla
1708 1867 1832 1949 species
1861 1865 2047 1950 apparebat.
2093 1867 2169 1933 Ideo

188 1955 266 2040 quid
292 1954 436 2019 futurum
467 1954 523 2019 ubi
554 1953 670 2019 desunt
699 1951 862 2017 ministri?
907 1953 958 2017 An
994 1952 1152 2016 miramur
1202 1970 1268 2015 non
1296 1948 1483 2014 nominatur
1510 1949 1578 2015 illic
1607 1950 1720 2016 domus
1750 1953 1848 2035 regia,
1878 1951 1937 2017 sed
1964 1951 2048 2019 lsai:
2080 1955 2169 2019 euius

188 2061 349 2109 summam
379 2037 445 2104 illie
474 2039 661 2103 caecitatem
693 2036 785 2102 esse?
829 2035 865 2103 Si
899 2036 1030 2103 exculta
1062 2045 1151 2101 terra
1202 2035 1322 2117 alioqui
1344 2055 1462 2099 nomen
1486 2033 1657 2100 obscurum
1681 2046 1761 2101 erat.
1794 2037 1938 2103 Tantum
1958 2036 2013 2103 hic
2031 2037 2169 2117 additur,

188 2148 301 2210 parum
325 2126 449 2189 fructus
470 2124 581 2200 affert,
610 2122 686 2205 quid
708 2123 748 2187 ab
770 2122 893 2188 inculta
914 2134 947 2186 et
968 2121 1071 2185 sterili
1093 2142 1150 2185 ex·
1201 2120 1244 2185 In
1266 2134 1353 2184 terra
1382 2118 1524 2184 deserta:
1555 2141 1616 2202 quc
1644 2122 1808 2205 significat
1834 2122 1992 2206 surgendi
2015 2124 2086 2188 vim
2107 2144 2168 2189 non

188 2209 396 2296 spectandum
420 2208 503 2273 erit?
543 2209 655 2290 Neque
677 2217 784 2271 tamen
807 2207 877 2272 ideo
899 2207 1075 2289 quidquam
1097 2206 1151 2272 de·
1202 2207 1269 2270 fore
1290 2207 1325 2270 in
1348 2203 1481 2271 Christo
1503 2226 1546 2269 ex
1568 2216 1673 2271 terrae
1702 2207 1855 2285 humore,
1884 2207 1969 2273 sieut
1990 2207 2025 2272 in
2048 2208 2167 2275 arbori·

188 2296 273 2365 cedit
295 2295 418 2362 Christi
440 2293 625 2377 evangelio,
655 2293 682 2358 si
708 2314 729 2356 a
749 2293 859 2375 paucis
881 2291 1048 2374 discipulis
1070 2292 1151 2357 reci·
1203 2292 1280 2356 bus:
1304 2290 1360 2355 sed
1382 2301 1511 2373 praeter
1532 2311 1736 2357 communem
1760 2302 1895 2359 naturae
1918 2291 2061 2359 modum.
2102 2292 2166 2375 Qui

190 2383 297 2466 pitur:
328 2401 389 2445 nec
410 2382 480 2443 eius
502 2379 707 2443 autoritatem
730 2378 860 2453 minuit,
889 2377 939 2443 vel
961 2378 1151 2442 immensam
1204 2377 1265 2441 hoe
1293 2376 1361 2441 loeo
1384 2375 1652 2459 philosophantur
1674 2377 1713 2443 de
1736 2378 1842 2443 Maria
1864 2378 2003 2463 virgine,
2037 2398 2168 2462 eamque

189 2468 326 2549 gloriam
348 2465 499 2530 obscurat
521 2463 721 2529 credentium
743 2463 905 2545 paucitas:
937 2464 1016 2545 quin
1046 2463 1152 2544 potius
1204 2468 1325 2526 terram
1359 2459 1520 2525 desertam
1554 2463 1661 2525 vocari
1694 2473 1825 2544 putant,
1859 2462 1945 2546 quod
1977 2483 2022 2527 ex
2052 2464 2166 2548 spiritu

190 2553 269 2618 facit
292 2549 438 2635 mysterii
460 2549 658 2629 sublimitas,
686 2558 723 2613 ut
751 2548 807 2614 vix
836 2547 931 2613 fidem
955 2549 1094 2630 reperiat
1116 2549 1150 2612 in
1204 2559 1324 2622 sancto,
1354 2558 1429 2610 non*
1444 2567 1485 2610 ex
1508 2547 1591 2611 virili
1614 2549 1738 2613 semine
1759 2549 1952 2631 conceperit,
1983 2557 2080 2614 extra
2101 2569 2165 2614 rem

190 2637 321 2703 mundo.
355 2635 434 2700 Ideo
456 2635 544 2700 enim
567 2645 616 2700 est
637 2632 786 2708 stultitia,
809 2634 961 2716 quoniam
979 2645 1153 2716 exsuperat
1202 2632 1388 2714 loquuntur.
1424 2632 1492 2697 Nec
1514 2633 1601 2697 enim
1625 2632 1664 2697 de
1688 2634 1858 2700 nativitate
1879 2632 2006 2701 Christi
2028 2633 2083 2701 hie
2104 2635 2166 2719 agi·

189 2744 302 2790 omnes
324 2722 483 2786 humanos
505 2742 628 2786 sensus.
675 2719 719 2784 Et
741 2719 860 2784 clarius
883 2719 1022 2785 secundo
1050 2740 1151 2784 mem·
1204 2722 1269 2801 tur,
1298 2718 1355 2782 sed
1378 2717 1417 2782 de
1439 2724 1508 2782 toto
1529 2738 1640 2802 regno.
1685 2717 1797 2801 Ipsum
1826 2729 1934 2784 autem
1966 2718 2075 2786 simile
2104 2719 2165 2784 iore

189 2810 247 2874 hro
268 2807 410 2873 ostendit
432 2827 559 2871 causam
582 2826 640 2871 cur
663 2813 754 2869 tauta
784 2805 985 2870 credentium
1008 2805 1152 2887 paucitas
1204 2803 1282 2868 dicit
1300 2803 1441 2888 virgulto
1464 2805 1608 2868 nascenti
1627 2825 1645 2867 e
1664 2813 1751 2869 terra
1767 2802 1867 2881 arida,
1889 2804 1974 2886 quod
1994 2805 2164 2872 adiectam

189 2896 300 2958 futura
322 2892 381 2957 sit:
415 2893 490 2972 quia
512 2912 605 2955 nemo
628 2890 692 2954 nisi
713 2890 872 2973 singulari
902 2890 1036 2972 spiritus
1058 2912 1152 2956 reve·
1203 2888 1461 2973 magnitudinem
1494 2890 1664 2971 pervenire
1694 2910 1863 2973 nunquam
1891 2909 1985 2972 posse
2011 2890 2165 2956 videatur.

190 2979 312 3043 latione
339 2976 380 3040 ad
404 2974 510 3039 Deum
541 2976 651 3039 venire
681 2985 793 3055 potest
837 2974 1014 3039 Falluntur
1043 2986 1151 3041 autem
1203 2975 1289 3039 Nam
1311 2975 1339 3039 si
1362 2983 1463 3037 totam
1486 2975 1555 3039 eius
1585 2974 1771 3039 stabiliendi
1798 2976 1958 3040 rationem
1989 2975 2165 3042 considere

191 3064 230 3145 ii,
253 3081 324 3125 meo
353 3060 487 3139 iudicio,
520 3061 575 3140 qui
605 3080 662 3141 per
690 3079 809 3123 nomen
841 3060 963 3124 brachii
985 3059 1152 3126 Christum
1204 3081 1287 3137 mus,
1309 3067 1342 3123 et
1364 3079 1501 3141 quorum
1523 3079 1622 3141 opera
1643 3061 1685 3124 sit
1708 3080 1794 3137 usus,
1818 3069 1850 3125 et
1871 3080 1969 3143 quam
1991 3061 2080 3127 levia
2100 3061 2162 3127 sua

191 3147 355 3229 designari
378 3154 502 3226 putant.
537 3145 597 3208 ilat
619 3144 705 3208 enim
723 3143 859 3209 redditio
878 3165 992 3209 causae
1009 3165 1068 3208 cur
1086 3154 1151 3210 tam
1204 3146 1272 3210 rint
1295 3144 1397 3227 initia,
1431 3153 1508 3226 quot
1529 3145 1708 3210 adversarii
1738 3144 1932 3224 obstiterint,
1964 3145 2062 3213 facile
2092 3147 2164 3211 haee

191 3232 285 3314 pauci
307 3233 453 3294 credant:
487 3231 562 3310 quia
584 3227 707 3293 scilieet
728 3228 849 3311 ingenii
877 3229 927 3292 sui
955 3231 1153 3312 perspicacia
1205 3230 1322 3310 omnia,
1346 3241 1382 3293 ut
1400 3229 1564 3311 praedicta
1585 3241 1671 3307 sunt,
1694 3232 1741 3296 ita
1762 3230 1895 3313 impleta
1917 3252 1987 3297 ease
2009 3230 2166 3315 intellige·

192 3316 225 3381 id
247 3315 373 3397 assequi
398 3335 463 3378 non
486 3319 630 3397 possunt.
673 3312 817 3379 Celebris
839 3322 890 3378 est
912 3313 965 3379 hic
987 3314 1083 3392 locus,
1107 3325 1154 3382 at·
1204 3335 1286 3379 mus.
1331 3312 1453 3395 Quales
1482 3314 1614 3380 fuerunt
1643 3317 1780 3399 apostoli
1811 3327 1848 3382 ut
1869 3325 1919 3382 tot
1940 3337 2035 3402 reges
2058 3328 2092 3383 et
2113 3337 2166 3382 na·

191 3423 254 3485 que
276 3424 295 3466 a
316 3400 463 3464 Iohanne
486 3407 519 3463 et
537 3398 641 3463 Paulo
659 3399 777 3463 citatur
795 3400 829 3463 in
847 3399 932 3465 hanc
949 3402 1151 3467 sententiam.
1205 3399 1311 3464 tiones
1351 3399 1538 3482 subigerent
1577 3400 1685 3484 gladio
1725 3400 1841 3467 verbi?
1890 3401 2012 3467 Annon
2052 3403 2165 3468 memte

193 3487 302 3568 Quum
326 3485 437 3561 multa,
461 3485 566 3566 inquit
586 3483 750 3549 Iohannes
771 3484 837 3568 (12,
859 3482 923 3569 37),
947 3484 1040 3568 signa
1062 3486 1153 3553 fecis·
1204 3486 1344 3551 exilibus
1380 3483 1532 3568 virgultis
1568 3487 1823 3569 comparantur?
1875 3485 1992 3570 Itaque
2028 3487 2166 3555 ostendit

193 3584 245 3638 set
266 3572 360 3636 Iesus
389 3590 496 3634 eoram
527 3570 589 3643 eis,
624 3590 685 3633 non
718 3569 893 3635 credebant
923 3569 959 3634 iu
992 3592 1082 3646 eum,
1117 3584 1154 3637 ut
1203 3572 1363 3654 propheta
1384 3570 1502 3652 quibua
1525 3573 1704 3637 rationibus
1727 3593 1864 3656 regnum
1887 3571 2013 3638 Christi
2034 3575 2118 3658 erigi
2137 3581 2167 3638 et

193 3676 299 3723 sermo
330 3656 434 3721 Isaiae
468 3655 645 3737 prophetae
677 3654 883 3736 impleretur,
923 3675 1020 3737 quem
1056 3657 1152 3738 dixit:
1204 3657 1341 3722 stabiliri
1362 3666 1524 3738 oporteat,
1556 3678 1597 3722 ne
1619 3657 1769 3723 humanis
1798 3657 1977 3724 rationibus
2000 3658 2040 3724 de
2062 3680 2102 3725 eo
2122 3659 2167 3723 iu·

194 3743 345 3820 Domine,
371 3740 442 3822 quis
464 3740 599 3804 credidit
620 3741 761 3804 sermoni
784 3752 902 3819 nostro,
931 3749 964 3809 et
987 3742 1153 3809 brachium
1205 3743 1357 3808 dicemus.
1402 3740 1617 3819 Deformitas,
1647 3744 1739 3807 euius
1767 3754 1877 3825 postea
1906 3743 2074 3823 meminit,
2108 3764 2168 3809 non

197 3826 328 3891 Domini
361 3825 412 3889 cui
446 3824 624 3888 revelatum
657 3827 727 3889 est?
782 3826 904 3891 Paulus
937 3847 1014 3891 vero
1046 3827 1154 3976 &Rom
1205 3828 1312 3893 solum
1331 3826 1506 3891 deChriati
1529 3848 1666 3909 persona
1687 3828 1827 3912 intelligi
1849 3828 1953 3912 debet,
1974 3830 2030 3912 qui
2050 3827 2168 3896 mundo

198 3914 246 3987 10,
272 3909 341 3995 16):
374 3911 420 3973 At
443 3930 506 3973 non
530 3929 640 3972 omnes
662 3909 817 3975 obediunt
838 3912 1023 3995 evangelio:
1072 3916 1155 3979 saias
1206 3911 1459 3995 contemptibilis
1491 3920 1525 3977 et
1554 3913 1787 3996 ignominiosae
1819 3912 1950 3979 tandem
1984 3916 2085 3981 morti
2115 3913 2168 3980 ad·

196 3999 283 4061 enim
301 3995 388 4074 dicit,
407 3994 556 4070 Domine,
575 3995 645 4075 quis
656 3995 792 4059 credidit
803 3996 1004 4062 sermonibus
1016 3999 1154 4063 uostris?
1205 3998 1367 4064 iudicatus
1397 4008 1463 4062 est:
1494 3997 1551 4063 sed
1581 3998 1621 4062 de
1649 4008 1715 4064 toto
1744 4020 1855 4084 regno,
1887 4000 1978 4066 cuius
2013 4000 2107 4067 nulla
2137 4000 2168 4063 in

195 4081 359 4148 Admonet
382 4090 515 4162 uterque
539 4079 620 4143 nihil
651 4079 768 4143 mirum
797 4080 880 4155 lore,
910 4081 938 4146 si
965 4082 998 4145 id
1029 4085 1156 4148 eveniat
1206 4084 1308 4149 oculis
1329 4084 1499 4148 hominum
1522 4083 1635 4161 forma,
1666 4084 1777 4150 nullus
1799 4085 1903 4162 decor,
1933 4085 2025 4151 nulla
2047 4087 2170 4171 magni·

196 4165 280 4251 quod
303 4164 489 4230 iamdudum
512 4163 710 4248 praedictum
733 4176 819 4229 erat:
852 4165 947 4248 idque
978 4178 1014 4232 ut
1042 4169 1157 4234 tollant
1206 4168 1339 4235 ficentia
1361 4169 1438 4233 luit:
1466 4168 1548 4232 nihil
1572 4167 1713 4252 denique
1740 4169 1855 4235 habuit
1876 4170 1961 4252 quod
1984 4172 2094 4254 speeie
2114 4190 2171 4239 aua

196 4249 407 4317 offensionem
429 4271 511 4331 quae
533 4250 609 4315 oriri
631 4258 757 4332 poterat
779 4270 820 4313 ex
849 4251 935 4317 illius
964 4253 1073 4335 populi
1102 4255 1156 4320 de·
1207 4255 1315 4320 oculos
1337 4253 1504 4319 hominum
1523 4252 1564 4318 ad
1578 4276 1613 4319 se
1628 4267 1813 4320 convertere
1831 4264 1888 4320 aut
1904 4255 2035 4323 allicere
2058 4266 2172 4340 posset.

196 4337 348 4403 sectione:
382 4334 438 4416 qui
466 4356 563 4417 quum
592 4354 766 4419 agnoscere
789 4334 956 4400 Christum
984 4337 1156 4418 debuisset,
1208 4339 1366 4420 Quamvis
1395 4340 1481 4404 euim
1505 4340 1736 4406 resurrexisset
1757 4341 1925 4407 Christus:
1959 4351 2070 4408 tamen
2100 4363 2171 4408 eum

197 4420 406 4505 pervicaciter
428 4420 458 4483 ei
480 4422 659 4486 resistebat.
693 4419 805 4502 Neque
827 4421 915 4485 enim
937 4423 987 4486 sui
1003 4426 1156 4506 temporis
1207 4425 1320 4490 Iudaei
1338 4446 1464 4508 semper
1481 4425 1672 4491 crucifixum
1688 4433 1722 4491 et
1735 4426 1982 4510 ignominiosum
1997 4426 2172 4506 duxerunt,

196 4509 344 4575 homines
367 4516 493 4569 tantum
515 4503 759 4588 comprehendit
780 4505 899 4588 Isaiae,
932 4507 988 4571 sed
1013 4520 1156 4589 posteros
1208 4521 1244 4576 ut
1265 4532 1338 4576 eum
1361 4531 1427 4575 non
1449 4511 1519 4576 sine
1541 4509 1667 4576 fastidio
1688 4522 1941 4578 contemnerent.

196 4614 307 4661 omnes
334 4611 435 4673 usque
457 4589 497 4654 ad
519 4592 616 4655 finem
645 4590 767 4656 mundi.
810 4591 894 4655 Nam
918 4593 1071 4673 quamdiu
1100 4618 1157 4662 ex·
1292 4597 1322 4662 3.
1354 4595 1535 4680 (Despectus
1556 4600 1583 4660 et
1603 4598 1756 4683 reiectus.)
1798 4596 1923 4662 Eodem
1953 4599 2099 4681 pertinet
2120 4598 2171 4664 hic

196 4678 296 4745 stabit
325 4675 448 4742 Christi
482 4696 636 4759 regnum,
669 4678 730 4742 hoc
759 4675 888 4759 impleri
921 4698 1052 4744 necesse
1084 4683 1156 4748 erit.
1208 4682 1404 4747 versiculus:
1432 4702 1546 4763 nempe
1570 4681 1723 4747 reiectum
1746 4684 1785 4746 iri
1807 4682 1978 4749 Christum
2002 4684 2042 4749 ab
2066 4685 2172 4750 hemi-

197 4763 417 4846 Quamobrem
450 4760 560 4826 fideles
592 4761 749 4827 adversus
782 4761 845 4826 tale
877 4761 1062 4828 scandalum
1095 4767 1157 4835 hoc
1207 4768 1311 4845 nibus,
1333 4767 1418 4848 quod
1441 4766 1524 4830 nihil
1546 4767 1581 4830 in
1604 4786 1640 4831 eo
1661 4776 1789 4849 praeter
1810 4766 1953 4832 dolorem
1977 4778 2009 4834 et
2035 4769 2171 4835 infirmi-

196 4847 384 4915 testimonio
419 4847 539 4912 muniri
573 4844 698 4912 debent
754 4848 824 4912 Iam
859 4866 934 4911 vcro
968 4847 1019 4912 his
1051 4852 1156 4918 verbis
1208 4862 1308 4917 tatem
1348 4865 1509 4936 appareat.
1571 4852 1662 4917 Haec
1701 4863 1808 4917 autem
1844 4852 1973 4918 Iudaeis
2013 4855 2172 4922 inculcari

196 4935 355 5000 refellitur
383 4952 495 4997 eorum
523 4930 651 4997 inscitia
673 4931 726 5014 qui
748 4932 845 4997 fidem
867 4931 899 4995 in
924 4932 1075 5015 cuiusque
1106 4957 1155 5002 ar·
1207 4938 1363 5019 oportuit,
1398 4959 1438 5001 ne
1461 4938 1574 5002 falsam
1598 4937 1637 5001 de
1660 4936 1792 5004 Christo
1822 4940 1944 5003 eteius
1972 4961 2076 5026 regno
2106 4943 2173 5023 opi·

197 5019 293 5085 bitrio
325 5039 395 5084 esse
427 5022 560 5099 putant,
600 5019 676 5099 quia
711 5018 891 5082 communis
927 5027 977 5082 est
1008 5021 1157 5088 omnibus
1207 5023 1336 5086 nionem
1360 5022 1571 5105 conciperent.
1612 5022 1696 5086 Nam
1720 5032 1757 5087 ut
1778 5032 1992 5107 cognoscatur
2014 5028 2087 5092 eius
2129 5026 2172 5091 lo·

197 5104 422 5200 praedicatio..
445 5102 517 5166 Etsi
540 5101 625 5166 euim
651 5102 729 5166 satis
759 5110 882 5167 constat
910 5124 1021 5168 omnes
1043 5104 1083 5169 ad
1106 5128 1155 5172 sa·
1207 5109 1265 5185 riu,
1284 5114 1421 5172 amorte
1439 5108 1541 5190 ipsius
1559 5107 1599 5171 ad
1615 5108 1881 5173 resurrectionem
1900 5048 2173 5193 progrediendum

196 5190 298 5253 lutem
318 5207 438 5254 vocarr:
460 5187 579 5253 diserte
597 5196 705 5253 tamen
726 5188 844 5269 excipit
863 5188 1028 5271 propheta,
1048 5212 1156 5257 vocem
1207 5200 1266 5258 est.
1311 5193 1421 5263 Multi⁸
1443 5193 1630 5278 impingunt
1662 5195 1695 5259 in
1726 5204 1839 5272 morte,
1871 5196 1966 5277 quasi
1999 5218 2038 5264 ea
2068 5200 2173 5264 vietus

197 5282 365 5340 externam
395 5293 477 5356 quae
498 5273 615 5338 invitat
637 5271 718 5337 nihil
747 5271 907 5355 prodesse,
941 5274 1004 5340 nisi
1027 5276 1157 5343 accedat
1208 5289 1305 5362 atque
1326 5280 1459 5345 obrutus
1482 5280 1540 5345 sit:
1570 5276 1626 5344 sed
1648 5280 1792 5362 potentia
1814 5280 1886 5346 eins
1907 5291 1941 5346 et
1962 5283 2118 5350 maiestas
2140 5285 2174 5351 in
