4784 5970
1018 359 1386 428 PROLEGOMIINA.

196 556 354 632 exceptus
376 549 428 627 sit,
451 546 582 630 colliges
604 567 646 611 ex
668 544 776 611 verbis
794 546 988 613 Koetteritii
1010 547 1051 612 ad
1070 545 1300 613 Marbaohium
1324 546 1353 615 d.
1374 547 1582 615 anemae.
1604 548 1687 615 1564
1710 548 1764 634 (Ν.
1780 549 1876 617 4086.
1899 548 1985 634 Opp.
2005 548 2094 617 XX.
2113 550 2207 636 274);

199 661 350 729 Getrinas
382 657 437 724 tot
468 657 594 724 acation
626 656 763 725 Eiectori
795 657 944 724 Palatino
977 658 1029 723 die
1060 658 1285 741 praelectiones
1317 661 1352 727 in
1385 661 1553 726 Iereniam
1588 661 1721 727 dedieirt
1753 662 1820 728 and
1854 662 1922 729 eine
1956 660 2084 747 loetitiae
2117 683 2208 745 prae

194 775 344 857 sationem
363 770 505 857 pestellet.

351 885 496 948 Exstant
524 883 559 947 in
586 901 698 946 museo
727 886 840 945 nestro
868 887 1008 962 quatuor
1037 879 1136 945 huius
1167 881 1275 963 operis
1304 879 1463 947 editiones
1491 889 1623 965 praeter
1644 882 1995 951 Amstelodameuoem.
2041 882 2206 967 Princeps

197 997 258 1064 hoo
281 996 378 1060 titulo
401 994 510 1059 venit:

351 1106 485 1171 Ioannis
505 1103 511 1188 Ι
530 1103 658 1169 Caluini
679 1102 684 1187 Ι
706 1103 963 1168 Praelectiones:
991 1100 997 1186 Ι
1024 1103 1059 1166 in
1084 1104 1089 1185 Ι
1111 1102 1233 1168 librum
1255 1103 1452 1186 Prophetia·
1473 1103 1478 1186 Ι
1498 1124 1572 1167 rum
1594 1104 1766 1182 Ieremiae,
1796 1113 1830 1172 et
1855 1106 1860 1192 Ι
1887 1105 2175 1172 Lamentationes.
2200 1109 2203 1190 Ι

196 1219 331 1286 Ioannis
348 1216 476 1282 Budaci
494 1223 527 1281 et
542 1214 654 1282 Caroli
672 1214 845 1279 Ionuillaei
868 1211 977 1278 labore
996 1221 1029 1278 et
1046 1213 1143 1278 indu·
1163 1213 1168 1296 Ι
1187 1212 1268 1279 stria
1286 1227 1451 1298 exceptae.
1472 1221 1476 1294 Ι
1497 1213 1583 1280 Cum
1601 1213 1728 1283 duobus
1748 1215 1920 1295 indicibus,
1943 1217 2054 1301 priore
2074 1215 2206 1301 quidem

196 1352 305 1398 rerum
328 1350 365 1395 ac
387 1327 625 1393 sententiarum
648 1327 791 1391 maxime
810 1324 816 1410 Ι
836 1325 1032 1408 insignium:
1055 1327 1236 1407 posteriore
1257 1345 1336 1390 vero
1354 1325 1500 1391 locorum
1518 1326 1631 1409 quiex
1649 1335 1763 1393 vetere
1785 1332 1818 1393 et
1836 1348 1920 1395 novo
1932 1327 2048 1395 'Pasta-
2068 1333 2073 1407 Ι
2094 1338 2206 1394 mento

196 1445 347 1518 citantur,
370 1448 404 1505 et
426 1437 640 1520 explicantur.
661 1437 666 1523 Ι
686 1435 849 1522 (Anotera
868 1455 937 1500 eam
957 1435 1121 1520 serpente).
1157 1434 1314 1502 Generae
1333 1436 1339 1517 Ι
1358 1437 1445 1519 apvd
1467 1436 1513 1502 Ie.
1537 1437 1737 1520 Crispinum.
1758 1439 1763 1522 Ι
1783 1439 1829 1505 Μ.
1844 1438 1887 1505 D.
1899 1437 2032 1505 LXIII.
2055 1437 2144 1525 (tol.)

351 1549 446 1615 Folia
467 1549 630 1614 liminaria
652 1568 719 1624 sex,
744 1548 779 1611 in
802 1546 919 1630 quibus
941 1555 1015 1629 post
1037 1545 1275 1612 dedicationem
1299 1547 1419 1633 legitur
1442 1548 1600 1630 praefatio
1624 1549 1821 1635 typographi
1844 1548 1941 1615 haec:

760 1734 901 1799 loturae
924 1732 1094 1800 Omsrnsus
1117 1756 1251 1799 unarum
1271 1757 1353 1799 rnen
1377 1734 1576 1800 Onnrsrmuo
1600 1735 1637 1802 S.

351 1873 425 1938 Etsi
446 1873 513 1937 iam
534 1872 616 1937 satis
645 1871 799 1936 admoniti
822 1871 950 1952 sacraret
973 1871 1116 1938 Lectores
1144 1890 1242 1952 qaam
1262 1871 1298 1935 in
1318 1872 1416 1938 lacem
1438 1872 1631 1953 prodierant
1659 1871 1832 1938 clarissimi
1860 1892 1897 1939 ac
1916 1873 2119 1940 ornatissimi
2141 1875 2206 1938 oiri

196 1987 332 2054 Ioannis
362 1984 487 2051 Goloini
516 1981 743 2049 Praelectiones
770 1982 914 2062 primam
946 1983 981 2046 in
1014 1982 1175 2048 amonim
1207 2001 1285 2064 qnos
1316 1982 1408 2066 calpe
1442 1983 1578 2048 minores
1607 1981 1782 2066 inoptatae
1815 1983 1992 2067 appeliant,
2025 1984 2140 2051 deinde
2170 1986 2205 2050 in

195 2097 371 2176 Danielem
401 2115 465 2177 aaa
486 2093 623 2159 methodo
644 2098 672 2158 et
692 2092 822 2172 ratione,
847 2111 869 2156 a
889 2092 1001 2175 endas
1023 2093 1118 2158 etiam
1139 2096 1281 2173 exceptae
1300 2092 1431 2176 fuerint,
1460 2097 1496 2158 at
1515 2093 1642 2176 frastra
1663 2095 1793 2160 eander
1814 2094 1895 2161 oelttt
1915 2094 2110 2162 ansteum
2130 2096 2205 2162 coci

196 2231 278 2288 nere,
301 2209 436 2289 adeoque
457 2211 560 2271 aotam
582 2224 676 2287 apere
696 2203 816 2287 ridear,
835 2204 866 2268 si
882 2223 965 2269 nnnc
985 2205 1099 2269 iterum
1114 2202 1282 2284 profeant
1302 2224 1382 2285 qaae
1400 2205 1509 2289 sosias
1527 2205 1593 2271 iilic
1609 2210 1681 2272 sant
1702 2207 1862 2289 eapeeita:
1882 2224 1945 2272 non
1961 2204 2020 2272 abs
2035 2226 2074 2272 re
2089 2211 2203 2285 tamn,

196 2323 263 2387 nisi
283 2319 388 2400 tollor,
410 2336 493 2380 nano
514 2316 640 2392 addam,
668 2313 727 2378 ias
751 2313 978 2379 Prmlectiones
1000 2315 1035 2379 in
1057 2315 1213 2381 Ieremiae
1237 2313 1426 2396 Prophetias
1448 2321 1477 2382 et
1500 2316 1752 2383 lamentationes
1773 2337 1794 2382 a
1815 2317 1935 2384 dacica
1955 2318 2027 2384 iltis
2044 2317 2203 2399 fratrias

198 2432 318 2498 Ioanne
339 2427 482 2507 Badaeo,
512 2432 540 2490 et
563 2424 673 2491 Coreto
695 2423 865 2490 Ioaoitlaeo
891 2445 954 2491 non
981 2425 1101 2491 minore
1130 2426 1303 2510 industria,
1331 2427 1393 2508 tide
1413 2431 1440 2493 et
1457 2427 1621 2511 dilipentia
1649 2447 1745 2510 qnam
1764 2429 1893 2512 priores
1920 2433 2065 2512 acceptis
2092 2421 2201 2512 samse

201 2543 290 2626 Quod
318 2541 443 2623 onmem
469 2538 566 2622 facite
586 2537 737 2602 irrdieabit
764 2537 911 2619 armenis
935 2537 1034 2618 panio
1061 2539 1210 2604 attentius
1237 2537 1363 2622 sinente
1385 2539 1541 2622 expendet.
1593 2537 1634 2604 Ut
1655 2544 1760 2605 aatern
1781 2540 2005 2606 mmdaenam
2025 2560 2126 2623 attam
2145 2547 2205 2607 ter·

197 2653 322 2719 sissimo
341 2650 414 2731 fieri
430 2654 544 2732 posset,
570 2649 716 2730 anamais
737 2647 928 2713 elaboratrnn
948 2649 991 2713 sit
1011 2668 1133 2715 arnano
1152 2649 1275 2715 stadio:
1302 2650 1384 2732 effici
1406 2655 1507 2714 tamen
1528 2669 1593 2715 non
1607 2651 1724 2732 potnit,
1746 2651 1823 2733 pain
1843 2652 1997 2719 nonnulle
2017 2654 2203 2736 acciderint,

197 2784 277 2846 onae
293 2767 367 2846 post
387 2780 535 2826 eecasam
556 2760 640 2841 typis
661 2758 786 2839 librom,
812 2779 852 2824 ea
873 2759 943 2840 ipso
964 2760 1197 2842 manuscripto
1218 2760 1394 2841 eaenplari
1420 2761 1644 2827 animaduersa
1665 2767 1693 2826 et
1713 2763 1820 2830 sedato
1841 2762 1881 2829 alr
1902 2763 2008 2830 eodem
2029 2762 2204 2831 lentiliaco

197 2874 359 2941 anecdota
378 2873 414 2937 in
430 2872 511 2937 calce
532 2871 636 2951 operis
656 2871 843 2949 notavimus,
864 2890 903 2935 ne
919 2871 998 2953 pias
1016 2871 1124 2937 Lector
1144 2891 1280 2954 mama
1300 2871 1447 2938 haereret.
1482 2873 1557 2938 Iam
1573 2892 1645 2937 cero
1662 2877 1833 2940 cotentren
1848 2872 2044 2940 Hebraicnm
2064 2875 2205 2941 irnerem

198 3007 260 3053 non
282 2985 403 3067 placuit
432 3002 528 3064 qaam
550 2981 586 3047 ob
608 2982 676 3047 alia
697 2981 796 3046 malta
824 2986 890 3046 tam
915 2983 1063 3066 manime,
1093 2983 1176 3065 qaod
1204 2982 1331 3067 titanae
1359 2983 1448 3049 illias
1471 2983 1587 3066 peritis
1614 2984 1658 3049 ad
1678 3003 1808 3050 manant
1834 3004 1900 3051 esse
1920 3002 1982 3050 non
2002 2984 2205 3053 emmeno:

197 3096 328 3178 rationis
348 3099 425 3159 certe
441 3098 592 3175 prdamas
612 3112 674 3157 reon
694 3092 742 3156 ita
762 3094 980 3159 necessariam.
1022 3093 1121 3159 Veriti
1143 3096 1238 3160 etiam
1258 3095 1369 3160 merito
1389 3114 1508 3171 samus,
1530 3115 1569 3160 nc
1590 3097 1621 3160 si
1641 3097 1752 3180 inpone
1772 3096 1916 3163 notamen
1935 3097 2058 3163 innan
2079 3100 2203 3181 moeni

198 3209 336 3276 taonem
365 3205 526 3283 coemeret
554 3204 653 3268 rimie
680 3208 817 3286 sumpta,
846 3206 1014 3287 minasque
1041 3206 1216 3272 necessarie
1243 3210 1433 3290 praoaretar
1462 3210 1587 3289 anptor.
1633 3204 1805 3288 antemm,
1834 3229 1873 3274 ne
1900 3208 1963 3274 mm
1982 3209 2205 3290 proiiaioret

197 3321 366 3397 taediosas,
395 3315 608 3383 incredibilem
629 3333 666 3379 ac
686 3314 887 3395 maltiplioem
914 3315 1012 3382 inias
1040 3316 1116 3382 iibri
1143 3316 1309 3383 ntititetem
1331 3321 1491 3400 praetereo
1520 3337 1601 3399 anae
1622 3317 1678 3383 titi
1700 3338 1739 3383 en
1760 3319 1888 3386 motione
1908 3320 2024 3387 radias
2041 3321 2203 3387 mactabit

200 3431 254 3498 Sic
275 3431 359 3496 enim
378 3429 513 3510 refertas
533 3431 578 3492 est
597 3426 686 3491 raris
707 3425 865 3492 deotrime
885 3426 1023 3493 neaera
1044 3427 1165 3510 optim,
1188 3432 1224 3493 at
1244 3449 1282 3493 ee
1303 3448 1335 3493 eo
1356 3434 1507 3511 tonaaam
1524 3449 1562 3493 ee
1579 3428 1726 3511 lomepme
1740 3449 1828 3513 pena
1848 3431 1938 3498 liceat
1958 3430 2054 3496 totins
2070 3433 2205 3515 pietatis

197 3562 354 3610 summam
374 3541 568 3623 depromere:
591 3557 627 3603 ac
641 3537 778 3618 preinde
798 3556 862 3603 non
882 3537 1013 3605 datiam
1034 3544 1078 3604 est
1099 3539 1178 3622 pain
1198 3559 1390 3622 summopere
1410 3541 1467 3605 toti
1489 3541 1632 3608 ecelesiae
1653 3539 1719 3606 Dei
1738 3542 1782 3606 sit
1800 3539 2000 3624 profednrns.
2042 3540 2203 3626 Supera,

200 3653 381 3719 Oiristiano
401 3652 519 3730 Lector,
541 3655 577 3714 nt
597 3670 687 3731 onem
709 3670 748 3714 en
768 3648 820 3715 aa
840 3652 1072 3716 commentariis
1091 3651 1231 3732 tractam
1247 3651 1414 3732 percipies,
1436 3653 1495 3717 nni
1514 3650 1584 3717 Deo
1605 3655 1761 3735 acceptam
1779 3651 1884 3735 seras:
1903 3657 1933 3719 et
1947 3653 1992 3720 D.
2013 3651 2150 3720 Oatoim
2168 3655 2208 3720 de

193 3764 265 3843 piis
287 3763 429 3828 omnibns
456 3781 551 3842 qaam
581 3762 692 3840 optione
720 3762 827 3827 merito
848 3762 921 3828 lene
944 3764 1094 3843 preceris,
1124 3763 1218 3829 donec
1239 3763 1365 3828 tandem
1386 3768 1514 3829 aetam
1541 3762 1731 3828 haereditate
1756 3762 1911 3844 potiatur.
1955 3764 2024 3832 Hoc
2043 3784 2120 3831 oeta
2141 3771 2207 3831 tam

199 3872 356 3955 sinpnlari
385 3871 530 3936 thesaaro
557 3876 668 3952 pratas
698 3872 817 3952 fraere,
849 3874 986 3955 equod
1014 3873 1073 3938 tibi
1101 3893 1140 3938 ee
1167 3874 1272 3939 animo
1301 3875 1429 3956 offertur
1457 3873 1708 3956 aequibonique
1736 3874 1871 3940 oonsaia
1917 3873 2061 3941 aeneae
2088 3876 2206 3942 decimo

202 3982 357 4049 Caeneos
378 3981 518 4063 Anpnsti
540 3979 588 4044 M.
600 3980 644 4045 D.
658 3980 801 4046 LXIII.

355 4116 534 4183 Subiioitur
556 4114 678 4179 ibidem
701 4114 843 4183 Iteratio
867 4138 929 4199 aaa
950 4119 1025 4184 solet
1044 4121 1093 4184 ati
1114 4117 1251 4186 Ioannes
1273 4118 1426 4185 Calvinae
1454 4119 1546 4184 initio
1573 4139 1709 4186 sacram
1729 4117 1997 4187 Praelectionmn:
2026 4119 2093 4188 Det
2116 4122 2206 4189 moa

200 4230 359 4299 Drmiam
379 4227 415 4290 in
435 4226 570 4291 coelestis
595 4245 672 4290 snae
698 4227 872 4307 sapientiae
899 4231 1060 4312 mysteriis
1079 4249 1150 4295 cnm
1170 4249 1241 4295 ecre
1264 4229 1394 4311 pietatis
1417 4229 1559 4310 prosecta
1586 4233 1710 4297 cesari
1731 4233 1767 4298 in
1788 4231 1925 4315 pieriam
1951 4250 2045 4298 mmm
2066 4238 2097 4300 et
2116 4233 2205 4301 aedi·

198 4342 371 4424 ficationem
392 4342 539 4401 nestram.
584 4336 696 4402 Amen.

354 4447 533 4514 Ternionea
567 4457 646 4512 sunt
678 4450 888 4531 septuaginta
920 4449 1065 4532 quinque
1097 4449 1206 4534 (a-—n;
1239 4449 1357 4529 A-Z;
1392 4449 1547 4531 Aa-Zn;
1580 4452 1779 4539 Art-nn),
1812 4453 1891 4519 folia
1922 4464 2099 4522 numerata
2128 4456 2205 4522 436.

200 4564 340 4631 Caetera
369 4567 529 4639 occupant
559 4556 682 4624 indices
711 4567 745 4624 et
770 4559 919 4643 Farrago
948 4558 1228 4625 emendandornm
1257 4560 1338 4625 eatis
1366 4559 1484 4641 ampla.
1538 4560 1580 4625 In
1611 4563 1677 4629 fine
1706 4562 1846 4648 legitur:
1884 4563 2030 4631 &ondit
2058 4565 2206 4633 Ioannes

199 4674 373 4757 Orispinus
396 4670 552 4736 Genevae
574 4691 661 4734 anno
684 4669 819 4733 Domini
841 4668 1015 4735 millesimo
1037 4671 1301 4753 quingentesimo
1323 4669 1527 4752 sexagesimo
1549 4673 1645 4737 tertio
1668 4694 1779 4740 mense
1800 4673 1896 4742 Iulio.

352 4806 406 4873 II.
436 4804 570 4871 Ioannis
590 4804 595 4889 Ι
616 4804 747 4871 Caluini
766 4804 772 4889 Ι
790 4804 1034 4870 Praelectiones
1053 4805 1058 4890 Ι
1078 4806 1111 4869 in
1131 4807 1136 4887 Ι
1155 4804 1275 4871 librum
1294 4803 1487 4885 Prophetia·
1509 4808 1514 4886 Ι
1533 4828 1605 4871 rum
1624 4807 1792 4891 Ieremiae‚
1815 4817 1848 4876 et
1867 4810 1872 4896 Ι
1892 4810 2204 4897 Demutationem}

199 4921 331 4988 Ioannis
353 4917 479 4984 Budaei
503 4924 536 4981 et
558 4914 668 4981 Caroli
691 4915 865 4980 Ionuillaei
888 4914 997 4979 labore
1018 4926 1051 4979 et
1073 4915 1235 4980 industria
1257 4925 1421 4996 exceptae.
1447 4917 1452 4998 Ι
1480 4917 1564 4981 (tum
1588 4916 1712 4984 duobus
1734 4920 1906 5000 indicibus,
1936 4921 2047 5004 priore
2070 4924 2208 5008 quidem

199 5054 310 5099 rerum
332 5051 370 5096 ao
392 5028 631 5095 sententiarum
655 5026 795 5090 maxime
818 5026 866 5089 in·
884 5027 889 5108 Ι
909 5026 1067 5108 signium:
1091 5027 1268 5106 posteriore
1290 5045 1368 5088 vero
1387 5026 1528 5091 locorum
1551 5028 1667 5108 quiex
1686 5041 1796 5097 vetere
1813 5043 1848 5097 et
1864 5052 1950 5098 novo
1965 5006 2206 5119 'Pmtamentol

199 5143 352 5220 citantur,
371 5149 404 5206 ot
421 5139 636 5222 explicantur.
657 5137 662 5221 Ι
682 5136 843 5221 (Anotera
860 5155 929 5202 eam
947 5141 1090 5216 serpente,
1113 5137 1220 5200 addite
1241 5136 1355 5218 adopto
1376 5136 1432 5202 illo
1453 5137 1623 5229 quodiam
1643 5139 1716 5204 otim
1737 5141 1989 5228 descripsimus.)
2019 5143 2206 5234 Generaet

199 5253 285 5336 apud
307 5251 521 5318 Eustathium
543 5250 687 5335 Viguon.
709 5255 713 5328 Ι
735 5249 779 5314 Μ.
793 5248 835 5314 D.
847 5245 1010 5313 LXXVI.
1034 5245 1116 5330 (tol.)
