4784 5970
192 382 257 446 413
1043 383 1194 451 CAPUT
1218 382 1345 449 LXIV.
2131 386 2198 451 414

195 571 333 636 randum
356 572 480 657 erigere
502 575 629 639 animos
655 576 771 659 potuit,
801 597 843 641 ne
865 575 898 640 iu
922 582 1049 658 patrem
1072 591 1169 636 suum
1222 591 1297 635 rum
1321 570 1462 653 asylum,
1493 570 1556 635 hoo
1579 571 1725 636 omnium
1748 572 1909 637 malorum
1933 573 2112 639 remedium
2136 587 2195 641 est.

195 655 383 722 recumbere
416 656 621 742 desinerent,
655 662 804 742 quamvis
837 660 1050 726 afflictionum
1084 656 1170 720 mole
1221 655 1338 738 Atque¹
1359 654 1433 719 ideo
1462 657 1573 722 Moses
1601 657 1722 739 aliique
1750 658 1928 740 prophetae
1957 659 2052 725 toties
2082 659 2116 724 id
2143 661 2195 726 in·

194 743 349 890 pppressi.
394 745 505 824 Atque
528 742 580 808 hio
603 744 682 809 ordo
712 745 887 830 diligenter
917 743 1081 809 notandus
1110 751 1169 806 est.
1222 740 1359 806 caleant.

227 846 280 890 am
313 836 350 891 ut
384 849 459 893 vere
493 830 610 894 animis
643 830 868 910 humiliemur,
912 829 1007 895 deiici
1041 847 1098 892 nos
1132 846 1171 892 aa
1308 826 1337 890 9.
1361 824 1477 910 (Urbes
1498 826 1697 912 εαιιοιὶιαιὶε.)
1732 826 1856 893 Iterum
1880 828 2029 894 miserias
2049 840 2198 897 recenset

195 914 355 994 prosterni
378 911 509 996 fereque
531 915 656 978 conteri
686 917 826 998 expedit.
873 914 940 980 Sed
970 914 1024 979 ubi
1056 934 1091 977 se
1114 913 1170 976 in·
1223 911 1357 977 ecclesia
1380 921 1417 975 ut
1439 910 1548 977 Deum
1572 914 1612 976 ad
1635 912 1888 978 misericordiam
1917 916 2028 978 flectat
2050 916 2196 982 veniam-

196 997 282 1080 gerit
304 996 495 1080 desperatio,
519 1000 606 1064 hano
622 1000 853 1065 consolationis
875 1000 1006 1064 arrham
1026 999 1171 1081 arripere
1223 1017 1285 1078 que
1311 996 1466 1061 obtineat.
1511 997 1618 1063 Urbes
1647 997 1682 1060 in
1709 997 1918 1063 solitudinem
1949 999 2097 1065 redactas
2126 1023 2196 1066 esse

196 1101 327 1147 necesse
356 1094 416 1166 est,
446 1104 547 1166 quum
570 1085 662 1150 Deus
692 1106 753 1150 nos
782 1086 844 1150 sibi
874 1085 907 1148 in
938 1085 1020 1148 filios
1051 1083 1171 1166 eligere
1224 1081 1316 1146 dicit:
1351 1091 1449 1162 atque
1478 1082 1739 1165 amplificationis
1767 1104 1864 1149 causa
1886 1083 2011 1148 addidit
2035 1084 2113 1151 Sion
2140 1087 2194 1152 de·

197 1168 349 1251 dignatus
371 1170 425 1248 sit,
456 1169 590 1234 salutem
614 1169 655 1232 ab
678 1190 714 1234 eo
738 1170 770 1234 in
794 1169 891 1235 rebus
914 1190 1040 1252 quoque
1062 1179 1169 1232 extre·
1223 1175 1356 1245 sertum,
1383 1168 1538 1248 quoniam
1561 1168 1654 1233 sedes
1676 1177 1747 1233 erat
1768 1169 1859 1252 regia
1880 1169 1914 1232 in
1938 1189 2003 1250 qua
2025 1171 2116 1235 Deus
2139 1191 2194 1237 vo·

195 1255 258 1318 mis
280 1254 476 1335 sperandam
505 1275 584 1320 esse.
630 1256 797 1337 Respecto
828 1275 906 1338 ergo
936 1253 1073 1336 gratuiti
1104 1253 1170 1316 loe·
1222 1251 1309 1315 lebat
1338 1253 1492 1318 invocari.
1545 1253 1648 1317 Addit
1677 1255 1776 1318 etiam
1808 1253 2031 1337 lerosolymam
2064 1256 2099 1320 in
2132 1277 2196 1339 qua

196 1338 281 1403 deris
317 1339 485 1404 israelitae
518 1361 554 1404 se
587 1339 650 1404 Dei
682 1340 767 1406 filios
801 1360 872 1406 esse
904 1339 1100 1421 praedicant,
1134 1350 1170 1401 ut
1224 1335 1304 1402 Sion
1332 1346 1416 1401 erat:
1448 1340 1603 1419 quoniam
1627 1338 1800 1403 videbatur
1827 1338 2000 1423 indignum
2030 1339 2126 1423 diripi
2155 1343 2195 1407 ab

195 1433 370 1505 paternum
394 1424 463 1488 eius
486 1425 628 1489 savorem
652 1427 875 1508 experiantur,
903 1445 945 1488 ne
967 1423 1106 1488 evanida
1127 1424 1170 1487 sit
1222 1421 1371 1486 hostibus
1400 1445 1437 1486 ao
1465 1422 1566 1487 deleri
1597 1423 1764 1488 civitatem
1794 1444 1890 1506 quam
1913 1425 2005 1490 Deus
2035 1425 2098 1490 sibi
2119 1447 2194 1492 con·

196 1509 265 1574 eius
287 1510 468 1591 promissio.
513 1510 767 1592 Comparatione
789 1511 988 1592 amplificant
1009 1508 1074 1572 Dei
1095 1529 1169 1591 gra·
1222 1517 1374 1572 sacrarat.
1408 1508 1516 1573 Urbes
1538 1509 1721 1573 sanctitatis
1744 1515 1838 1574 vocat
1860 1511 2014 1591 qnoniam
2038 1520 2075 1575 ut
2096 1532 2195 1594 popu-

197 1595 288 1670 tiam,
322 1594 377 1657 ubi
409 1594 554 1659 fatentur
586 1617 627 1659 ex
662 1596 813 1679 despecto
846 1596 914 1659 luto
947 1615 981 1660 se
1015 1592 1170 1657 formatos
1222 1592 1289 1656 lum
1313 1593 1574 1659 sanctificaverat
1597 1595 1775 1659 Dominus:
1807 1594 1851 1658 ita
1874 1595 1975 1659 etiam
1999 1595 2104 1674 urbes,
2130 1599 2196 1662 imo
2250 1618 2254 1625 ·

196 1699 277 1745 esse.
322 1679 389 1744 Nec
418 1681 505 1743 enim
536 1691 700 1762 quaerunt
729 1682 762 1745 in
786 1702 822 1745 se
848 1680 1065 1763 praestantiae
1094 1699 1168 1744 cau·
1222 1685 1326 1742 totam
1367 1680 1534 1760 regionem
1576 1679 1706 1743 volebat
1746 1678 1808 1743 sibi
1847 1691 2070 1745 consecratam
2114 1703 2196 1747 csse.

195 1784 283 1839 sam,
316 1763 373 1828 sed
403 1764 437 1827 in
467 1785 528 1829 sua
557 1767 682 1849 origine
713 1766 879 1832 celebrant
913 1764 1169 1848 misericordiam
1221 1763 1328 1828 Urbes
1355 1763 1456 1846 igitur
1478 1784 1578 1846 quum
1601 1764 1726 1829 dicatae
1748 1763 1820 1828 Deo
1849 1774 1968 1847 essent,
1999 1767 2116 1830 merito
2138 1787 2194 1832 vo·

195 1849 269 1928 Dei,
291 1850 345 1931 qui
367 1871 407 1913 ex
426 1849 563 1932 ignobili
583 1863 616 1914 et
634 1851 753 1916 foetido
775 1852 844 1916 luto
866 1852 952 1915 filios
975 1850 1035 1914 sibi
1059 1869 1170 1915 creare
1222 1861 1338 1913 eantur
1371 1849 1554 1914 sanctitatis
1588 1851 1673 1914 eius:
1708 1850 1862 1931 quoniam
1896 1853 1928 1914 in
1961 1850 2002 1914 iis
2037 1853 2196 1934 regnabat

196 1934 346 1999 voluerit.
383 1934 506 1998 Eodem
530 1937 674 2017 pertinet
696 1935 875 2001 secuudum
898 1935 1091 2010 membrum,
1115 1934 1169 1998 ubi
1223 1934 1313 1998 Deus
1346 1946 1444 2015 atque
1477 1935 1702 1999 invocabatur.
1746 1933 1870 1999 Eodem
1899 1935 1993 1999 modo
2022 1957 2196 2018 possumus

196 2028 332 2084 vocatur
359 2020 450 2084 Deus
479 2021 646 2097 formator,
681 2021 820 2104 populus
849 2032 960 2086 autem
989 2040 1072 2102 opus
1101 2041 1169 2084 ma·
1224 2018 1321 2083 hodie
1355 2020 1520 2102 appellare
1557 2019 1654 2084 urbes
1690 2021 1875 2086 sanctitatis
1909 2021 1991 2099 Dei,
2028 2040 2111 2102 quae
2144 2043 2194 2087 re·

195 2125 296 2169 nuum
317 2105 397 2183 eius,
427 2107 504 2187 quia
526 2106 586 2169 uni
608 2106 680 2170 Deo
702 2107 893 2171 adscribunt
915 2103 1070 2189 quidquid
1092 2118 1170 2170 sunt
1222 2104 1313 2168 ieotis
1346 2106 1638 2188 superstitionibus
1666 2125 1748 2188 puro
1778 2115 1811 2169 et
1838 2108 1965 2172 sincero
1994 2105 2059 2170 ritu
2086 2108 2195 2189 ipsum

196 2201 229 2255 et
256 2188 412 2273 quidquid
445 2189 582 2255 habent:
616 2211 698 2274 quae
724 2212 804 2256 vera
836 2191 967 2256 demum
1004 2191 1170 2272 gratitudo
1222 2189 1367 2256 adorant.
1538 2264 1543 2271 ¹

195 2283 255 2340 est.
309 2276 423 2357 Neque
460 2276 547 2339 enim
586 2277 775 2360 quantisper
808 2278 861 2341 vel
899 2277 1070 2341 minimum
1109 2275 1169 2339 sibi
1310 2276 1359 2340 10.
1400 2274 1538 2360 (Domus
1570 2277 1748 2342 canduerit
1779 2296 1819 2340 rto
1835 2274 1919 2424 mi)
1959 2275 2195 2342 Sanctuarium

196 2373 350 2444 arrogant
373 2361 522 2427 homines
543 2362 594 2426 ius
618 2382 713 2426 suum
736 2362 862 2426 obtinet
874 2363 975 2426 Deus.
1007 2362 1169 2443 Loquitur
1222 2360 1286 2425 alia
1316 2363 1443 2425 ratione
1467 2372 1602 2427 vocatur
1625 2362 1735 2445 populi
1766 2381 1863 2443 quam
1922 2362 1961 2427 ei.
2006 2361 2091 2426 Nam
2120 2364 2197 2445 quia

195 2456 304 2511 autem
327 2446 431 2510 Isaias
453 2467 520 2510 non
543 2456 579 2510 ut
601 2447 640 2511 de
662 2449 826 2513 communi
850 2446 1020 2512 hominum
1044 2459 1170 2526 natura,
1222 2447 1446 2511 testimonium
1477 2457 1548 2511 erat
1580 2467 1691 2512 sacrae
1721 2447 1808 2511 iuter
1839 2447 1945 2511 Deum
1976 2457 2010 2512 et
2039 2449 2195 2529 populum

196 2532 251 2596 sed
276 2532 314 2595 de
336 2533 594 2615 regeneratione,
625 2533 665 2597 ob
693 2554 790 2615 quam
821 2533 933 2597 fideles
964 2533 1170 2614 peculiariter
1220 2531 1468 2608 coniunctionis,
1492 2553 1587 2615 saepe
1611 2532 1731 2597 dicitur
1753 2541 1867 2596 sancta
1888 2533 1951 2596 Dei
1973 2534 2089 2597 domus
2111 2553 2195 2615 quae

195 2638 276 2698 opus
305 2617 368 2681 Dei
399 2627 573 2681 vocantur:
608 2619 704 2682 sicuti
733 2623 799 2681 iam
830 2620 959 2700 saepius
989 2618 1061 2682 aliis
1091 2618 1169 2682 loeis
1222 2617 1346 2681 scilieet
1378 2617 1448 2681 eius
1484 2617 1651 2681 sanctitati
1688 2617 1902 2699 respondeat:
1943 2639 2029 2683 nuno
2067 2620 2195 2700 passive

196 2702 319 2767 dictum
350 2711 408 2766 est.
460 2704 654 2784 Agnoscunt
688 2715 796 2767 autem
828 2704 880 2768 hic
911 2703 1076 2786 singulare
1106 2703 1169 2766 Dei
1222 2701 1394 2766 nominant
1416 2700 1529 2766 fideles
1550 2723 1647 2767 suum
1670 2702 1902 2779 sanctuarium,
1934 2704 2011 2783 quia
2032 2702 2109 2767 inde
2132 2704 2196 2770 illis

196 2786 402 2863 beneficium,
436 2786 521 2868 quod
544 2786 638 2852 electi
660 2800 769 2853 essent
796 2788 829 2850 in
853 2788 1023 2870 populum,
1058 2797 1170 2869 totque
1223 2786 1363 2868 petenda
1380 2796 1452 2850 erat
1469 2788 1697 2853 sanctificatio:
1721 2787 1817 2869 idque
1837 2787 1981 2868 apertius
1999 2790 2196 2853 confirmant

197 2872 351 2937 attentis
376 2872 678 2937 beneficiisornati.
1071 2898 1082 2919 ·
1223 2893 1282 2955 per
1313 2890 1425 2936 vocem
1457 2871 1589 2952 gloriae.
1640 2873 1805 2936 Fateutur
1835 2893 1870 2936 se
1899 2872 1981 2936 nihil
2011 2872 2130 2938 habere
2161 2876 2195 2939 in

281 2957 310 3021 8.
342 2954 406 3040 (Ne
429 2956 605 3040 irascaris.)
649 2959 854 3040 Deprecatur
875 2957 1017 3040 populus
1045 2957 1167 3023 acerbi·
1223 2976 1286 3039 quo
1308 2955 1490 3038 glorientur
1513 2968 1642 3039 praeter
1665 2957 1835 3039 templum,
1866 2957 1899 3020 in
1925 2977 1989 3038 quo
2012 2958 2141 3023 adorari
2163 2968 2196 3023 et

197 3052 296 3107 tatem
326 3061 522 3124 poenarum,
558 3049 591 3105 et
613 3042 755 3125 rigorem
789 3044 857 3107 irae
882 3043 959 3106 Dei:
995 3063 1061 3106 non
1085 3042 1170 3124 quod
1223 3041 1390 3106 coliDeue
1408 3041 1549 3107 volebat.
1580 3043 1626 3107 Ει
1644 3056 1755 3108 tamen
1776 3042 1924 3107 videmus
1946 3064 2043 3125 saepe
2064 3044 2195 3108 inanem

195 3129 289 3194 Deus
309 3127 445 3193 excedat
468 3125 609 3205 modum,
633 3126 690 3191 sed
709 3129 786 3208 quia
804 3127 1021 3192 obruerentur
1038 3128 1170 3192 omnino
1222 3127 1322 3191 fuisse
1345 3126 1429 3192 hanc
1458 3126 1698 3209 gloriationem,
1728 3136 1825 3210 atque
1855 3127 1928 3192 ideo
1957 3126 2153 3209 reprehendi
2177 3151 2196 3194 a

196 3213 224 3278 si
246 3233 375 3278 summo
397 3214 470 3275 iure
493 3232 566 3276 oum
589 3213 670 3293 ipsis
693 3232 789 3295 agere
813 3213 902 3277 velit.
943 3212 1069 3277 Petunt
1091 3232 1169 3295 ergo
1222 3211 1362 3275 Ieremia
1391 3210 1434 3296 (7,
1457 3212 1508 3289 4):
1535 3212 1594 3276 ·Ne
1616 3213 1786 3278 confidatis
1817 3212 1925 3277 vorbis
1956 3214 2116 3277 mendacii
2147 3215 2195 3278 di·

195 3299 434 3381 mitigationem
472 3316 666 3377 poenarum:
708 3296 979 3380 quemadmodum
1013 3298 1171 3363 Ieremias
1222 3305 1333 3362 centes
1352 3298 1526 3379 Templum
1546 3297 1689 3374 Domini,
1714 3298 1872 3380 templum
1891 3297 2035 3362 Domini.
2072 3297 2137 3362 Sed
2160 3312 2196 3363 ut

198 3383 247 3448 10.
271 3402 340 3465 cap.
369 3381 415 3467 (v.
438 3380 512 3465 24):
547 3380 681 3465 Castiga
710 3403 763 3446 me
786 3381 940 3456 Domine,
974 3382 1031 3447 sed
1061 3384 1094 3446 in
1118 3384 1168 3447 iu·
1221 3390 1431 3464 praepostera
1457 3395 1527 3446 erat
1549 3403 1659 3448 corum
1690 3384 1795 3466 gloria
1824 3384 1880 3463 qui
1903 3382 2123 3447 efferebantur
2144 3384 2195 3448 in·

196 3468 297 3534 dicio:
334 3467 394 3532 hoe
417 3476 476 3542 est,
506 3467 680 3531 moderate.
725 3466 888 3534 Indicium
912 3468 997 3531 enim
1021 3469 1089 3532 irae
1112 3489 1167 3551 op·
1221 3467 1337 3531 auibus
1356 3468 1470 3546 titulis,
1491 3478 1587 3548 atque
1607 3469 1855 3533 insolescebaut:
1878 3467 1926 3531 ita
1945 3488 2023 3530 vera
2041 3476 2074 3531 et
2092 3468 2196 3534 solida

194 3554 305 3637 ponit:
339 3564 377 3617 ut
404 3551 482 3617 alibi
511 3554 609 3616 etiam
641 3553 762 3618 dicitur
791 3574 849 3617 noe
879 3554 1037 3636 castigare
1069 3574 1169 3618 manu
1221 3573 1332 3616 eorum
1356 3562 1425 3616 erat
1451 3552 1507 3634 qui
1537 3553 1722 3617 institutum
1747 3552 1881 3617 Domini
1913 3554 2021 3615 animo
2049 3574 2195 3635 compre-

194 3639 354 3715 hominis‚
388 3639 467 3719 quia
497 3639 672 3718 potentiam
707 3659 825 3703 manus
853 3657 931 3702 suae
959 3660 1024 3701 non
1048 3640 1169 3703 exserit
1221 3635 1423 3714 hendebant,
1460 3647 1493 3702 et
1525 3638 1617 3702 verbi
1652 3638 1836 3701 testimonio
1871 3636 1946 3700 freti
1979 3636 2127 3702 sciebant
2160 3658 2196 3705 se

197 3725 238 3790 ad
261 3744 320 3789 nos
342 3720 538 3805 puniendos,
569 3743 610 3785 ne
633 3725 782 3805 protinus
804 3722 982 3791 deleamur.
1027 3723 1089 3788 Uet
1112 3745 1169 3787 au·
1221 3720 1368 3786 habitare
1397 3722 1458 3787 sub
1480 3721 1550 3787 eius
1573 3720 1697 3796 umbra,
1729 3723 1783 3804 qui
1811 3721 1872 3786 sibi
1902 3721 2063 3785 familiare
2092 3725 2195 3789 domi·

196 3819 263 3875 tem
286 3810 468 3872 notandum
502 3827 566 3870 non
598 3808 789 3890 simpliciter
819 3807 983 3889 deprecari
1013 3808 1065 3872 vel
1093 3808 1168 3873 sub·
1222 3807 1332 3871 cilium
1363 3807 1527 3872 intereos
1550 3816 1709 3871 erexerat.
1754 3807 1839 3871 Nam
1869 3816 2074 3871 exstructum
2104 3809 2194 3874 iussu

196 3895 359 3976 terfugere
382 3891 445 3955 Dei
469 3888 635 3967 iudicium,
659 3894 715 3956 sed
739 3894 783 3957 ita
806 3913 841 3956 se
863 3893 981 3956 offerre
1004 3895 1168 3976 corrigen·
1221 3893 1356 3956 Domini
1391 3892 1548 3975 templum
1582 3903 1669 3968 erat,
1705 3902 1740 3956 ut
1773 3893 1889 3956 merito
1923 3891 2055 3973 gloriari
2090 3894 2123 3957 in
2156 3917 2195 3960 eo

197 3980 270 4058 dos,
301 3998 343 4042 ne
372 3976 435 4042 sub
463 3975 601 4057 flagellis
631 3976 792 4042 deficiant.
837 3977 947 4060 Atque
978 3977 1058 4042 haec
1087 3979 1169 4042 ratio
1222 3985 1356 4058 possent
1388 3977 1520 4058 Iudaei,
1556 3977 1641 4059 quod
1676 3978 1784 4041 Deum
1820 3976 1978 4041 haberent
2010 3979 2193 4058 praesidem

197 4076 246 4130 est
269 4085 327 4130 cur
349 4061 561 4144 iniquitatum
585 4063 776 4126 memoriam
798 4061 898 4126 deleri
920 4064 1067 4145 cupiant:
1095 4065 1170 4145 quia
1221 4081 1300 4126 suae
1322 4061 1448 4127 salutis.
1494 4061 1581 4141 Quia
1603 4083 1681 4127 vero
1710 4074 1788 4128 tunc
1815 4073 1994 4143 corruptus
2018 4074 2115 4145 atque
2137 4066 2193 4129 ad·

197 4151 260 4214 uisi
282 4149 461 4214 clementer
482 4145 629 4229 ignoscat
644 4147 734 4212 Deus
755 4146 863 4212 nullus
880 4149 943 4212 erit
960 4149 1045 4212 finis.
1077 4147 1168 4212 Idem
1222 4147 1381 4210 alteratus
1404 4148 1510 4210 lucrat
1532 4146 1638 4212 cultus
1662 4148 1733 4222 Dei,
1761 4167 1937 4229 omnesque
1960 4148 2194 4229 propemodum

196 4235 316 4318 repetit
344 4233 504 4316 propheta
538 4230 625 4313 quod
657 4232 755 4313 paulo
784 4243 861 4297 ante
890 4233 1030 4311 dixerat,
1064 4253 1169 4315 genus
1222 4231 1262 4296 ad
1285 4233 1549 4312 superstitionem
1580 4242 1612 4295 et
1633 4233 1833 4315 impietatem
1864 4232 2087 4313 desciverant,
2121 4234 2195 4300 ideo

197 4320 352 4385 Abrahae
375 4318 532 4382 divinitus
554 4316 655 4381 fuisse
677 4317 828 4397 electum,
851 4319 926 4399 quia
944 4318 1169 4400 impetrandae
1220 4315 1340 4400 prioris
1362 4317 1492 4391 saeculi,
1525 4339 1590 4380 non
1613 4318 1794 4399 praesentis
1817 4317 2016 4382 mentionem
2039 4319 2125 4394 lacit,
2156 4339 2194 4386 ao

198 4407 315 4470 veniae
337 4404 416 4467 haee
438 4405 563 4485 optima
585 4412 657 4465 erat
676 4401 808 4482 fiducia,
835 4401 958 4480 Deum,
989 4405 1045 4484 qui
1069 4424 1169 4467 verax
1221 4403 1248 4466 si
1272 4400 1409 4466 diceret:
1445 4403 1588 4467 Tametsi
1612 4424 1685 4466 eum
1710 4423 1805 4485 quem
1830 4401 1966 4468 decebat
1988 4402 2110 4467 cultum
2136 4425 2195 4470 nos

197 4501 247 4557 est
264 4490 298 4555 in
319 4491 386 4554 suis
404 4488 581 4571 promissis,
606 4508 670 4551 non
692 4507 785 4570 posse
807 4487 945 4551 abiicere
967 4508 1046 4569 quos
1068 4488 1168 4552 semel
1221 4487 1281 4550 tibi
1309 4506 1374 4549 nou
1405 4487 1628 4564 exhibuimus,
1663 4499 1772 4551 tamen
1801 4487 1862 4553 hoc
1893 4488 2049 4569 templum
2081 4501 2130 4553 est
2158 4490 2193 4554 in

197 4577 351 4660 elegerat.
399 4572 511 4638 Omnes
539 4572 675 4636 dicendo
706 4593 771 4637 non
794 4571 938 4653 loquitur
961 4572 1000 4635 de
1022 4573 1167 4655 singulis,
1221 4591 1284 4654 quo
1308 4582 1339 4635 te
1363 4584 1471 4653 patres
1500 4592 1580 4653 pure
1602 4572 1788 4637 coluerunt:
1822 4595 1863 4638 an
1891 4573 2054 4654 profanari
2083 4573 2193 4656 ipsum

197 4670 335 4725 utente
358 4657 528 4739 admonui,
559 4657 615 4721 sed
639 4667 743 4722 totum
767 4677 883 4738 corpus
906 4657 1059 4722 ecclesiae
1082 4678 1167 4722 com·
1220 4658 1308 4722 sines
1336 4676 1374 4719 ao
1403 4656 1529 4722 deleri?
1564 4656 1687 4721 Annon
1709 4658 1743 4721 in
1768 4672 1799 4723 te
1822 4658 1902 4723 haec
1932 4658 2113 4741 ignominia
2142 4680 2192 4724 re-

198 4743 380 4831 prehendit.
426 4743 497 4808 Etei
520 4760 628 4807 autem
660 4744 763 4807 maior
792 4763 867 4826 pars
897 4742 998 4824 impia
1028 4762 1086 4806 sua
1114 4742 1167 4806 de·
1220 4742 1316 4820 oidet,
1339 4761 1439 4823 quum
1464 4742 1504 4805 ad
1527 4742 1649 4807 cultum
1674 4742 1815 4808 nominis
1838 4745 1888 4807 tui
1910 4743 2095 4825 pertineat?
2130 4745 2192 4809 Ua·

197 4832 337 4898 factione
359 4827 540 4906 exciderat,
569 4848 683 4892 verum
707 4836 818 4892 tamen
842 4826 902 4892 hoc
924 4827 1000 4903 fuit,
1032 4827 1169 4892 Iudaeos
1220 4835 1295 4893 cent
1316 4826 1370 4893 hic
1393 4827 1505 4892 Iudaei
1528 4826 1567 4891 de
1590 4847 1648 4891 sue
1672 4830 1753 4903 vita,
1785 4850 1845 4894 nec
1867 4828 2091 4892 excusationes
2114 4830 2191 4893 affe·

198 4916 397 4999 peculiarem
431 4934 502 4978 esse
532 4911 596 4976 Dei
627 4912 791 4996 populum.
844 4912 887 4976 Ut
918 4912 998 4978 haec
1028 4914 1169 4994 precatio
1221 4917 1317 4992 runt,
1351 4914 1459 4994 potius
1492 4914 1638 4977 fatentur
1670 4914 1815 4995 eulpam:
1850 4914 1907 4978 scd
1937 4913 2093 4978 obiiciunt
2121 4915 2194 4981 Deo

198 5022 264 5065 non
282 5001 464 5083 promiscue
486 4997 691 5081 quibuslibet,
714 4996 771 5063 sed
790 4997 929 5063 residuis
948 5006 1073 5062 tantum
1091 4999 1169 5063 filiis
1221 4998 1346 5063 cultum
1370 4999 1481 5080 ipsius,
1505 5008 1540 5062 ut
1563 5019 1688 5063 memor
1710 5001 1753 5063 sit
1774 4999 1928 5079 foederis,
1950 5019 2011 5064 neo
2033 5000 2193 5081 promissa

198 5086 262 5150 Dei
284 5087 405 5150 dietata
427 5084 499 5148 fuit.
547 5083 619 5146 Non
642 5081 783 5148 obiectat
805 5093 913 5148 autem
939 5082 1075 5165 populus
1097 5084 1169 5148 Deo
1221 5103 1281 5148 sua
1304 5083 1396 5147 irrita
1417 5104 1486 5147 esse
1506 5084 1655 5165 patiatur.
1687 5084 1782 5165 Quod
1801 5085 1988 5166 exemplum
2011 5086 2074 5166 piis
2091 5088 2194 5150 omni-

198 5193 258 5238 sua
279 5169 407 5247 merita,
435 5168 492 5234 sed
514 5169 661 5250 confugit
682 5167 723 5231 ad
744 5171 924 5253 gratuitum
955 5169 1077 5244 foedus,
1106 5189 1170 5251 quo
1222 5168 1282 5232 bus
1312 5167 1506 5231 imitandum
1529 5181 1587 5234 est.
1633 5169 1806 5235 Laudaudi
1831 5168 1965 5235 verbum
1994 5191 2053 5251 pro
2079 5179 2192 5254 gratu·

198 5257 343 5338 adoptati
371 5258 476 5319 erant.
520 5254 593 5319 Hoc
616 5252 704 5317 enim
735 5264 858 5319 certum
882 5264 914 5319 et
938 5254 1070 5318 unicum
1100 5255 1169 5335 pio·
1223 5251 1342 5316 latione
1364 5253 1538 5335 accipitur:
1567 5276 1604 5320 aa
1626 5256 1653 5319 si
1677 5255 1807 5336 diceret,
1830 5257 1864 5319 in
1887 5275 1926 5320 eo
1950 5254 2078 5338 templo,
2101 5257 2193 5321 cuius
