4784 5970
108 365 170 430 673
825 360 874 427 IN
896 361 1146 429 lultutssutt.
1191 361 1290 430 OAP.
1313 361 1391 428 VII.
2046 364 2111 431 674

108 561 291 640 exponunt,
324 551 424 617 verba
456 571 527 616 esee
558 549 733 631 mendacii,
766 570 866 633 quum
901 551 1014 617 dicunt
1046 573 1081 617 se
1132 551 1240 616 Deum
1270 551 1339 616 fors
1361 551 1536 635 propitium
1559 549 1699 628 Iudaeis,
1730 571 1829 633 quam
1852 554 1881 616 si
1902 553 1972 619 rita
1993 573 2107 620 eorum

109 643 223 707 venire
255 640 295 705 ad
330 636 504 721 templum:
547 645 580 702 et
618 639 664 699 ita
705 636 827 720 aliquid
861 635 1080 719 supplendum
1134 656 1244 702 reram
1265 636 1498 719 poenitentiam
1520 648 1668 703 testetur.
1713 649 1761 704 nt<
1779 651 1810 706 '2
1831 637 2006 722 aliquando
2028 661 2107 706 oon·

108 739 202 804 esset,
231 723 326 806 Quod
349 725 483 787 veniant
505 722 577 806 ipsi.
622 722 706 786 Nam
731 742 909 804 pronomen
933 723 1080 787 demons-
1130 721 1269 788 iunctim
1299 723 1463 807 accipiunt
1492 721 1635 788 Hebraei
1665 742 1724 805 pro
1758 722 1828 802 sed,
1864 744 1995 791 verum:
2030 726 2107 792 alibi

108 814 264 878 trativum
299 819 347 875 eat
376 808 512 892 pluralis
541 808 686 872 numeri:
719 807 791 872 ideo
820 808 1012 892 intelligunt
1040 806 1081 873 de
1132 809 1231 873 etiam
1259 808 1390 891 saepius
1419 808 1575 892 leguntur
1603 808 1664 872 hae
1693 807 1778 874 dnae
1805 829 1901 877 voces
1929 821 2107 894 separatae,

109 898 245 982 populo:
268 917 334 960 non
356 894 440 977 quod
465 894 576 959 ludaei
599 914 634 960 se
652 893 811 976 templum
830 892 895 958 Dei
913 905 1080 976 vocarent,
1132 892 1405 976 quemadmodum
1435 894 1502 958 iam
1532 894 1675 959 vidimus
1702 895 1846 960 secundo
1867 896 1982 979 capite,
2012 896 2051 963 Si
2073 907 2107 963 te

108 987 165 1050 sed
198 985 274 1066 quia
303 982 462 1046 lactarent
494 1002 528 1045 se
558 980 679 1045 venire·
698 978 739 1043 ad
766 979 923 1062 templum
953 993 986 1043 et
1015 980 1081 1044 illio
1132 979 1252 1045 laveris
1281 981 1383 1044 nitro:
1414 994 1446 1043 et
1474 979 1613 1062 augendi
1641 1001 1740 1045 causa
1768 1001 1866 1063 saepe
1894 983 2029 1066 ponitur
2050 981 2107 1048 illa

108 1072 215 1136 Deum
249 1069 363 1134 colere.
412 1066 485 1149 Ego
518 1076 625 1130 autem
660 1067 766 1147 potius
799 1064 871 1130 aliis
904 1064 1080 1144 subscribo,
1133 1065 1300 1146 particula,
1329 1077 1424 1143 certe,
1455 1067 1593 1130 etiamsi.
1639 1062 1706 1131 Sed
1734 1065 1795 1131 hoo
1821 1066 1892 1132 loco
1914 1068 2107 1151 simpliciter

107 1157 162 1240 qni
184 1155 245 1220 hoc
266 1163 437 1238 exponunt
459 1150 498 1216 de
525 1152 628 1217 tribus
657 1150 810 1215 membris
841 1150 963 1233 templi.
1009 1149 1080 1217 Soi-
1132 1150 1289 1234 intelligit
1321 1150 1496 1234 propheta,
1528 1150 1597 1217 salli
1625 1149 1779 1229 Iudaeos,
1814 1154 1968 1235 quoniam
2001 1153 2106 1219 velint

107 1263 180 1307 mus
210 1242 298 1306 enim
327 1238 429 1304 tuisse
458 1237 594 1303 atrium:
628 1236 746 1301 deinde
773 1236 874 1303 fuisse
904 1236 1079 1319 templum:
1132 1236 1298 1318 imponere
1320 1237 1392 1300 Deo
1419 1237 1523 1321 legem
1546 1257 1605 1319 pro
1628 1257 1688 1302 sua
1709 1237 1853 1318 libidine,
1883 1260 1983 1322 quum
2007 1260 2106 1323 panes

10 1320 16 1329 ’
107 1339 271 1411 postremo
293 1325 394 1390 tuisse
416 1323 552 1406 adytum
575 1321 656 1386 illud
674 1320 821 1400 interius,
847 1342 965 1404 nempe
988 1343 1080 1387 sanc·
1132 1321 1305 1387 arbitrium
1334 1323 1405 1388 eius
1430 1323 1472 1387 sit
1501 1324 1552 1388 vel
1583 1323 1721 1405 probare
1751 1323 1804 1388 vel
1834 1325 1968 1390 reiicere
1991 1346 2105 1390 eorum
2219 1403 2222 1409 Ι

107 1426 176 1478 tum
214 1420 417 1492 repeterem,
452 1408 506 1473 ubi
537 1417 608 1472 erat
636 1427 712 1472 arca
739 1407 888 1473 foederis.
939 1406 1081 1490 Saepius
1132 1427 1239 1490 opera.
1273 1409 1319 1474 Et
1340 1428 1456 1474 sensus
1477 1407 1532 1475 hio
1553 1409 1765 1474 confirmatur
1788 1430 1830 1472 ex
1851 1409 1994 1476 mcunda
2012 1419 2106 1493 parte

108 1510 224 1565 vocant
247 1496 426 1582 prophetae
454 1493 613 1575 templum
642 1492 870 1575 singulariter:
900 1491 957 1558 sed
980 1515 1080 1577 quum
1133 1514 1258 1559 versus.
1303 1494 1418 1577 Neque
1438 1495 1526 1559 enim
1548 1494 1616 1559 illic
1638 1495 1759 1578 legitur
1780 1507 1829 1562 nt<
1847 1509 1877 1562 ’3
1897 1495 1953 1563 sed
1981 1508 2038 1573 titt,
2068 1495 2105 1562 si

106 1584 257 1651 distincte
266 1584 445 1666 loquuntur
459 1580 499 1645 da
510 1579 616 1645 forma
626 1579 749 1662 templi,
764 1587 940 1645 numerant
949 1582 1080 1663 atrium,
1130 1579 1273 1660 faciendo
1310 1579 1446 1661 feceritis
1484 1579 1655 1645 iudicium:
1696 1579 1813 1647 deinde
1848 1603 1914 1648 uno
1950 1593 2104 1648 contextu

107 1661 381 1754 quemadmodum
416 1666 499 1742 dixi,
540 1666 595 1729 ubi
634 1664 759 1729 solebat
791 1665 930 1747 populus
962 1666 1080 1730 offerre
1132 1664 1290 1749 adiungit,
1320 1666 1350 1729 si
1377 1684 1441 1731 reor
1470 1666 1688 1748 oppresseritis
1706 1671 1919 1752 perepriaam,
1943 1668 2104 1748 cupidum

106 1756 277 1823 sacrificia:
301 1752 417 1817 deinde
439 1761 596 1828 sanctum,
620 1750 706 1833 quod
728 1750 997 1833 ingrediebantur
1019 1751 1080 1817 soli
1131 1755 1159 1816 et
1191 1751 1339 1816 viduum:
1372 1750 1503 1816 tandem
1532 1751 1691 1835 adiungit,
1724 1752 1864 1820 hectore
1900 1755 2030 1835 ponitur
2051 1754 2105 1820 hic

105 1842 302 1909 sacerdotes:
325 1847 488 1921 postremo
511 1836 657 1920 adytum,
679 1856 762 1919 qnae
785 1857 861 1918 pars
883 1847 952 1901 erat
974 1836 1081 1920 magis
1131 1836 1256 1918 copula,
1287 1837 1397 1916 fateor,
1428 1836 1484 1901 sed
1514 1839 1585 1902 vice
1614 1836 1772 1925 adverbii)
1794 1844 1867 1906 taric
1949 1839 2029 1905 itere
2050 1859 2104 1905 vos

106 1926 303 1999 abscondita,
321 1936 355 1989 et
373 1934 487 1987 vocata
504 1922 565 1986 luit
582 1932 731 1987 sanctum
751 1934 945 1988 sanctorum.
979 1923 1079 1987 Vide·
1129 1922 1256 2004 faciem.
1301 1920 1439 1988 Summa
1468 1933 1527 2001 est,
1558 1925 1717 1989 sacrificia
1745 1945 1853 1991 coram
1880 1923 1953 1989 Deo
1980 1923 2104 1991 nullius

107 2026 162 2078 tur
180 2034 256 2096 ergo
276 2012 322 2076 sic
340 2006 574 2091 intelligendus
592 2028 662 2072 esse
681 2007 771 2071 locus
790 2008 976 2091 prophetae,
994 2008 1078 2091 quod
1131 2008 1290 2072 momenti
1319 2009 1373 2073 vel
1403 2010 1499 2090 pretii
1530 2029 1617 2088 esse,
1651 2009 1713 2074 nisi
1748 2011 1806 2092 qui
1833 2012 1974 2076 offerunt
2003 2011 2102 2076 simul

106 2099 242 2182 populus
266 2097 386 2161 diceret
414 2104 446 2159 et
474 2094 602 2171 atrium,
632 2104 667 2156 et
695 2093 853 2175 templum
882 2103 915 2159 et
941 2095 1080 2160 interius
1132 2095 1229 2157 etiam
1260 2114 1295 2158 se
1323 2105 1410 2159 totos
1438 2107 1629 2161 consecrent
1650 2092 1722 2158 Deo
1748 2117 1830 2178 puro
1852 2095 1959 2162 cordo.
2003 2096 2103 2160 Vole-

106 2184 186 2250 illud
209 2182 345 2267 adytum
369 2202 438 2245 esso
468 2178 590 2261 templa
612 2177 684 2250 Dei,
714 2180 806 2260 quasi
834 2180 995 2245 habe'rent
1024 2182 1080 2245 tri·
1131 2180 1210 2244 bant
1224 2178 1338 2244 ludaei
1360 2179 1564 2266 adstringere
1580 2180 1688 2246 Deum
1710 2183 1780 2245 suis
1796 2181 1938 2266 legibus:
1961 2181 2105 2246 ostendit

106 2270 183 2355 plex
203 2268 372 2351 templum.
419 2264 484 2332 Sed
508 2264 686 2329 notandum
717 2274 767 2328 est
794 2266 971 2348 prophetae
1001 2286 1079 2332 eon·
1132 2285 1167 2327 se
1197 2266 1244 2336 ita
1270 2286 1440 2348 perperam
1469 2267 1540 2350 cogi
1569 2267 1603 2330 in
1629 2265 1788 2331 ordinem.
1832 2268 1981 2351 Apponit
2002 2268 2107 2351 igitur

105 2357 214 2421 silium
237 2352 323 2436 quod
346 2352 535 2434 relinquunt
560 2351 764 2430 interpretes.
809 2350 940 2416 Insistit
969 2363 1079 2418 autem
1131 2349 1196 2415 illis
1229 2349 1464 2416 conditionem:
1496 2352 1587 2435 quasi
1618 2349 1754 2430 diceret,
1789 2353 1900 2419 Meum
1931 2362 1982 2418 ost
2010 2352 2106 2418 robis

106 2441 264 2526 propheta
285 2440 318 2503 in
344 2440 404 2504 hac
426 2436 616 2519 repetitione
639 2437 812 2519 praecipue
834 2437 987 2518 quoniam
1010 2449 1080 2504 erat
1131 2436 1352 2519 praescribere
1392 2435 1470 2520 quid
1509 2447 1635 2503 rectum
1675 2440 1727 2502 sit.
1787 2439 1966 2505 Facessant
2004 2438 2106 2522 igitur

105 2527 264 2610 templum
297 2526 389 2607 quasi
420 2522 540 2607 triplex
571 2521 711 2585 munitio
742 2521 936 2604 hypocritis:
966 2545 1078 2604 quem·
1132 2522 1364 2602 caeremoniae,
1392 2523 1509 2605 quibus
1538 2523 1662 2606 putatis
1684 2523 1809 2606 expiari
1832 2535 1964 2607 peccata
1986 2536 2105 2600 vestra,

105 2612 280 2678 admodum
303 2611 332 2674 si
354 2610 433 2673 urbs
455 2629 520 2672 non
536 2617 673 2670 ‘tantum
696 2607 801 2672 cincta
822 2608 866 2671 sit
887 2629 953 2673 uno
974 2631 1079 2687 muro,
1131 2607 1281 2690 quoniam
1305 2628 1360 2672 eas
1382 2607 1465 2672 nihil
1488 2630 1606 2691 moror,
1627 2629 1665 2675 ao
1686 2628 1747 2691 pro
1767 2610 1869 2676 nihilo
1888 2611 1981 2675 duco.
2015 2608 2104 2690 Quid

105 2700 161 2763 sed
185 2697 325 2780 triplici:
356 2692 473 2759 deinde
503 2692 599 2757 simul
630 2691 748 2755 habeat
778 2704 844 2757 tres
873 2693 976 2759 fossas
1005 2716 1080 2760 con·
1131 2713 1209 2774 ergo
1248 2692 1423 2776 superest?
1469 2714 1558 2759 nunc
1591 2694 1752 2760 ostendit:
1796 2695 1834 2760 Si
1869 2696 2105 2776 composteeritia

105 2785 242 2856 iunctas,
278 2782 408 2844 videtur
441 2799 512 2843 osse
542 2776 817 2859 inexpugnabilis.
860 2777 970 2859 Quum
1001 2802 1079 2865 ergo
1130 2778 1228 2842 vitem
1254 2783 1389 2843 cestrum
1418 2780 1461 2845 cti
1489 2781 1711 2862 restiterim,
1742 2781 1859 2864 inquit,
1887 2786 1959 2846 terte
1983 2779 2103 2845 habito

105 2877 307 2953 opponerent
329 2865 441 2932 Iudaei
470 2863 639 2944 templum,
669 2862 755 2945 quod
776 2864 947 2929 constabat
976 2866 1079 2932 tribus
1130 2863 1204 2928 bitis
1232 2863 1268 2928 ire
1294 2864 1358 2930 loco
1385 2864 1448 2930 boc.
1492 2865 1577 2930 Nam
1605 2865 1676 2931 heri
1698 2866 1848 2933 hortatus
1871 2876 1921 2931 est
1942 2866 2104 2949 propheta

105 2956 171 3021 illis
193 2952 355 3029 membris,
385 2948 519 3034 perinde
542 2959 591 3012 est
613 2969 651 3013 ac
673 2949 700 3011 si
724 2948 901 3014 obiicerent
919 2951 1080 3033 triplicem
1132 2949 1288 3032 populum
1310 2949 1351 3014 ad
1373 2952 1635 3017 conversionem:
1659 2963 1691 3015 et
1707 2972 1784 3018 usus
1799 2961 1849 3017 est
1864 2949 1977 3017 eodem
1994 2951 2103 3032 verbo,

105 3062 251 3117 murum,
279 3051 313 3103 et
342 3036 502 3119 triplicem
535 3036 653 3099 fossam
682 3033 746 3098 Dei
774 3034 918 3101 indiciis:
948 3035 989 3114 Ο,
1021 3058 1079 3103 nos
1131 3034 1217 3118 quod
1240 3056 1329 3100 nnnc
1351 3038 1479 3119 repetit.
1512 3036 1649 3102 lubebat
1665 3059 1744 3122 orgo
1761 3037 1916 3122 populum
1934 3038 1974 3102 ad
1993 3035 2103 3103 Deum

105 3146 219 3193 snmus
240 3125 368 3189 invicti:
392 3121 553 3205 quomodo
574 3129 786 3202 penetrarent
806 3122 915 3186 hostes
932 3124 972 3186 ad
995 3123 1078 3188 nos?
1132 3120 1285 3186 accedere
1322 3131 1410 3185 recto
1441 3136 1473 3187 et
1506 3143 1588 3205 puro
1621 3124 1747 3188 animo:
1788 3133 1899 3207 postea
1932 3121 2103 3189 addiderat

105 3211 264 3296 quomodo
296 3209 363 3274 ulla
391 3207 499 3272 clades
531 3226 591 3271 nos
621 3205 822 3289 attingeret?
867 3205 960 3272 Deus
989 3210 1078 3274 enim
1103 3220 1106 3309 p
1131 3206 1267 3271 alteram
1296 3208 1505 3288 sententiam,
1534 3209 1583 3273 Ne
1611 3210 1738 3292 ponatis
1768 3211 1862 3276 vobis
1883 3209 2038 3275 fiduciam
2060 3209 2102 3274 ad

105 3296 287 3362 habitatin
310 3294 416 3359 medio
437 3293 551 3371 nostri,
580 3303 613 3356 et
640 3290 693 3356 hic
723 3291 822 3357 habet
848 3312 945 3358 suum
974 3293 1077 3359 domi·
1102 3318 1106 3349 ι
1131 3294 1230 3357 verba
1262 3291 1438 3374 mendacii,
1473 3293 1624 3360 dicendo:
1659 3295 1831 3378 Templum
1861 3294 2010 3371 Domini,
2039 3301 2099 3360 etc.

105 3383 226 3462 cilium,
259 3402 364 3463 neque
398 3378 431 3444 id
460 3397 561 3443 unum
589 3384 623 3442 et
649 3377 790 3459 simplex
821 3378 989 3460 palatium,
1022 3381 1077 3447 sed
1102 3378 1105 3401 ³
1129 3377 1201 3442 Iam
1231 3379 1349 3443 iterum
1378 3380 1496 3462 repetit
1525 3380 1608 3462 quod
1636 3381 1773 3455 dixerat,
1804 3380 1851 3457 Si,
1878 3379 1940 3458 vel,
1970 3379 2102 3460 quodsi

105 3470 204 3536 habet
235 3467 376 3550 triplicia
405 3462 535 3547 palatia,
565 3462 665 3528 habet
692 3482 789 3528 snum
818 3463 949 3546 atrium,
979 3466 1078 3532 habet
1126 3465 1264 3546 feceritis
1295 3464 1394 3528 borres
1424 3467 1495 3529 cies
1521 3470 1650 3531 cestrae.
1701 3465 1856 3530 Ostendit
1885 3465 2004 3530 clarius
2033 3485 2100 3529 non

104 3575 202 3620 sunm
229 3553 396 3636 templum,
425 3548 524 3614 habet
551 3559 700 3614 sanctum
729 3557 928 3616 sanctorum.
973 3552 1077 3618 Tene·
1129 3550 1199 3614 fieri
1222 3549 1340 3633 populo
1361 3550 1526 3625 iniuriam,
1550 3571 1651 3632 quum
1669 3550 1760 3616 Deus
1782 3550 1932 3633 repudiat
1954 3552 2099 3632 ipsorum

104 3661 180 3705 mne
201 3660 279 3722 ergo
301 3657 388 3703 nuno
410 3656 468 3701 cur
490 3634 648 3717 propheta
670 3654 747 3697 usus
769 3633 869 3698 fuerit
895 3635 956 3702 hac
986 3659 1076 3721 repe·
1128 3636 1354 3712 caeremoniae,
1378 3636 1454 3718 quia
1476 3636 1579 3720 exigit
1601 3657 1719 3719 purum
1741 3657 1813 3702 cor:
1840 3648 1872 3699 et
1894 3637 1966 3700 sine
1988 3636 2098 3718 poeni·

105 3727 232 3807 titione,
255 3737 289 3789 et
310 3722 406 3787 simul
429 3722 525 3784 etiam
548 3719 665 3803 plurali
689 3739 833 3784 numero.
1128 3721 1232 3785 tentia
1254 3721 1381 3784 externi
1404 3721 1487 3786 ritus
1510 3723 1576 3786 sint
1597 3721 1684 3798 vani,
1714 3731 1747 3786 et
1768 3720 1911 3786 inutiles.
1955 3721 2029 3786 Hoc
2050 3731 2100 3786 est

1128 3807 1229 3889 igitur
1245 3807 1415 3871 consilium
1437 3807 1631 3889 prophetae:
1656 3806 1692 3874 Si
1708 3807 1838 3873 videtur
1854 3808 1945 3871 Deus
1960 3805 2098 3871 nimium

189 3895 218 3960 5.
245 3894 329 3961 Oerte
360 3893 390 3957 si
419 3890 515 3955 bocar
543 3889 688 3971 faciendo
716 3889 813 3954 bouus
839 3892 976 3971 feceritis
1004 3894 1075 3959 cias
1127 3891 1252 3955 duriter
1269 3911 1367 3974 agere
1385 3892 1561 3972 vobiscum,
1580 3894 1742 3975 promittit
1760 3915 1795 3958 se
1809 3893 1879 3957 fore
1895 3893 1986 3957 vobis
2001 3893 2098 3956 hene·

103 3986 223 4047 cestros
250 3976 468 4064 (bonificando
497 3975 761 4057 bonificaveritis,
792 3975 831 4038 ad
864 3978 1016 4058 verbum,
1045 3981 1074 4043 si
1127 3977 1247 4056 volum,
1269 3976 1323 4041 nbi
1348 3978 1448 4042 vitam
1466 3987 1608 4043 vestram
1628 3979 1874 4062 composueritis
1889 3977 1930 4043 ad
1946 3976 2098 4043 obedien·

102 4068 149 4132 ita
171 4075 299 4131 vertere
318 4063 450 4146 liceret),
473 4061 579 4127 studio
597 4064 716 4125 ambe:
737 4061 768 4125 ei
782 4061 927 4143 femendo
938 4064 1075 4146 feceritis
1127 4063 1207 4127 tiam
1236 4063 1331 4147 legis:
1363 4084 1405 4127 an
1436 4063 1497 4130 hoc
1527 4065 1674 4147 iniquum
1700 4063 1770 4129 est?
1821 4061 1988 4141 Conditio,
2016 4084 2100 4147 quae

101 4153 256 4220 iudicium
276 4152 358 4215 inter
377 4150 483 4213 cirum
504 4152 532 4211 et
552 4147 634 4211 irtter
649 4146 832 4226 proximum
853 4149 936 4214 eires:
1127 4150 1218 4214 vobis
1251 4169 1269 4212 a
1303 4150 1374 4213 Deo
1410 4149 1527 4226 fertur,
1559 4160 1709 4233 potestne
1743 4150 1886 4215 subiecta
1919 4170 1990 4215 esse
2023 4150 2099 4215 ullis

187 4240 217 4303 6.
242 4237 456 4320 Pereprinem,
480 4232 643 4315 pupillum
671 4232 848 4296 evideant
866 4255 928 4299 rccrr
949 4255 1074 4316 oppres·
1127 4234 1312 4309 calumniis,
1341 4236 1433 4316 quasi
1461 4234 1552 4300 Deus
1582 4256 1640 4300 vos
1668 4236 1892 4300 inhumaniter
1920 4234 2098 4300 tractaret?

101 4325 216 4404 seritis,
246 4328 272 4388 et
297 4320 482 4405 sanquinem
504 4318 670 4383 incoctum
690 4337 752 4384 non
773 4319 944 4399 effuderitis
964 4323 1000 4384 irc
1021 4322 1075 4387 boc
1126 4319 1200 4384 Hoc
1221 4329 1270 4385 est
1291 4340 1370 4403 ergo
1388 4321 1561 4386 consilium
1581 4321 1767 4405 prophetae,
1792 4319 1831 4386 Si
1845 4321 1985 4404 feceritis
2003 4319 2100 4386 berica

102 4411 180 4477 loco:
201 4413 230 4473 et
244 4414 318 4488 post
339 4409 414 4471 deos
433 4404 551 4470 alienos
570 4423 632 4468 cort
652 4403 885 4469 ambulaveritis
906 4407 941 4470 in
954 4408 1075 4472 molum
1126 4406 1196 4470 eice
1217 4411 1343 4481 uestros,
1367 4406 1429 4472 hoc
1451 4407 1509 4482 est,
1533 4407 1560 4470 si
1579 4407 1648 4471 vita
1665 4416 1777 4472 vestra
1791 4408 1824 4472 in
1841 4406 1957 4471 melius
1973 4412 2100 4470 mutata

101 4496 188 4562 cobis
209 4493 256 4578 (in
278 4492 401 4558 malum
425 4488 602 4568 vestrum):
1125 4491 1241 4556 fuerit:
1275 4492 1357 4556 etsi
1387 4493 1522 4574 feceritis
1554 4493 1718 4558 iudicium.
1766 4491 1819 4558 Ad
1853 4491 1978 4574 species
2010 4513 2099 4558 nunc

190 4581 218 4644 Ἰ.
246 4579 332 4643 Tunc
352 4576 492 4643 babitare
511 4575 631 4656 facicm
648 4594 701 4640 cos
717 4576 753 4640 irs
772 4574 827 4640 hoc
843 4575 914 4655 ioco,
937 4577 973 4641 irt
989 4582 1074 4642 terro
1126 4576 1304 4658 descendit,
1330 4596 1367 4641 ac
1389 4578 1494 4661 primo
1516 4577 1646 4660 quidem
1669 4577 1791 4644 iudices
1813 4576 1996 4659 compellat,
2019 4598 2099 4660 quo·

102 4687 197 4749 quem
224 4666 296 4731 decii
318 4662 466 4745 patribus
492 4661 614 4740 cestria
641 4682 662 4725 e
690 4661 812 4728 semeio
832 4682 929 4744 ecque
951 4663 986 4727 irs
1007 4683 1074 4728 sce-
1127 4684 1199 4727 rum
1234 4674 1303 4726 erat
1336 4663 1472 4728 reddere
1500 4663 1638 4746 singulis
1667 4665 1718 4730 ius
1747 4684 1858 4746 suum,
1891 4683 2098 4744 compescere

102 4752 215 4816 celum
1125 4749 1272 4830 iniurias,
1294 4759 1326 4813 ct
1347 4749 1560 4830 pronuntiare
1580 4770 1621 4813 ex
1643 4749 1726 4815 bono
1748 4760 1914 4832 ottoque,
1937 4768 2038 4830 quum
2057 4747 2098 4813 lis

1125 4833 1233 4916 aliqua
1250 4844 1363 4898 exorta
1380 4845 1460 4899 erat.
1496 4833 1534 4900 st
1551 4856 1634 4917 erpo,
1657 4836 1772 4918 inquit,
1791 4834 1930 4916 feceritis
1944 4834 2099 4900 iudicium

187 4923 262 4987 Non
299 4919 509 4986 consentiunt
544 4918 738 5001 interpretes
774 4919 809 4982 in
844 4939 941 4984 sensu
976 4919 1073 4984 huius
1123 4920 1204 4984 irrter
1224 4920 1330 4984 cirum
1350 4925 1378 4983 ct
1396 4919 1532 5002 fratrem
1554 4922 1637 4988 rios:
1658 4921 1720 4988 hoo
1742 4931 1801 4999 est,
1824 4922 1852 4985 si
1871 4919 1994 4986 iudicia
2011 4921 2099 5003 apud

102 5010 173 5076 loci.
204 5007 356 5089 Quidam
379 5005 583 5072 enimuero
605 5015 746 5080 vertunt,
770 5005 860 5085 Quin
879 5006 997 5089 potius,
1021 5005 1071 5069 vel
1125 5026 1182 5070 vos
1211 5018 1300 5070 recta
1327 5005 1461 5085 tuerint,
1493 5020 1531 5070 ut
1560 5028 1665 5090 neque
1698 5009 1806 5089 lavor,
1840 5025 1945 5087 neque
1977 5005 2099 5085 odium,

102 5096 169 5161 sed.
213 5095 334 5159 Fateor
356 5090 487 5175 quidem
515 5092 564 5154 ita
592 5090 739 5173 pluribus
767 5091 846 5155 locis
875 5092 986 5173 accipi,
1015 5091 1072 5155 sed
1124 5111 1230 5173 neque
1257 5090 1343 5155 ullae
1370 5093 1574 5174 corruptelae
1601 5113 1661 5158 vos
1691 5092 1855 5158 abducant
1876 5092 1916 5155 ab
1939 5110 2043 5173 aequo
2066 5106 2099 5156 et

102 5181 261 5247 falluntur
276 5180 353 5244 dum
368 5175 565 5243 coniunctim
582 5176 699 5260 legunt
715 5188 762 5244 nrt
781 5191 825 5244 ἰε
849 5196 948 5259 quum
964 5176 1073 5259 potius
1124 5187 1229 5241 recto:
1253 5177 1315 5241 hoo
1336 5185 1387 5241 est
1406 5177 1508 5258 facere
1529 5180 1683 5244 iudicitur
1704 5179 1786 5242 irtter
1804 5177 1908 5243 circen
1925 5183 1953 5241 et
1968 5178 2099 5260 fratrea

102 5268 227 5350 repetat
256 5265 413 5348 propheta
434 5259 519 5347 quod
540 5262 606 5325 iam
631 5261 722 5346 dixit,
754 5283 869 5346 nempe
884 5262 955 5327 ¹non
978 5262 1073 5327 aliter
1123 5263 1208 5328 eius:
1236 5270 1347 5345 postea
1370 5262 1470 5342 addit,
1502 5264 1575 5331 Nora
1595 5264 1816 5347 meteretis
1834 5265 2044 5350 peregrinum,
2070 5268 2099 5329 et

209 5366 321 5422 Catari
336 5380 429 5434 opera.
463 5362 522 5419 Vol.
539 5361 702 5418 XXXVII.
1862 5366 1897 5421 43
