4784 5970
199 349 264 414 449
1051 354 1201 422 ΟΔΡΠΤ
1222 354 1350 422 LXVI.
2139 359 2207 425 450

201 539 281 606 tatis
302 539 412 607 larvas
433 539 629 607 induebant:
661 546 759 625 atque
787 541 851 608 hoo
880 548 1052 626 praetextu
1082 542 1171 609 falle·
1225 541 1337 608 fierint
1358 543 1455 609 simul
1479 563 1582 608 unum
1604 563 1731 626 corpus.
1774 543 1885 610 Videre
1906 546 2044 630 gloriam
2069 546 2203 611 Domini

202 632 283 696 bant
309 627 440 693 multos.
494 626 710 709 Pacificebaat
737 647 773 693 se
805 628 840 692 in
873 629 987 709 hortis,
1020 629 1082 694 hoc
1115 638 1174 712 est,
1226 628 1307 693 nihil
1330 627 1420 694 aliud
1442 633 1493 694 est
1514 649 1613 714 qnam
1635 650 1674 695 ea
1697 629 1761 694 frui
1782 631 1967 714 gratiaque
1988 631 2127 697 Iudaeos
2149 631 2202 697 di·

204 714 301 780 nariis
322 712 610 796 superstitionibus
632 733 668 779 se
697 713 893 796 polluebant,
925 712 1040 796 quibus
1063 722 1174 779 tamen
1225 723 1346 797 gnatus
1368 722 1448 780 erat.
1489 715 1563 781 Hoc
1585 716 1674 779 enim
1696 715 1837 798 speciale
1859 716 1947 782 illius
1969 717 2076 801 gentis
2099 718 2201 801 privi-

201 822 237 866 se
259 820 358 883 puros
380 798 472 864 reddi
494 818 602 864 eoram
626 799 697 864 Deo
719 797 972 866 arbitrabantur.
1012 798 1079 865 Alii
1102 800 1173 864 sine
1224 800 1346 883 legium
1369 800 1439 880 fuit,
1470 811 1509 865 ut
1531 798 1667 885 gloriam
1688 800 1751 867 Dei
1774 803 1989 882 intuerentur,
2013 812 2109 886 atque
2130 804 2201 870 eius

202 882 278 951 ulla'
310 883 566 950 dissimulatione
599 885 708 950 Deum
748 882 807 950 reli
832 885 1003 967 ionemque
1043 905 1172 950 omnem
1225 886 1429 968 praesentiae
1449 887 1544 971 signa
1566 887 1735 952 haberent
1775 886 1872 952 Nunc
1895 897 2019 970 gentes,
2042 908 2126 971 quae
2149 889 2201 954 his

201 970 408 1055 spernebant.
465 969 527 1035 Est
558 969 660 1054 igitur
693 904 857 1053 generAIis
891 970 1070 1045 sententia,
1109 990 1173 1052 qua
1226 971 1320 1037 bouis
1342 980 1525 1047 caruerant,
1548 973 1678 1037 visuras
1701 971 1780 1039 dioit
1802 980 1836 1037 et
1857 981 2087 1055 conspecturos
2108 973 2200 1039 illam

201 1076 314 1120 omnes
343 1055 471 1137 impios,
502 1055 723 1138 cuiuscunque
751 1055 881 1138 generis
914 1055 992 1137 sint,
1027 1075 1172 1137 compre·
1225 1055 1382 1138 gloriam:
1400 1057 1476 1140 quia
1494 1056 1659 1123 Dominus
1677 1077 1749 1123 sese
1766 1057 1917 1123 omnibus
1936 1059 2109 1140 patefaciat
2127 1059 2198 1125 sine

200 1140 328 1206 bendit:
360 1161 478 1224 nempe
500 1149 569 1205 tam
591 1159 645 1204 eos
667 1140 722 1223 qui
745 1141 923 1223 nequitiam
946 1161 1039 1205 suam
1063 1148 1173 1222 aperte
1226 1143 1426 1223 exceptione.

200 1225 352 1309 produnt,
382 1245 480 1308 quam
513 1225 571 1308 qui
601 1224 700 1291 variis
728 1225 963 1310 integumentis
993 1233 1111 1309 tegunt
1140 1235 1174 1290 et
1312 1228 1362 1292 19.
1394 1226 1608 1313 (Etpastum.)
1651 1227 1724 1294 Hoc
1746 1226 1919 1311 dupliciter
1947 1228 2049 1311 accipi
2078 1238 2196 1312 potest,

200 1311 373 1378 occultant.
407 1309 505 1391 Quod
528 1310 612 1387 dicit,
629 1316 704 1393 past
724 1331 826 1377 uuam
847 1313 883 1375 in
902 1310 1017 1390 medio,
1039 1310 1171 1393 quidam
1226 1311 1277 1376 vel
1299 1311 1383 1395 quod
1407 1314 1500 1378 Deus
1521 1313 1651 1396 aliquod
1673 1314 1803 1397 signnm
1830 1314 1991 1398 porrigat:
2014 1313 2067 1379 vel
2090 1313 2197 1396 aliquo

198 1398 395 1480 interpretes
428 1395 627 1462 subaudiunt
659 1398 833 1481 piscinam,
865 1416 903 1462 ac
935 1397 963 1461 ai
995 1396 1031 1460 in
1064 1397 1172 1461 medio
1224 1397 1370 1476 symbolo
1393 1408 1451 1463 aut
1473 1407 1595 1464 tessera
1614 1420 1689 1465 suos
1707 1399 1861 1483 insigniat
1883 1409 1920 1465 ut
1942 1398 2024 1465 salvi
2044 1398 2198 1465 evadant.

200 1484 287 1548 horti
310 1483 450 1564 reposita
471 1490 558 1547 esset
580 1503 665 1564 aqua
686 1502 778 1548 sacra
800 1483 842 1547 ad
865 1481 1058 1548 ablutiones.
1105 1479 1171 1547 Sed
1224 1481 1320 1548 Prior
1343 1484 1502 1567 expositio
1524 1484 1628 1568 magis
1651 1492 1782 1569 recepta
1804 1493 1871 1550 est:
1900 1483 1956 1551 sed
1984 1484 2134 1550 nonnulli
2161 1486 2197 1549 in

199 1588 266 1633 non
292 1570 405 1632 miuus
434 1566 607 1633 conveniet
635 1567 717 1633 alter
744 1587 868 1644 sensus,
897 1567 975 1650 quia
1004 1567 1170 1649 proprium
1224 1587 1263 1632 ea
1285 1570 1454 1651 pueriliter
1476 1579 1672 1653 argutantur
1695 1570 1734 1634 de
1764 1571 1858 1654 signo
1887 1569 2008 1636 crucis:
2040 1570 2094 1635 alii
2118 1590 2197 1636 vero

199 1654 262 1719 sibi
285 1654 422 1735 quisque
444 1652 553 1718 Deum
583 1652 727 1737 eligeret,
756 1672 852 1719 suam
873 1672 1000 1735 quoque
1022 1652 1171 1717 arborem
1224 1651 1264 1717 ad
1289 1655 1564 1736 praedicationem
1586 1655 1748 1738 evangelii
1777 1657 1940 1719 referunt:
1972 1657 2101 1739 utrique
2124 1676 2197 1721 meo

198 1741 315 1822 cuique
337 1740 439 1804 fuisse
461 1759 502 1803 ex
525 1736 646 1803 multis.
1224 1738 1340 1804 iudicio
1364 1739 1616 1805 hallucinantur.
1652 1739 1793 1807 Videtur
1810 1741 1899 1805 enim
1920 1741 2026 1821 potius
2048 1740 2196 1806 alludere

287 1825 336 1890 18.
368 1822 469 1909 (Nam
497 1842 551 1906 epo
579 1843 674 1905 apere
702 1822 830 1907 eoram)
874 1822 1057 1888 (lonfirmat
1085 1819 1171 1904 quod
1224 1823 1264 1888 ad
1287 1823 1320 1888 id
1343 1825 1428 1908 quod
1450 1825 1559 1890 Moses
1586 1825 1699 1890 scribit
1728 1826 1848 1891 lactum
1877 1845 1949 1890 esse
1979 1827 2013 1889 in
2043 1826 2134 1891 exitu
2163 1837 2196 1892 et

197 1909 281 1974 dixit
303 1910 470 1993 superiore
493 1928 606 1974 versu:
630 1928 748 1991 nempe
766 1908 941 1973 sumendas
959 1928 1029 1974 esse
1048 1928 1171 1992 poenas
1223 1908 1416 1975 liberatione
1450 1909 1579 1993 populi:
1614 1920 1712 1993 atque
1745 1913 1779 1975 in
1801 1911 2000 1995 Apocalypsi
2036 1912 2195 1977 refertur:

199 1995 240 2060 de
262 1994 412 2060 omnibus
436 1993 555 2076 impiis,
583 2001 621 2059 ut
643 1993 794 2075 quamvis
816 1991 856 2058 ad
879 2003 1009 2077 tempus
1032 2013 1087 2059 eos
1109 1994 1170 2056 im·
1223 1993 1392 2078 Quotquot
1424 1995 1544 2077 signati
1586 1996 1707 2059 fuerint
1740 2017 1759 2060 a
1793 1997 1935 2061 Domino
1968 1996 2076 2063 salvos
2117 1997 2195 2076 fore,

199 2102 288 2165 pune
321 2100 455 2162 peccare
490 2079 578 2144 sinat
610 2078 782 2158 Dominus,
819 2098 873 2145 eos
906 2087 1015 2144 tamen
1049 2098 1171 2161 poenas
1223 2081 1322 2145 etiam
1355 2101 1455 2163 quum
1489 2081 1539 2144 ira
1572 2082 1641 2146 eius
1674 2079 1880 2164 grassabitur
1914 2102 1971 2164 per
2003 2082 2195 2148 universnm

200 2165 376 2247 aliquando
403 2165 536 2230 daturos
564 2184 636 2230 esse
667 2165 813 2247 persuasi
846 2163 958 2229 fideles
988 2164 1029 2230 ab
1059 2184 1169 2228 eorum
1222 2165 1351 2230 orbem:
1385 2165 1657 2247 quemadmodum
1691 2168 1713 2230 ii
1747 2186 1885 2248 quorum
1920 2167 2069 2249 signatae
2102 2178 2196 2232 orant

200 2251 358 2333 exemplis
392 2249 588 2314 abstineant.
651 2250 816 2314 Dominus
860 2249 914 2316 hic
954 2258 1094 2315 testatur
1135 2268 1170 2313 se
1222 2259 1331 2333 postes
1353 2250 1387 2315 in
1405 2253 1557 2335 Aegypto
1575 2249 1659 2316 salvi
1678 2261 1863 2316 evaserunt.
1898 2253 2006 2333 Atque
2023 2251 2071 2316 ita
2088 2262 2196 2317 osten·

199 2356 298 2419 opera
318 2338 461 2419 ipsorum
486 2334 596 2400 videre
618 2343 651 2399 at
673 2335 856 2412 observare,
880 2354 917 2400 ao
939 2355 974 2399 se
997 2332 1170 2417 aliquando
1222 2335 1270 2399 dit
1292 2338 1455 2401 neminem
1479 2336 1622 2421 effugere
1645 2357 1738 2418 posse
1760 2337 1842 2401 iram
1866 2334 1938 2415 Dei,
1962 2346 2092 2418 praeter
2114 2337 2195 2404 elec·

200 2444 235 2488 re
263 2423 335 2506 ipsa
364 2431 571 2486 ostensurum
600 2421 766 2485 neminem
795 2421 896 2485 latere
927 2420 1030 2504 ipsios
1058 2419 1170 2485 oculos
1222 2432 1282 2498 tos,
1305 2421 1422 2504 quibus
1444 2423 1575 2504 signum
1604 2431 1637 2487 et
1659 2432 1770 2487 notam
1793 2421 1954 2486 Dominus
1983 2423 2193 2504 impresserit.

199 2529 301 2590 posse.
354 2505 421 2571 Alii
455 2506 643 2589 intelligunt
677 2505 759 2570 nihil
790 2508 829 2570 ab
863 2507 972 2587 impiis
1005 2505 1169 2589 designari
1222 2507 1263 2570 In
1285 2526 1422 2586 summa,
1442 2507 1603 2590 propheta
1621 2508 1795 2590 amplificat
1812 2505 1895 2589 quod
1914 2508 1979 2571 iam
2000 2506 2120 2573 dictum
2145 2518 2196 2574 est

199 2613 293 2676 posse
326 2592 397 2658 sine
430 2594 591 2675 permissu
622 2590 699 2656 Dei:
734 2610 816 2673 quae
845 2591 975 2672 quidem
1005 2590 1169 2655 sententia
1222 2591 1262 2656 de
1283 2593 1377 2674 gravi
1400 2599 1434 2656 et
1453 2592 1524 2656 dira
1541 2593 1665 2656 ultione
1683 2613 1779 2675 quam
1798 2591 1891 2656 Deus
1909 2600 2101 2673 sumpturus
2123 2605 2195 2658 erat

199 2699 277 2744 vera
299 2687 358 2754 est,
382 2677 438 2742 sed
463 2677 539 2740 huic
561 2677 631 2741 loco
660 2697 725 2740 nou
748 2677 910 2741 convenit.
956 2675 1059 2740 Nemo
1081 2676 1168 2738 euim
1222 2676 1261 2740 de
1281 2678 1399 2758 impiis.
1444 2674 1567 2741 Omnes
1590 2679 1677 2741 enim
1703 2678 1841 2760 perituri
1864 2685 1973 2741 essent
2000 2679 2193 2759 promiscue,

199 2785 262 2829 non
287 2763 376 2828 videt
404 2762 490 2826 hanc
519 2761 714 2827 sententiam
743 2771 888 2825 coactam
918 2770 951 2824 et
972 2781 991 2824 a
1013 2769 1169 2825 contextu
1222 2762 1283 2825 nisi
1307 2761 1469 2827 Dominus
1492 2762 1617 2844 aliquos
1639 2773 1717 2827 nota
1744 2783 1803 2828 sua
1825 2762 2007 2845 insigniret.
2054 2767 2083 2827 A
2106 2781 2192 2828 oom-

198 2848 375 2931 prophetae
414 2847 555 2912 alienam
595 2867 674 2910 esse.
730 2843 846 2911 Solum
878 2845 965 2909 enim
997 2847 1170 2910 confirmat
1222 2849 1313 2911 muni
1336 2847 1439 2930 igitur
1467 2848 1566 2912 exitio
1596 2848 1698 2913 totius
1727 2846 1834 2931 gentis
1863 2847 2020 2930 exiguum
2052 2847 2193 2931 aliquem

198 2934 284 3016 qnod
315 2935 405 3016 prius
434 2931 527 3011 dixit,
558 2932 745 3017 hypocritas
774 2939 808 2996 et
833 2931 1007 2996 sceleratos
1035 2929 1168 2996 tandem
1222 2952 1394 2998 numerum
1418 2953 1452 2996 se
1479 2942 1722 2998 reservaturum
1752 2931 1840 2997 dicit.
1885 2935 1995 3014 Atque
2018 2931 2070 2998 hic
2094 2953 2193 3000 verus

197 3022 329 3103 impune
352 3039 507 3085 evasuros
530 3039 596 3083 non
618 3037 698 3095 esse,
721 3017 796 3099 quia
813 3017 905 3082 Deus
928 3017 1038 3080 omnia
1056 3037 1169 3082 eorum
1222 3018 1401 3100 prophetae
1434 3038 1548 3083 sensus
1579 3024 1643 3082 est:
1678 3016 1951 3100 quemadmodum
1985 3018 2082 3082 etiam
2116 3017 2193 3084 alibi

197 3107 351 3182 facinora,
373 3105 525 3169 instituta
546 3113 578 3167 et
600 3103 815 3187 cogitationes
837 3100 1085 3168 animadvertit:
1109 3120 1169 3167 uec
1223 3103 1352 3167 dixerat
1375 3122 1409 3167 se
1437 3103 1594 3185 quasdam
1623 3102 1778 3186 reliquias
1801 3102 1891 3166 velut
1912 3122 1932 3165 a
1954 3105 2119 3168 communi
2142 3105 2192 3168 in·

197 3190 374 3273 quidquam
409 3187 652 3272 tergiversando
682 3189 847 3270 proficere,
877 3187 969 3271 quasi
999 3206 1168 3270 nunquam
1221 3188 1336 3254 cendio
1369 3199 1570 3271 erepturum.
1627 3189 1680 3252 Ex
1714 3187 1775 3253 hac
1814 3186 1945 3252 residua
1983 3208 2080 3253 manu
2115 3189 2193 3255 dicit

195 3276 231 3340 in
253 3275 409 3341 iudicium
431 3273 583 3339 trahendi
604 3278 721 3340 essent.
1221 3273 1379 3356 quosdam
1413 3274 1481 3340 fore
1513 3273 1576 3340 sibi
1614 3293 1788 3356 praecones
1821 3272 1862 3337 ad
1894 3271 2123 3339 celebrandum
2157 3277 2191 3339 in

283 3361 384 3446 (Quia
405 3362 487 3425 uenit
507 3358 652 3445 tempas.)
695 3360 769 3424 Hoc
796 3359 892 3424 etiam
922 3358 1026 3440 magis
1048 3356 1169 3423 confir·
1222 3358 1374 3444 gentibus
1403 3378 1521 3424 nomen
1555 3379 1671 3424 suum:
1705 3357 1801 3425 stouti
1831 3357 1980 3422 videmus
2013 3380 2191 3441 paucorum

197 3453 265 3511 mat
286 3445 372 3530 quod
395 3447 516 3512 dictum
540 3454 597 3510 est.
642 3445 713 3509 Iam
736 3445 822 3509 enim
845 3453 975 3527 tempus
994 3444 1168 3526 appropin-
1220 3466 1319 3527 opera
1357 3444 1455 3528 longe
1492 3444 1621 3528 lateque
1666 3445 1903 3527 promulgatam
1939 3443 2039 3509 fuisse
2075 3445 2192 3510 salutis

196 3553 296 3615 quare
319 3532 396 3598 dicit
418 3552 481 3614 quo
500 3549 613 3595 omnes
631 3539 745 3614 gentes
763 3530 963 3605 convocabit,
987 3538 1024 3592 ut
1042 3529 1169 3593 reiectis
1220 3528 1411 3596 doctrinam.

196 3618 374 3700 hypocritis
397 3625 430 3680 θῖ
451 3616 561 3698 impiis
584 3616 740 3697 populum
761 3635 802 3679 ex
821 3614 886 3678 illis
904 3612 1036 3696 colligat
1054 3623 1086 3676 et
1105 3614 1166 3678 sibi
1307 3613 1482 3698 (Tharais.)
1525 3614 1599 3679 Ηοθ
1621 3613 1752 3678 nomine
1775 3613 1923 3678 Ciliciam
1947 3613 2114 3696 designat:
2142 3621 2191 3680 at·

196 3703 337 3785 adoptet.
394 3701 508 3766 Iudaei
541 3701 762 3765 efferebantur
797 3699 951 3781 superbia
991 3718 1168 3780 omnesque
1220 3720 1283 3781 que
1307 3707 1410 3763 totum
1434 3697 1526 3763 littus
1549 3699 1649 3764 maris
1676 3698 1906 3764 mediterranei
1929 3698 2071 3765 Iudaeae
2093 3721 2191 3786 oppo-

196 3788 276 3852 alias
306 3787 454 3851 nationes
484 3794 521 3849 ut
552 3786 698 3866 impuras
731 3783 960 3866 despiciebant.
1004 3781 1167 3848 Dominus
1220 3785 1318 3849 situm
1341 3783 1596 3866 comprehendit.
1642 3784 1708 3848 Alii
1731 3785 1877 3851 Africam
1900 3794 1932 3849 et
1954 3785 2191 3868 Cappadociam

195 3881 304 3936 autem
322 3892 377 3936 eas
396 3891 430 3935 se
448 3868 681 3953 adoptaturum
704 3869 876 3952 significat,
901 3877 937 3933 ut
955 3868 1030 3932 eius
1044 3869 1167 3951 gloriae
1220 3869 1397 3954 significari
1428 3878 1563 3951 putant:
1597 3869 1653 3934 sed
1684 3871 1824 3952 priorem
1859 3871 2055 3935 sententiam
2086 3874 2191 3956 magis

194 3959 262 4022 sint
283 3957 468 4039 participes,
492 3956 586 4020 cuius
611 3975 646 4019 se
675 3954 829 4038 indignos
858 3953 971 4019 Iudaei
1000 3954 1166 4035 praebent.
1219 3956 1406 4038 amplector.
1441 3955 1507 4018 Per
1525 3954 1599 4019 aaa
1619 3955 1771 4020 nonnulli
1786 3956 1936 4039 Lybiam,
1956 3966 1989 4019 et
2004 3955 2059 4019 alii
2077 3959 2190 4022 Asiam

195 4042 340 4126 Insignis
369 4050 419 4108 est
447 4040 501 4104 hio
534 4039 632 4119 loous,
662 4060 725 4121 quo
756 4039 909 4106 docemur
932 4038 1039 4104 Deum
1069 4039 1165 4103 alicui
1220 4042 1377 4105 minorem
1411 4039 1612 4123 intelligunt.
1671 4041 1737 4106 Per
1769 4059 1824 4105 eos
1856 4041 1912 4121 qui
1944 4040 2081 4106 trahunt
2114 4063 2192 4109 arcu

196 4130 316 4212 populo
339 4126 529 4192 obstrictam
560 4145 624 4188 non
654 4146 734 4203 esse,
764 4126 843 4207 quin
872 4145 927 4191 eos
957 4123 1058 4208 eligat
1085 4144 1167 4206 quos
1219 4126 1378 4191 Parthos:
1401 4126 1554 4207 quoniam
1575 4126 1702 4209 experti
1725 4135 1818 4190 erant
1839 4125 1875 4189 in
1905 4139 1975 4189 arte
2004 4127 2191 4210 sagittandi.

195 4214 293 4294 volet,
315 4212 444 4278 reiectis
470 4209 645 4275 incredulis
674 4231 754 4292 quos
781 4212 870 4293 prius
897 4208 939 4273 ad
967 4210 1166 4275 sevocavit:
1220 4211 1285 4276 Per
1311 4210 1434 4275 Thebai
1455 4216 1483 4275 ct
1504 4210 1606 4276 Iacca
1635 4211 1765 4276 Italiam
1789 4222 1822 4276 et
1844 4209 2034 4276 Graeciam:
2065 4233 2123 4294 per
2145 4214 2192 4278 ia·

196 4300 292 4366 sicuti
321 4297 486 4364 luculente
515 4296 607 4360 docet
636 4295 1081 4373 PaulusRom.10,et11,
1111 4294 1167 4359 ubi
1218 4297 1308 4362 salos
1336 4317 1421 4373 vero,
1451 4296 1581 4378 ignotas
1608 4298 1756 4380 regiones
1785 4294 1944 4380 designat.
1988 4295 2073 4362 Nam
2101 4299 2192 4362 insu·

195 4384 337 4450 ostendit
359 4404 418 4448 nos
438 4381 539 4449 veluti
562 4381 597 4444 in
615 4399 751 4446 vacuam
773 4383 1008 4462 possessionem
1027 4379 1166 4458 venisse,
1219 4382 1322 4447 larum
1365 4381 1496 4446 nomine
1534 4380 1689 4464 quidquid
1730 4382 1817 4447 ultra
1852 4402 1942 4447 mare
1975 4393 2046 4446 erat
2077 4380 2192 4448 Iudaei

196 4479 364 4553 postquam
387 4468 502 4533 Iudaei
521 4488 581 4532 sua
597 4464 826 4532 incredulitate
843 4466 954 4531 reiecti
974 4475 1061 4532 sunt.
1095 4465 1168 4532 Hoc
1219 4467 1465 4551 significabant:
1507 4477 1544 4531 ut
1576 4467 1642 4531 iam
1677 4478 1771 4532 antea
1808 4468 1936 4549 saepius
1974 4467 2095 4531 dictum
2132 4482 2191 4534 est.

196 4556 242 4619 eis
259 4556 330 4619 ‘iam
353 4554 500 4618 minatur
522 4552 643 4617 Isaias:
674 4551 725 4616 Ne
755 4549 950 4616 existimetis
972 4552 1079 4616 Deum
1108 4571 1165 4633 po·
1222 4554 1308 4634 Quae
1337 4572 1399 4618 aaa
1431 4551 1609 4625 audierunt.
1665 4551 1838 4636 Significat
1870 4551 2087 4636 spargendam
2121 4574 2192 4619 esse

196 4640 281 4724 pulis
302 4659 412 4705 carere
435 4659 535 4720 quum
565 4636 748 4703 defeceritis
771 4656 892 4719 vosque
919 4636 1072 4720 indignos
1093 4634 1166 4701 red·
1220 4639 1367 4703 notitiam
1398 4636 1460 4701 Dei
1492 4657 1550 4720 per
1577 4639 1770 4702 universum
1799 4637 1927 4702 orbem:
1957 4656 2031 4701 nam
2062 4638 2192 4716 Graeci,

196 4724 343 4791 dideritis
362 4725 431 4788 eius
449 4723 565 4808 gratia.
600 4723 692 4788 Alios
711 4721 799 4787 enim
819 4721 990 4787 habiturus
1009 4732 1074 4786 est:
1097 4722 1167 4803 ipse
1218 4722 1305 4801 Itali,
1328 4722 1455 4805 Parthi,
1484 4722 1612 4801 Cilices,
1643 4723 1763 4805 aliique
1784 4722 1897 4805 populi
1926 4722 2008 4786 nihil
2038 4720 2078 4786 de
2107 4743 2192 4806 pura

195 4832 274 4877 vere
300 4808 441 4875 iudicem
471 4829 506 4872 se
535 4807 694 4883 ostendet,
728 4828 789 4873 nee
818 4826 877 4872 vos
911 4817 1004 4872 tanta
1036 4807 1168 4872 licentia
1219 4807 1375 4891 religione
1397 4818 1430 4871 et
1452 4808 1579 4872 sincero
1598 4808 1660 4872 Dei
1678 4809 1769 4873 cultu
1788 4808 1973 4873 audierant:
1998 4820 2095 4890 atque
2118 4811 2191 4874 uni·

195 4895 284 4961 abuti
312 4893 443 4958 tandem
474 4893 629 4975 patietur.
673 4892 840 4957 Venturos
869 4893 956 4970 dicit,
985 4892 1063 4974 quia
1093 4891 1166 4956 fidei
1220 4913 1335 4958 versus
1356 4893 1444 4958 orbis
1462 4893 1723 4974 profundissimis
1745 4893 1950 4978 ignorantiae
1973 4892 2113 4959 tenebris
2137 4895 2192 4959 de·

195 5000 354 5046 consensu
385 4978 474 5043 insiti
504 4978 538 5041 in
568 4977 736 5043 ecclesiam
766 4977 950 5044 coalescent
979 4998 1052 5043 oum
1081 4978 1168 5043 veris
1219 4998 1345 5042 mersus
1378 4987 1458 5043 erat.
1515 4978 1634 5042 Notam
1665 4998 1743 5062 ergo
1776 4979 1896 5060 ubique
1932 4987 2094 5043 terrarum
2123 4981 2192 5048 fore

194 5066 335 5148 Iudaeis,
356 5064 412 5146 qui
431 5062 471 5127 ab
491 5061 662 5145 adoptione
680 5084 746 5128 non
763 5063 974 5129 desciverint:
999 5083 1075 5127 nam
1091 5063 1169 5144 quia
1220 5063 1356 5146 gloriam
1381 5062 1443 5126 Dei
1468 5065 1639 5145 promittit.
1684 5063 1806 5129 Subest
1833 5073 1943 5127 autem
1973 5064 2136 5146 emphasis
2158 5068 2192 5132 in

194 5152 368 5234 propinqui
390 5148 463 5212 Deo
494 5155 589 5213 erant
618 5148 741 5226 Iudaei,
771 5158 885 5233 gentes
915 5167 996 5229 quae
1025 5159 1168 5212 remotae
1220 5149 1351 5213 nomine
1382 5150 1533 5232 gentium:
1566 5151 1643 5231 quia
1670 5160 1750 5216 tuno
1780 5150 1943 5213 Dominus
1977 5151 2035 5214 uni
2062 5160 2192 5219 tantum

194 5247 289 5302 erant
311 5235 463 5302 accedere
487 5232 527 5299 ad
551 5254 605 5299 eos
627 5235 780 5315 oportuit,
811 5243 847 5298 ut
875 5232 1008 5299 dissidio
1039 5234 1167 5299 sublato
1220 5234 1340 5316 populo
1362 5245 1458 5299 notus
1480 5243 1559 5313 erat,
1584 5255 1673 5301 uuna
1695 5234 1845 5299 omnibus
1866 5255 1902 5301 se
1923 5235 2083 5318 patefecit.

300 5336 410 5393 Oaloim'
428 5350 522 5405 opera.
550 5335 605 5392 Vct.
623 5335 786 5391 XXXVII.
1954 5335 1988 5389 99
