4784 5970
85 382 86 385 ’
138 376 201 442 609
872 372 921 438 ΙΝ
941 372 1190 439 mauman.
1235 373 1334 438 ΟΔΡ.
1358 372 1401 436 V.
2070 373 2134 439 610

138 566 251 630 luntur
271 564 327 646 qui
350 563 426 628 dum
450 563 561 627 iurant
582 563 617 627 in
639 563 770 627 nomine
792 561 856 626 Dei
885 559 947 627 sibi
973 578 1107 642 persua·
1159 560 1255 624 sicuti
1278 571 1311 625 et
1333 559 1438 642 primo
1460 581 1558 627 versu
1588 561 1687 627 huius
1720 563 1852 645 capitis,
1885 563 2048 646 propheta
2083 563 2134 626 in·

139 652 217 715 dent
238 649 331 714 illum
353 649 421 713 fore
443 658 587 730 patrem:
613 648 698 714 Nom
720 647 892 713 malleius
911 646 1006 727 fidem
1026 664 1109 726 speo-
1141 643 1278 728 ‘telligit
1314 646 1420 710 eordis
1456 646 1689 730 integritatem.
1744 648 1834 732 Ergo
1868 649 1926 714 abs
1959 669 1995 713 re
2028 648 2134 730 philo·

137 741 220 819 tuot,
244 735 296 799 vel
317 734 545 798 rectitudinem
575 734 691 800 cordis.
736 733 827 798 Haec
856 742 927 798 erat
955 733 1109 798 continua
1160 729 1342 812 sophantur
1363 732 1419 813 qui
1438 731 1557 797 volunt
1579 733 1707 816 probari
1730 754 1772 798 ex
1790 735 1853 801 hoo
1875 734 1955 811 loco,
1976 733 2041 802 fide
2063 733 2135 799 sola

139 823 255 887 series:
289 830 321 885 et
343 829 413 885 erat
435 820 531 884 etiam
555 820 725 902 aptissima
755 818 889 883 docendi
918 819 1017 882 ratio:
1052 817 1109 881 sed
1161 838 1220 881 nos
1247 837 1319 882 esse
1341 815 1413 881 Deo
1446 828 1565 900 gratos.
1610 819 1696 884 Nam
1724 820 1886 902 propheta
1917 818 1971 885 hio
2003 818 2042 884 de
2069 819 2134 884 fide

138 908 295 972 Ieremias
324 905 488 987 abrumpit
514 927 697 970 sermonem
720 912 753 969 ot
774 903 931 987 relinquit
952 923 1029 969 suos
1052 922 1108 984 po·
1162 922 1226 966 non
1259 902 1415 985 loquitur,
1452 923 1517 984 qua
1549 905 1776 987 amplectimur
1808 906 1986 990 gratuitam
2019 925 2133 970 recon-

140 993 279 1076 pulares.
322 991 422 1074 Deua,
445 991 526 1057 oculi
547 994 595 1058 tui
614 991 708 1072 fidem
729 995 882 1072 metuat:
907 989 1000 1072 quasi
1023 988 1108 1053 dice·
1160 988 1356 1053 oiliationem
1379 1010 1453 1055 cum
1472 988 1554 1072 Deo,
1577 1001 1610 1054 et
1630 1011 1694 1073 qua
1716 992 1813 1056 fimus
1836 990 1982 1056 membra
1997 989 2133 1055 Ohristi.

139 1087 197 1156 ret,
221 1077 308 1158 Quid
333 1077 415 1142 mibi
437 1098 512 1143 cum
534 1076 595 1143 hoc
618 1075 742 1158 perdito
764 1074 907 1159 populo?
928 1095 988 1158 ego
1011 1074 1110 1140 verba
1161 1074 1250 1156 Ergo
1280 1096 1395 1140 sensus
1429 1075 1563 1139 minime
1596 1074 1752 1141 obscurus
1782 1087 1847 1154 est,
1881 1097 1998 1157 nempe
2025 1075 2134 1140 Deum

138 1165 220 1229 facio
249 1165 313 1227 iam
344 1162 430 1245 apud
459 1162 582 1244 lapides
611 1171 644 1227 et
665 1183 761 1228 saxa:
796 1168 830 1226 et
852 1160 925 1226 ideo
948 1161 1055 1225 valete
1077 1168 1110 1223 et
1161 1181 1225 1223 uon
1256 1161 1378 1225 morari
1411 1171 1583 1226 externum
1617 1161 1824 1244 splendorem
1854 1181 1918 1244 quo
1947 1161 2136 1226 alliciuntur

139 1251 303 1315 facessite:
335 1269 394 1331 ego
416 1270 502 1313 nunc
523 1269 576 1312 me
597 1248 762 1314 conferam
785 1245 825 1311 ad
848 1247 964 1312 Deum.
1007 1244 1109 1310 Vide·
1161 1244 1327 1323 homines,
1356 1246 1630 1329 quemadmodum
1660 1248 1758 1313 etiam
1783 1247 1903 1313 dicitur
1923 1248 2028 1330 primo
2050 1247 2135 1312 libro

139 1356 213 1399 mus
245 1355 331 1400 nune
362 1344 483 1416 quanto
513 1333 586 1415 plus
616 1333 842 1400 vehementiae
876 1332 995 1397 habeat
1028 1331 1109 1397 baec
1161 1330 1336 1413 Samuelis,
1366 1333 1472 1415 capite
1496 1331 1621 1398 decimo
1643 1343 1736 1399 sexto
1758 1331 1803 1418 (v.
1827 1332 1876 1417 7),
1910 1333 2020 1398 Homo
2043 1331 2136 1397 videt

139 1421 344 1503 apostrophe,
367 1440 465 1502 quam
488 1421 516 1484 si
534 1420 688 1485 continua
710 1421 793 1484 serie
815 1418 975 1500 propheta
997 1417 1109 1498 loquu·
1162 1437 1245 1498 quae
1278 1428 1372 1482 extra
1404 1429 1582 1501 apparent:
1618 1418 1709 1485 Deus
1743 1430 1856 1484 autem
1889 1419 2036 1484 intuetur
2068 1438 2134 1484 oor.

140 1520 192 1571 tus
219 1517 305 1571 esset
333 1504 420 1587 apud
444 1504 595 1586 Iudaeos,
629 1515 663 1569 et
692 1504 823 1569 iunctus
857 1504 971 1569 luhset
1002 1502 1109 1568 officio
1161 1501 1234 1567 Illic
1263 1504 1397 1584 spiritus
1426 1511 1557 1569 sanctus
1587 1504 1693 1569 cordis
1715 1504 1848 1569 nomine
1869 1505 1956 1568 idem
1980 1502 2136 1586 exprimit

140 1591 288 1657 doctoris.
332 1591 427 1656 Nunc
450 1591 538 1656 enim
559 1589 704 1655 ostendit
731 1611 767 1655 se
789 1591 928 1655 fractum
951 1610 1021 1654 esse
1044 1596 1109 1653 tae·
1161 1587 1245 1669 quod
1270 1588 1420 1655 hocloco
1448 1588 1625 1672 perfidem
1656 1599 1714 1656 aut
1737 1590 1916 1655 veritatem.
1962 1589 2048 1655 Nam
2072 1587 2134 1654 Sa·

139 1677 200 1753 dio,
225 1677 280 1742 ubi
303 1677 392 1742 videt
414 1676 562 1741 inutilem
585 1698 656 1740 esse
678 1696 771 1740 suam
794 1696 934 1757 operam,
964 1687 996 1739 et
1019 1694 1110 1757 prae·
1161 1673 1248 1737 muel
1279 1674 1420 1740 ostendit
1449 1675 1519 1739 falli
1543 1687 1669 1757 patrem
1691 1675 1832 1742 Doridis
1854 1676 1910 1759 qui
1934 1674 1968 1740 in
1991 1673 2135 1739 medium

139 1763 257 1828 fractos
296 1783 366 1827 esso
406 1783 519 1827 omnes
561 1763 752 1844 quibuscum
796 1760 950 1842 loquutus
992 1761 1108 1825 luerat.
1161 1760 1320 1840 proferret
1341 1761 1425 1826 filios
1448 1761 1589 1844 eleganti
1613 1760 1725 1827 lorma.
1766 1761 1875 1827 Homo
1898 1760 1996 1837 videt,
2019 1760 2135 1842 inquit,

139 1848 253 1931 Neque
283 1853 392 1912 tamen
422 1849 547 1913 interea
572 1848 676 1912 voluit
706 1867 860 1930 spargere
888 1845 975 1911 hano
998 1865 1109 1912 vocem
1162 1865 1245 1926 quae
1278 1854 1373 1910 extra
1405 1862 1580 1929 apparent,
1617 1848 1710 1912 Deus
1744 1858 1853 1913 autem
1890 1848 2036 1912 intuetur
2069 1866 2134 1911 cor.

140 1948 270 2013 temere,
293 1945 328 1996 ut
347 1934 429 1996 nihil
452 1932 635 2015 prodesset:
659 1934 724 1997 imo
746 1933 856 2015 potius
876 1931 981 1999 voluit
1003 1932 1110 1996 acrius
1162 1930 1258 1996 Nunc
1281 1942 1430 1998 tenemus
1452 1935 1631 2016 genuinum
1659 1934 1839 2015 prophetae
1869 1953 2016 2015 sensum,
2049 1929 2135 2012 quod

141 2040 285 2102 pungere
318 2017 463 2100 stupidos
498 2018 584 2096 illos,
622 2040 722 2101 quum
756 2018 905 2083 viderent
936 2017 1030 2082 illum
1064 2019 1112 2082 ita
1162 2016 1294 2093 scilicet,
1329 2027 1498 2101 postquam
1527 2018 1589 2083 sibi
1615 2017 1754 2083 blanditi
1783 2019 1906 2083 fuerint
1935 2017 2134 2100 hypocritae,

141 2104 314 2184 discedere,
336 2104 489 2186 quoniam
509 2104 592 2170 nihil
613 2105 682 2188 spei
699 2104 733 2168 in
751 2103 832 2186 ipsis
852 2113 922 2167 erat
939 2102 1109 2185 reliquum.
1162 2107 1196 2166 et
1218 2111 1308 2166 totus
1337 2089 1434 2168 etiaim
1463 2102 1605 2169 mundus
1626 2103 1701 2168 illos
1723 2103 1906 2186 palpaverit
1928 2103 1997 2168 suis
2021 2102 2134 2166 adula-

140 2189 332 2255 Tenendum
356 2190 442 2254 enim
461 2197 511 2256 est
534 2190 619 2272 quod
644 2190 720 2255 alibi
744 2189 823 2268 dixi,
845 2188 1022 2272 prophetas
1043 2209 1110 2253 non
1163 2186 1313 2264 tionibus,
1348 2189 1411 2254 hoo
1433 2189 1516 2253 nihil
1545 2189 1612 2256 illis
1641 2189 1781 2272 profore,
1814 2190 1967 2271 quoniam
2001 2188 2135 2252 tandem

140 2278 187 2340 ita
221 2276 321 2340 fuisse
354 2277 559 2340 concionatos
588 2276 628 2339 ad
658 2276 792 2340 verbum
827 2285 864 2339 ιιι
892 2277 1110 2357 sorIpserunt:
1162 2273 1361 2339 veniendum
1384 2275 1446 2339 erit
1469 2273 1509 2337 ad
1530 2274 1687 2341 iudicium
1703 2274 1784 2340 Dei:
1806 2294 1913 2340 eoram
1932 2274 2002 2338 Deo
2025 2284 2136 2338 autem

141 2360 197 2427 sed
231 2381 331 2443 quum
365 2361 477 2425 multis
511 2362 618 2427 verbis
655 2361 799 2444 egissent
831 2359 918 2442 apud
955 2360 1110 2442 populum
1162 2359 1232 2424 sola
1254 2361 1376 2425 veritas
1397 2360 1502 2424 locum
1525 2370 1559 2425 et
1580 2361 1720 2443 pretium
1743 2359 1879 2426 obtinet.
1925 2360 2046 2424 Postea
2078 2357 2135 2423 ad-

141 2460 253 2529 postea
270 2467 432 2512 summam
450 2446 659 2531 colligebant:
685 2455 716 2510 et
732 2447 808 2511 hino
827 2445 1008 2528 prophetici
1024 2445 1109 2511 libri.
1162 2445 1285 2529 iungit,
1316 2444 1507 2511 Percussieta'
1533 2466 1594 2529 eoa,
1625 2451 1735 2511 daea
1756 2447 1934 2513 doluerunt.
1979 2445 2044 2511 Hic
2076 2445 2136 2508 du·

139 2532 218 2597 Ideo
242 2553 308 2596 non
332 2530 465 2596 dubium
495 2544 562 2612 est,
596 2534 675 2615 quin
698 2532 855 2597 Ieremias
887 2532 1015 2613 prolixe
1044 2532 1110 2595 dis·
1162 2532 1269 2595 ritiem
1292 2532 1401 2613 populi
1424 2531 1576 2617 obiurgat
1608 2533 1776 2615 propheta,
1810 2532 1898 2614 quod
1922 2553 1962 2596 ne
1985 2531 2041 2596 icti
2064 2531 2135 2611 qui·

139 2619 279 2683 seruerit
305 2617 345 2682 de
369 2618 583 2699 poenitentia:
617 2619 696 2699 quin
730 2617 887 2680 adversus
922 2617 1109 2699 hypocritas
1162 2616 1234 2680 dem
1265 2616 1469 2699 resipuerint.
1514 2617 1601 2681 Nam
1633 2618 1847 2700 experientia,
1882 2629 1920 2681 ut
1948 2617 2136 2698 loquuntur,

140 2705 288 2768 invectus
311 2704 425 2767 fuerit:
450 2705 527 2784 quin
547 2703 705 2767 detexerit
727 2701 871 2767 fallacias
892 2704 999 2784 gentis
1016 2720 1109 2767 suae:
1162 2701 1317 2784 magistra
1350 2711 1400 2766 est
1432 2702 1625 2767 stultorum:
1661 2714 1694 2768 et
1728 2703 1788 2768 hoc
1823 2703 1926 2767 veteri
1962 2700 2136 2784 proverbio

139 2788 218 2870 quin
249 2809 363 2854 severe
396 2789 493 2853 etiam
527 2789 719 2871 corripuerit
751 2789 999 2853 contumaciam.
1042 2787 1109 2852 Sed
1162 2788 1359 2853 celebratum
1382 2787 1453 2864 fuit,
1476 2789 1594 2855 stultos
1617 2789 1702 2853 malo
1724 2801 1855 2870 accepto
1874 2807 1998 2871 sapere.
2031 2784 2136 2868 Saepe

141 2874 315 2956 posthaec
338 2874 601 2940 omnianecesse
630 2874 699 2952 fuit,
732 2873 940 2955 illumquasi
964 2873 1110 2938 emedio
1162 2879 1196 2936 et
1224 2881 1339 2955 poetae
1372 2883 1405 2937 et
1433 2872 1579 2939 historici
1614 2885 1775 2957 usurpant
1810 2873 1895 2938 hanc
1925 2874 2135 2939 sententiam.

140 2981 237 3025 eursu
272 2960 481 3037 retrocedere,
515 2961 669 3041 quoniam
704 2958 834 3024 videbat
867 2958 951 3023 nihil
984 2958 1110 3025 fructus
1162 2957 1273 3038 Quum
1296 2959 1396 3042 igitur
1425 2958 1472 3024 ita
1499 2959 1681 3043 praefracto
1714 2971 1823 3025 essent
1856 2960 1988 3043 ingenio
2010 2957 2136 3040 Iudaei,

140 3067 234 3127 posse
258 3067 300 3110 ex
317 3067 415 3128 opera
437 3066 496 3110 sua
518 3058 551 3109 et
568 3045 808 3129 praedicatione
831 3045 967 3127 sperari.
999 3043 1111 3124 Quum
1163 3055 1200 3108 ut
1218 3066 1260 3108 ne
1278 3044 1416 3127 flagellis
1434 3045 1565 3126 quidem
1585 3047 1822 3128 resipiscerent,
1846 3046 1909 3110 fuit
1927 3045 1988 3110 hoo
2006 3044 2138 3128 signum

141 3152 218 3215 ergo
239 3130 300 3196 hoc
323 3132 443 3195 seirent
465 3131 589 3214 Iudaei,
624 3131 734 3196 decuit
766 3130 840 3196 illos
871 3131 976 3214 magis
1005 3131 1109 3195 affici:
1163 3130 1298 3194 ultimae
1321 3130 1501 3212 pravitatis.
1540 3132 1586 3195 Et
1608 3132 1680 3196 ideo
1704 3132 1863 3214 propheta
1885 3131 1939 3196 hio
1961 3128 2138 3195 subscribit

140 3216 411 3298 quemadmodum
437 3238 525 3282 nuno
548 3217 601 3282 ubi
624 3217 775 3283 videmus
797 3216 948 3298 spiritum
967 3215 1031 3280 Dei
1054 3237 1111 3281 ex·
1163 3215 1322 3299 superiori
1352 3218 1543 3295 sententiae,
1575 3218 1629 3283 ubi
1651 3217 1743 3282 Deus
1766 3239 1800 3282 se
1823 3218 1952 3283 dicebat
1980 3216 2051 3285 fore
2080 3237 2136 3281 ex-

141 3303 284 3385 asperari
307 3313 420 3366 nostra
441 3303 653 3380 contumacia,
677 3302 829 3385 quoniam
852 3302 913 3367 hoo
936 3310 986 3367 est
1008 3302 1111 3366 horri·
1162 3302 1328 3379 orabilem,
1358 3304 1386 3366 si
1410 3301 1462 3366 vel
1485 3324 1571 3368 unus
1600 3305 1760 3386 quispiam
1783 3304 1990 3367 inveniretur
2011 3303 2045 3365 in
2069 3310 2137 3364 tota

141 3388 204 3451 bile
226 3397 429 3470 portentum:
464 3387 535 3453 ideo
557 3388 640 3453 nihil
663 3401 725 3466 est,
758 3385 844 3469 quod
868 3389 972 3470 magis
997 3387 1110 3453 vulne·
1163 3387 1242 3452 urbe
1265 3389 1402 3471 integer.
1440 3388 1606 3470 Propheta
1627 3390 1800 3453 confirmat
1821 3388 1907 3454 hano
1929 3386 2136 3462 sententiam,

141 3495 214 3537 rare
241 3471 355 3538 debeat
383 3473 509 3538 animos
539 3483 684 3540 nostros:
718 3472 807 3553 Quid
831 3472 892 3537 hoc
913 3472 986 3538 est?
1021 3474 1111 3538 Deus
1162 3473 1219 3538 ubi
1236 3472 1325 3551 dicit,
1345 3472 1533 3540 Percussae
1551 3494 1610 3555 eos,
1629 3495 1690 3539 aon
1707 3474 1878 3539 doluerunt.
1909 3473 1982 3537 Non
2002 3470 2136 3536 dubium

142 3580 199 3624 nos
221 3559 365 3641 quotidie
387 3558 592 3624 familiariter
612 3560 730 3624 invitat
748 3557 789 3623 ad
805 3576 854 3622 se:
877 3557 934 3623 sed
950 3558 1005 3624 ubi
1021 3558 1111 3624 videt
1162 3569 1212 3623 est
1233 3559 1312 3640 quin
1333 3558 1448 3622 Iudaei
1470 3559 1693 3641 ingemuerint
1714 3559 1775 3624 sub
1797 3560 1913 3642 plagis,
1935 3558 2014 3640 quin
2037 3558 2136 3622 etiam

141 3657 207 3708 tam
230 3643 312 3710 dura
335 3645 428 3709 nobis
451 3666 520 3710 esse
542 3645 641 3711 corda
663 3654 695 3709 et
717 3645 833 3726 capita,
863 3643 1018 3726 relinquit
1041 3664 1108 3719 nos,
1163 3644 1371 3721 ululaverint,
1395 3656 1428 3707 et
1449 3644 1624 3709 effuderint
1647 3654 1772 3709 atroces
1795 3645 2025 3727 querimonias.
2064 3640 2136 3708 Sci·

141 3730 294 3811 quoniam
325 3751 470 3794 moerore
501 3730 662 3795 afficimus
695 3730 765 3792 eius
796 3729 964 3810 spiritum,
997 3749 1108 3810 quom·
1162 3749 1236 3793 mus
1259 3730 1346 3792 enim
1369 3749 1467 3811 quam
1489 3730 1675 3810 petulanter
1697 3729 1927 3796 maledixerint
1952 3730 2032 3794 Deo.
2070 3726 2137 3793 Do-

141 3813 315 3879 admodum
338 3814 457 3879 dicitur
478 3817 564 3897 apud
587 3815 710 3879 Isaiam
732 3813 797 3898 (63,
823 3813 884 3900 10).
930 3815 1020 3897 llrgo
1043 3836 1109 3879 non
1162 3814 1270 3879 lebant
1303 3815 1422 3897 igitur:
1456 3813 1512 3879 sed
1545 3815 1599 3881 hio
1618 3816 1820 3899 vspecialiter
1852 3816 1981 3897 capitur
2015 3834 2135 3878 nomen

142 3900 202 3963 luit
225 3900 302 3964 trita
324 3909 357 3964 et
378 3902 558 3966 communis
581 3901 661 3965 haeo
684 3898 818 3964 docendi
841 3899 934 3975 ratio,
957 3899 1013 3964 sed
1036 3901 1110 3983 plus
1163 3900 1296 3980 doloris,
1326 3899 1600 3982 quemadmodum
1632 3901 1686 3966 ubi
1709 3902 1834 3967 Paulus
1864 3902 1904 3966 de
1933 3901 2135 3983 poenitentia

141 3986 255 4050 habuit
276 3985 440 4052 efficaciae
462 4006 560 4068 quam
588 3986 728 4067 simplex
762 3985 917 4062 doctrina,
950 3986 1003 4049 ubi
1036 4007 1110 4068 pro·
1162 3986 1301 4061 disserit,
1334 3987 1405 4050 eius
1428 3986 1625 4069 principium
1649 3988 1740 4054 docet
1762 4009 1833 4053 esse
1862 3987 2044 4052 tristitiam:
2078 3985 2134 4052 Sic

140 4071 240 4152 pheta
271 4070 414 4138 ostendit
447 4073 506 4136 sibi
541 4093 605 4136 non
636 4072 775 4154 amplius
808 4092 878 4137 esse
907 4072 1108 4136 tolerabilem
1162 4073 1258 4137 etiam
1289 4072 1349 4136 hoo
1378 4072 1448 4138 loco
1480 4080 1580 4156 negat
1613 4073 1773 4156 propheta
1805 4072 1948 4144 doluisse
1982 4094 2046 4148 eos,
2079 4071 2134 4154 qui

142 4157 251 4239 populi
274 4158 325 4222 sui
348 4157 516 4223 malitiam.
560 4156 706 4240 Iebovalq
738 4158 853 4240 inquit,
884 4158 964 4223 oculi
986 4157 1033 4222 tot
1054 4177 1110 4222 ors
1162 4157 1305 4222 confusis
1328 4166 1423 4221 erant
1445 4160 1641 4234 animis-ita
1658 4170 1696 4223 ιιι
1713 4180 1780 4224 non
1797 4161 1958 4224 sentirent
1980 4159 2041 4221 sibi
2064 4178 2134 4222 esso

140 4263 202 4307 ιιοιι
229 4244 271 4308 od
296 4243 416 4324 fidem?
450 4241 560 4322 Quum
587 4243 636 4307 ita
665 4244 771 4308 Deum
805 4242 992 4326 alloquitur,
1026 4245 1109 4307 anti·
1162 4265 1233 4310 eum
1252 4243 1323 4306 Deo
1346 4244 1523 4327 negotium.
1557 4245 1648 4328 Ergo
1671 4245 1866 4309 tantundem
1889 4243 2051 4327 significat
2072 4243 2134 4308 hoo

141 4328 242 4393 thesis
265 4331 377 4395 subest
398 4330 484 4394 inter
502 4328 609 4393 Deum
632 4339 665 4393 et
686 4329 844 4394 homines.
881 4328 966 4394 Nam
990 4330 1109 4395 scimus
1162 4329 1261 4395 verbo
1291 4338 1388 4411 atque
1418 4331 1502 4394 alter
1534 4331 1701 4413 propheta,
1735 4331 1791 4395 ubi
1814 4331 1893 4396 dicit
1915 4350 1970 4395 eos
1993 4349 2059 4393 non
2083 4349 2134 4393 re·

141 4425 177 4478 ut
199 4413 261 4476 sibi
284 4415 431 4496 placeant
460 4414 701 4480 sceleratissimi
723 4416 852 4497 quique,
886 4414 942 4480 ubi
971 4426 1110 4497 possunt
1162 4416 1308 4497 spexisse
1331 4414 1371 4478 ad
1393 4436 1526 4479 manum
1550 4416 1772 4498 percutientis.
1808 4415 1922 4499 Neque
1945 4415 2032 4479 enim
2055 4413 2134 4478 dicit

141 4500 282 4563 retinere
313 4502 433 4564 famam
467 4512 499 4565 et
530 4501 705 4582 applausus
738 4500 863 4566 mundi.
907 4499 1110 4582 Quantisper
1161 4501 1263 4566 luisse
1292 4508 1358 4564 tam
1391 4501 1551 4578 socordes,
1587 4512 1623 4565 ιιι
1650 4522 1715 4567 ιιοιι
1749 4503 1911 4567 sentirent
1939 4502 2042 4565 ictus:
2075 4498 2132 4565 sed

142 4604 219 4667 ergo
249 4596 383 4648 manent
412 4587 445 4649 in
468 4587 583 4670 pretio,
617 4586 662 4650 ita
688 4585 892 4651 indormiunt
918 4587 985 4651 suis
1009 4586 1107 4651 vitiis.
1160 4588 1286 4651 interea
1308 4606 1423 4652 manus
1446 4587 1509 4651 Dei
1533 4596 1604 4652 erat
1625 4587 1691 4652 illis
1713 4586 1912 4654 abscondita.
1946 4585 2050 4668 Atqui
2072 4585 2133 4650 hoo

141 4669 305 4752 Propheta
339 4671 422 4736 hanc
456 4673 589 4736 stultam
621 4671 852 4736 confidentiam
887 4672 1031 4754 deridet,
1071 4693 1108 4737 ac
1160 4681 1210 4737 est
1243 4672 1454 4754 praecipuum
1488 4675 1522 4736 in
1556 4672 1666 4738 dolore
1698 4685 1819 4740 nostro.
1865 4673 1950 4738 Nam
1979 4673 2007 4737 si
2038 4691 2132 4737 caeco

141 4756 284 4819 ostendit
316 4757 397 4821 alios
430 4778 500 4822 esse
532 4757 641 4822 oculos
672 4758 742 4822 Deo
775 4778 874 4839 quam
907 4757 1107 4823 mortalibus.
1160 4759 1284 4840 impetu
1313 4757 1491 4822 clamamus
1524 4760 1617 4823 nobis
1651 4759 1736 4824 male
1766 4781 1846 4838 esse,
1880 4769 1913 4823 et
1942 4759 2133 4840 repetimus,

141 4840 299 4906 Mortales
327 4842 416 4906 enim
439 4843 497 4905 vix
523 4843 562 4907 ad
594 4855 659 4908 tres
689 4842 807 4924 digitos
838 4864 941 4925 usque
974 4848 1110 4926 possunt
1160 4865 1231 4918 vae,
1265 4844 1396 4923 centies,
1430 4844 1506 4926 quid
1541 4844 1601 4909 hoc
1634 4844 1706 4910 est?
1741 4855 1870 4910 tantum
1904 4851 1983 4909 sunt
2016 4842 2132 4907 brutae

52 4983 53 4986 ,
140 4926 330 5009 adspectum
360 4949 455 4993 suum
478 4929 663 4994 extendere.
707 4929 798 4993 Deus
821 4941 929 4994 autom
958 4939 1109 5011 penetrat
1159 4930 1419 4994 lamentationes.
1462 4930 1526 4995 Ubi
1550 4940 1660 4995 autem
1683 4932 1873 5013 respicimus
1895 4950 2029 4994 manum
2058 4949 2132 5011 per·

141 5034 242 5095 usque
271 5014 311 5078 ad
341 5014 471 5078 intimos
493 5022 527 5078 et
548 5014 795 5080 occultissimos,
815 5036 959 5080 recessus
992 5015 1107 5080 cordis.
1160 5015 1322 5087 cutientis,
1356 5014 1411 5080 ille
1444 5025 1493 5081 est
1523 5037 1618 5081 verus
1651 5016 1751 5093 dolor,
1785 5026 1818 5080 et
1847 5024 1934 5080 recte
1965 5016 2130 5080 formatus.

141 5097 197 5163 Sic
219 5120 296 5183 ergo
319 5100 479 5181 propheta
495 5100 641 5182 loquitur
659 5100 699 5164 de
713 5100 815 5165 oculis
828 5101 889 5165 Dei
908 5107 945 5166 ut
959 5099 1110 5166 ostendat
1160 5101 1233 5166 Hoc
1263 5120 1362 5164 sensu
1393 5111 1491 5184 negat
1517 5102 1674 5167 Ieremias
1702 5101 1840 5166 Iudaeos
1870 5100 2020 5176 doluisse,
2055 5101 2133 5182 quia

140 5183 259 5248 frivola
281 5207 351 5250 esse
373 5185 542 5251 hominum
564 5186 693 5267 iudicia,
725 5186 877 5268 quoniam
900 5197 1029 5269 praeter
1051 5207 1107 5250 ex·
1161 5208 1226 5250 non
1248 5198 1423 5250 senserunt
1445 5209 1480 5253 se
1501 5189 1585 5253 iuste
1607 5189 1759 5270 castigari
1784 5187 1846 5252 Dei
1869 5207 1977 5251 manu.
2012 5187 2132 5252 Postea

141 5282 270 5334 ternum
300 5271 504 5353 splendorem
532 5271 614 5336 nihil
638 5284 805 5353 quaerunt.
850 5271 944 5337 Fidei
966 5273 1108 5353 nomine,
1161 5270 1338 5354 amplificat
1360 5272 1446 5340 hanc
1468 5273 1657 5351 doctrinam,
1683 5272 1911 5354 Gonaoapsiatl
1932 5293 1990 5357 eoo,
2017 5274 2132 5357 inquit,

238 5371 349 5429 Oaloina'
363 5388 458 5442 opero.
490 5373 551 5429 Vol.
565 5373 730 5430 XXXVII.
1893 5376 1928 5430 39
