4784 5970
133 371 172 435 21
1005 368 1157 437 OAPUP
1178 370 1256 436 XL.
2086 379 2138 445 22

133 560 289 627 reddebat
311 561 338 627 si
360 581 398 625 ea
421 559 607 643 posthabita
629 581 703 626 cum
733 560 909 627 incredulis
938 582 973 626 se
1003 559 1109 642 prola·
1162 559 1343 642 potentiam
1366 561 1537 627 extollens.
1582 562 1749 644 Quorsum
1772 562 1804 627 id
1827 564 1924 631 faciat
1946 567 2038 650 prins
2061 568 2140 637 atti·

134 657 262 713 nerent.
306 647 419 729 Neque
441 648 528 711 enim
551 647 658 711 solum
685 646 853 711 oculorum
884 646 1007 711 intuitu
1037 666 1111 710 con·
1162 646 1287 729 gimns:
1317 649 1393 729 qnia
1419 646 1542 714 scilicet
1562 649 1642 715 adeo
1671 652 1822 733 propensi
1850 651 1892 716 ad
1920 651 2137 721 diffidentiam

134 735 212 800 victi
243 747 347 813 erant,
375 733 431 797 sed
462 732 590 797 aurium
621 753 746 815 quoque
776 754 883 811 sensu,
915 752 996 815 quas
1020 732 1110 796 Deus
1162 752 1286 812 sumus,
1317 742 1355 797 nt
1384 736 1549 800 occasione
1577 735 1629 799 vel
1659 737 1796 801 minima
1825 737 2032 805 vacillemus:
2063 739 2136 806 idco

134 820 264 885 assidue
290 819 482 885 verberabat
510 818 594 902 legis
621 840 698 884 suae
728 818 978 900 praedicatione.
1023 816 1110 897 Quia
1162 817 1310 900 pluribus
1333 819 1496 886 inculcare
1517 822 1647 905 cogitur
1675 820 1842 905 propbeta,
1872 833 1910 887 ut
1930 825 2077 891 infirmos
2099 845 2137 891 ac

135 908 235 990 igitur
264 906 303 972 ab
334 905 490 971 uberibus
519 916 660 969 matrum
696 904 792 968 simul
825 924 899 968 cum
932 903 1017 970 lacte
1048 905 1109 966 im·
1161 902 1362 970 labascentes
1384 907 1511 971 animos
1533 908 1567 970 in
1594 907 1713 974 fiducia
1734 906 1798 972 Dei
1828 909 2002 975 contineat.
2046 912 2136 978 Ante

134 991 286 1056 biberant
307 1011 420 1055 veram
450 991 600 1055 notitiam
632 988 705 1068 Dei,
736 999 769 1053 et
798 988 895 1072 longa
922 998 1109 1071 temporum
1160 989 1290 1071 quidem
1314 990 1353 1054 de
1371 992 1486 1056 mundi
1504 994 1667 1058 creatione
1684 993 1840 1077 loquutus
1859 1008 1924 1060 est:
1948 1017 2035 1061 nuno
2056 1017 2135 1063 vcro

132 1079 216 1143 serie
239 1098 257 1141 a
279 1075 426 1160 patribus
448 1077 555 1141 edocti
576 1085 678 1152 erant,
702 1077 817 1139 merito
835 1076 1012 1157 exprobrat
1034 1095 1107 1157 pro·
1160 1075 1202 1139 ad
1224 1088 1417 1158 perpetuam
1446 1077 1719 1162 gubernationem
1749 1078 1932 1146 descendit:
1962 1082 2038 1164 quia
2070 1103 2135 1148 non

133 1164 232 1247 pheta
253 1163 351 1227 nimis
373 1162 520 1245 ingratos
543 1171 577 1225 et
598 1181 769 1243 perversos
799 1160 876 1238 iore,
905 1163 933 1226 si
962 1162 1108 1244 proiectu
1161 1182 1225 1227 uno
1248 1167 1377 1227 tantum
1400 1171 1566 1228 momento
1589 1184 1723 1229 manum
1752 1185 1844 1229 suam
1874 1169 2019 1232 exseruit
2042 1169 2135 1234 Deus

135 1248 221 1332 apud
243 1269 299 1314 eos
321 1246 430 1314 careat
452 1248 517 1311 tale
540 1245 776 1311 adiumentum.
814 1246 899 1312 Nam
922 1247 1005 1330 quod
1031 1245 1109 1311 dicit
1160 1247 1201 1311 ad
1224 1247 1401 1313 creandum
1424 1249 1594 1327 mundum,
1625 1249 1680 1314 sed
1704 1252 1737 1314 in
1760 1270 1798 1315 eo
1821 1253 2043 1318 conservando
2068 1276 2134 1320 non

135 1357 156 1400 a
171 1335 343 1417 principiis,
367 1333 417 1397 vel
440 1334 644 1416 iampridem,
667 1333 731 1398 huc
755 1333 906 1415 pertinet,
929 1352 995 1397 non
1013 1330 1108 1396 modo
1161 1333 1267 1397 minus
1299 1334 1474 1399 efficaciter
1506 1355 1579 1399 eam
1607 1335 1741 1417 profert.
1791 1340 1899 1418 Atque
1928 1336 1989 1404 boc
2020 1348 2135 1407 notatu

133 1422 317 1504 apneritia
345 1418 496 1484 educatos
525 1419 627 1484 fuisse
658 1420 692 1482 in
723 1439 805 1500 puro
827 1417 889 1482 Dei
920 1418 1019 1491 cultu,
1051 1416 1108 1480 sed
1161 1418 1297 1500 dignum
1327 1428 1394 1483 est:
1429 1420 1505 1501 quia
1534 1421 1653 1504 frigida
1685 1420 1864 1503 speculatio
1897 1434 1992 1505 esset,
2025 1426 2133 1490 Deum

134 1526 193 1588 per
214 1506 388 1572 continuas
416 1516 539 1569 aetates
564 1506 707 1589 viguisse
729 1504 764 1568 in
788 1515 885 1588 gente
907 1503 964 1568 illa
987 1502 1108 1568 doctri·
1160 1505 1282 1568 sentire
1304 1504 1418 1568 mnndi
1440 1517 1597 1584 autorem,
1628 1506 1691 1572 nisi
1720 1507 1761 1570 ad
1785 1507 1942 1572 tuendum
1972 1510 2044 1574 eius
2069 1518 2133 1576 sta·

135 1612 208 1656 nam
237 1611 318 1674 qnae
347 1611 401 1656 eos
429 1611 495 1654 non
525 1591 647 1655 sineret
676 1611 785 1656 errare
814 1591 841 1654 si
872 1589 968 1654 modo
998 1599 1108 1653 essent
1160 1598 1231 1653 tum
1261 1609 1389 1672 semper
1416 1600 1550 1655 extenta
1583 1603 1668 1656 esset
1699 1593 1768 1657 eius
1802 1613 1929 1659 manns.
1981 1593 2054 1661 Hoc
2083 1598 2134 1659 in·

133 1679 262 1742 attenti:
285 1676 420 1761 perinde
444 1698 480 1741 ac
503 1677 530 1741 si
554 1675 684 1753 diceret,
707 1697 773 1740 non
797 1675 924 1740 habetis
946 1676 1106 1739 novitium
1160 1674 1279 1759 telligit
1300 1674 1461 1758 propheta
1483 1676 1615 1740 sedendi
1638 1678 1746 1754 verbo,
1771 1686 1891 1743 terram
1914 1699 1976 1743 non
2000 1699 2133 1745 manere

133 1764 274 1847 aliquem
302 1763 421 1841 Deum,
453 1762 509 1826 sed
544 1783 617 1826 eum
651 1762 757 1844 ipsum
791 1762 846 1844 qni
880 1782 915 1826 se
943 1760 1106 1835 Abrabae,
1160 1780 1219 1825 suo
1241 1761 1310 1825 loco
1332 1761 1479 1827 stabilem
1499 1771 1532 1826 et
1553 1763 1665 1837 fixam,
1689 1764 1751 1827 nisi
1771 1774 1933 1845 quatenus
1951 1766 2132 1830 sustinetur

133 1850 229 1928 Mosi,
258 1849 458 1930 caeterisque
486 1847 635 1929 patribus
661 1846 703 1912 ab
730 1847 823 1911 initio
853 1847 1016 1930 patefecit.
1062 1846 1107 1910 Et
1160 1846 1224 1910 Dei
1257 1848 1390 1912 virtute.
1443 1847 1527 1911 Nam
1558 1849 1657 1913 sessio
1692 1849 1911 1931 metaphorice
1939 1850 2133 1916 tantundem

133 1947 220 2001 certe
250 1953 316 1998 non
346 1955 448 2017 parva
488 1934 565 1998 hinc
603 1934 805 1998 confirmatio
842 1933 980 2008 accedit,
1020 1930 1105 2014 quod
1159 1933 1247 1997 valet
1269 1944 1367 2014 atque
1389 1933 1572 2015 imperium.
1606 1934 1728 1998 Terrae
1754 1955 1831 1998 vero
1853 1934 1975 2000 incolas
1997 1935 2131 2003 locustis

133 2031 279 2086 vetustas
317 2019 483 2084 doctrinae
524 2020 615 2084 nobis
654 2030 796 2101 constat,
841 2040 923 2100 quae
959 2040 1018 2101 per
1057 2027 1106 2082 tot
1158 2039 1360 2100 comparans,
1383 2019 1535 2082 admonet
1556 2019 1665 2083 Deum
1696 2020 1829 2084 minime
1857 2021 1978 2085 includi
2002 2021 2054 2086 bis
2076 2044 2132 2087 an·

132 2107 261 2173 saecula
282 2107 369 2170 inter
391 2105 503 2170 fideles
521 2106 709 2169 continuata
730 2115 787 2170 cst.
831 2105 904 2169 Non
928 2105 1012 2186 quod
1036 2104 1105 2169 sola
1158 2106 1284 2187 gustiis,
1319 2104 1395 2187 quia
1425 2125 1466 2168 ne
1497 2104 1578 2168 coeli
1611 2105 1742 2187 quidem
1775 2107 1883 2197 ipsum
1917 2108 2132 2190 comprehen-

133 2193 173 2256 ad
206 2192 283 2258 fidei
309 2191 536 2256 certitudinem
566 2190 709 2256 sufficiat
739 2191 915 2273 antiquitas
943 2188 1034 2275 (qnia
1063 2211 1104 2255 ex
1159 2191 1257 2255 dunt:
1286 2202 1324 2254 ut
1346 2189 1515 2264 discamus,
1539 2193 1667 2272 quoties
1689 2192 1727 2255 lit
1748 2191 1811 2255 Dei
1835 2192 1965 2264 mentio,
1987 2192 2069 2256 nibil
2092 2192 2132 2258 de

132 2281 275 2362 opposito
310 2277 460 2360 gentibus
493 2288 678 2360 promptum
713 2277 828 2340 fuisset
862 2277 999 2342 obiicere
1039 2297 1103 2340 non
1157 2274 1474 2359 incomprebensibili
1497 2276 1568 2342 eius
1589 2278 1693 2359 gloria
1712 2286 1864 2341 terrestre
1880 2277 1932 2341 vel
1952 2276 2131 2343 humanum

120 2361 240 2429 'minus
263 2371 410 2427 vetustas
433 2383 509 2427 suas
532 2384 602 2426 esse
626 2364 885 2446 superstitiones)
916 2362 972 2426 sed
1002 2383 1103 2443 quum
1157 2363 1338 2444 concipere.
1388 2361 1563 2426 Caeterum
1595 2365 1688 2428 docet
1717 2363 1796 2427 baec
1825 2362 2006 2427 similitudo
2034 2384 2133 2446 quam

133 2450 173 2514 ab
196 2451 289 2515 initio
311 2448 439 2514 abunde
470 2450 595 2514 sancita
624 2449 737 2512 fuisset
763 2449 845 2531 legis
874 2450 1042 2527 autoritas,
1071 2459 1104 2511 et
1157 2449 1294 2513 ridicula
1323 2449 1366 2514 sit
1394 2447 1563 2511 hominum
1593 2449 1737 2514 caecitas
1759 2449 1838 2512 dum
1868 2448 1948 2513 nibil
1977 2470 2040 2513 non
2072 2448 2131 2515 sibi

133 2545 269 2602 testatus
297 2534 413 2599 fuisset
436 2535 526 2599 Deus
550 2556 568 2598 a
590 2555 626 2598 se
655 2554 724 2598 esso
755 2535 941 2615 proiectam,
969 2534 1105 2599 accessit
1158 2544 1329 2618 arrogant:
1357 2535 1433 2616 qnia
1455 2534 1649 2598 tantundem
1674 2535 1848 2617 proficiunt
1871 2537 1938 2600 suis
1959 2536 2131 2615 iactantiis,

132 2644 172 2687 cx
194 2622 293 2705 longo
317 2643 377 2685 usu
400 2641 466 2684 non
490 2640 593 2701 parva
615 2620 829 2696 confirmatio,
859 2640 958 2701 quum
983 2620 1105 2684 scirent
1158 2639 1195 2683 ac
1217 2622 1243 2684 si
1275 2620 1419 2684 minutae
1449 2617 1606 2700 quaedam
1637 2619 1798 2695 bestiolae,
1832 2620 1942 2701 quales
1974 2631 2052 2684 sunt
2085 2621 2132 2685 lo·

132 2709 252 2790 posteri
286 2707 439 2770 traditam
471 2706 531 2769 sibi
559 2706 658 2769 luisse
685 2726 705 2769 a
731 2704 908 2768 maioribus
938 2704 1104 2785 religionis
1157 2716 1279 2780 costae,
1309 2703 1457 2769 saltando
1487 2724 1522 2767 sc
1552 2704 1714 2769 efferrent.
1759 2706 1860 2787 Atqui
1896 2726 1970 2768 mox
2000 2726 2132 2770 necesse

133 2794 286 2870 formam,
320 2811 402 2874 qnae
436 2790 528 2856 abiici
563 2812 628 2854 non
664 2800 790 2873 poterat
824 2790 896 2853 sine
928 2793 1015 2872 turpi
1049 2790 1104 2852 de·
1158 2801 1209 2854 est
1232 2812 1286 2854 eas
1310 2792 1343 2853 in
1367 2800 1489 2853 terram
1513 2789 1665 2853 recidere.

133 2879 281 2945 fectionis
297 2888 382 2942 nota.
417 2875 489 2940 'Pali
512 2876 613 2958 igitur
629 2876 761 2940 exordio
777 2885 809 2940 et
823 2895 996 2959 progressu
1012 2874 1104 2941 dubi·

133 2966 213 3030 tatio
236 2965 343 3028 omnis
365 2963 458 3026 facile
480 2963 615 3027 tollitur.
661 2961 735 3027 Una
758 2982 835 3026 vero
858 2970 891 3024 et
913 2960 1025 3026 eadem
1049 2981 1104 3025 no·

133 3051 181 3116 bis
196 3050 292 3115 hodie
307 3047 387 3113 fides
403 3069 477 3113 cum
493 3048 649 3130 patribus,
666 3068 766 3130 quum
781 3047 920 3112 eundem
937 3044 1103 3112 nobiscum

132 3136 249 3215 Deum,
282 3145 408 3218 patrem
443 3133 575 3198 Domini
608 3132 712 3198 nostri
742 3133 818 3198 Iesu
850 3131 974 3199 Christi
1004 3153 1103 3215 agno·

132 3224 253 3286 verint.
298 3221 392 3285 Idem
420 3220 508 3283 enim
538 3239 655 3295 sermo,
684 3217 797 3283 eadem
826 3220 995 3300 promissa,
1017 3217 1104 3281 idem

133 3310 221 3386 linis,
255 3306 317 3390 piis
339 3306 488 3371 omnibus
510 3306 673 3389 proposita
693 3314 778 3369 sunt.
822 3303 920 3384 Quod
943 3303 1037 3385 dicit,
1067 3323 1104 3367 ex

132 3393 345 3476 tanmmottia
365 3396 475 3469 terroe
504 3391 739 3474 synecdochica
762 3398 812 3455 est
833 3390 993 3472 loquutio:
1028 3409 1104 3472 pars

133 3481 220 3544 enim
243 3476 354 3542 mundi
387 3497 444 3558 pro
467 3486 536 3541 toto
559 3476 726 3561 accipitur.
772 3476 862 3540 Deus
884 3486 994 3540 antem
1016 3476 1105 3540 bunc

1244 2917 1412 3000 Espartdd
1440 2917 1532 2998 quasi
1568 2918 1753 2986 tentorium.
1798 2917 1923 2983 Eladem
1951 2917 2054 2984 forma
2083 2919 2131 2984 lo·

1158 3005 1277 3086 qnendi
1295 3004 1398 3069 utitur
1415 3003 1515 3067 etiam
1531 3002 1641 3068 David
1659 3004 1759 3091 (Psal.
1777 3004 1849 3079 104,
1868 3004 1918 3086 2):
1937 3005 2131 3088 agitantem

1158 3103 1294 3171 uterque
1316 3087 1356 3155 de
1377 3088 1543 3156 coelorum
1561 3101 1694 3171 aspectu
1712 3099 1745 3153 et
1762 3092 1960 3173 expansione
1983 3101 2132 3172 respectu

1158 3177 1270 3243 nostri.
1297 3174 1366 3241 Nec
1384 3175 1470 3239 enim
1489 3173 1679 3258 intelligunt
1693 3176 1800 3240 Deum
1816 3175 2001 3259 expandere
2015 3177 2130 3251 coelos,

1158 3263 1251 3326 utin
1274 3262 1316 3327 iis
1338 3261 1471 3338 habitet,
1505 3260 1564 3325 sed
1587 3275 1623 3325 ut
1645 3263 1737 3326 nobis
1759 3261 1869 3344 potius
1892 3260 1986 3325 detur
2007 3262 2068 3326 sub
2091 3262 2131 3327 iis

1158 3346 1327 3413 babitandi
1359 3347 1459 3413 locus.
1514 3344 1562 3413 Ut
1594 3347 1682 3412 enim
1714 3348 1914 3412 sustinemur
1947 3359 2050 3423 terra,
2084 3348 2131 3411 ita

1157 3433 1256 3498 coelis
1278 3433 1491 3516 contegimur,
1513 3453 1575 3514 quo
1593 3444 1715 3497 sertam
1733 3442 1768 3497 et
1785 3442 1902 3496 tectam
1922 3432 2131 3515 undiquaque

134 3564 291 3629 mundum
319 3562 418 3628 veluti
446 3561 614 3644 speculum
643 3563 811 3644 proposuit
841 3561 1037 3639 hominibus,
1068 3569 1105 3625 ut
1157 3519 1358 3583 mansionem
1394 3518 1582 3584 habeamus.
1638 3517 1764 3582 Verum
1798 3517 1859 3581 bae
1899 3517 2131 3583 similitudines

133 3670 174 3713 ex
197 3650 266 3714 eius
289 3660 421 3731 aspectu
445 3648 645 3712 maiestatem
675 3647 777 3728 ipsius
807 3658 1037 3731 agnoscerent:
1070 3655 1106 3710 ut
1158 3605 1299 3669 multum
1328 3612 1506 3668 menum
1528 3602 1684 3668 Videntur
1711 3603 1905 3686 dignimoem
1934 3602 1981 3668 rei
2004 3601 2045 3668 de
2066 3624 2131 3702 qui*

132 3735 177 3800 sit
210 3736 285 3799 viva
317 3736 425 3817 imago
459 3755 570 3798 rerum
609 3732 838 3810 invisibilium,
875 3731 972 3796 sicuti
1003 3732 1105 3796 fusius
1159 3690 1318 3771 pr⁰ph⁰t⁸
1338 3699 1558 3768 ⁰⁰⁰⁰¹⁰⁰⁸⁸¹¹¹r
1587 3708 1687 3771 quum
1710 3698 1820 3753 iamim
1842 3710 1946 3771 ll)sam
1969 3710 2028 3772 2ῐο
2050 3709 2131 3753 Vll'l·

133 3819 264 3885 difflit
294 3819 420 3885 Paulus
447 3820 550 3902 primo
581 3818 621 3883 ad
649 3819 744 3883 Rom·
768 3838 836 3900 cap·
860 3816 905 3900 (v.
929 3816 993 3902 20).
1038 3817 1104 3881 Ex,
1159 3776 1220 3840 bns
1253 3774 1410 3839 extollere
1443 3783 1539 3856 atque
1576 3773 1741 3839 illustrare
1775 3774 1864 3840 velit.
1921 3774 2010 3856 Quid
2043 3775 2131 3840 enim

134 3907 300 3971 cusatione
323 3906 421 3988 igitur
442 3914 531 3970 caret
557 3924 667 3969 eorum
696 3903 896 3987 ignorantia:
932 3923 991 3967 nec
1018 3902 1104 3966 enim
1158 3861 1305 3926 mina?
1335 3860 1411 3943 quid
1435 3859 1635 3924 mimium?
1670 3859 1873 3944 Re⁸P⁰¹¹d⁰Q
1896 3862 1956 3926 Μ
1978 3859 2131 3927 Similiiu·

133 3993 193 4058 sibi
216 3992 418 4075 incognitum
436 3991 535 4056 fuisse
555 3991 662 4054 Deum
682 3989 808 4054 causari
828 3997 971 4071 possunt,
994 3988 1048 4069 qui
1071 4007 1106 4052 se

134 4088 184 4143 tot
205 4076 309 4142 modis
330 4075 490 4159 patefecit.
535 4076 579 4139 llt
606 4087 693 4141 certe
722 4075 828 4157 magis
858 4075 1045 4156 arrogantia
1074 4082 1107 4138 et

135 4162 222 4229 iaetu
244 4183 343 4245 quam
365 4161 549 4243 ignorantia
567 4169 703 4244 peccant
720 4160 877 4224 homines.
914 4158 1107 4242 Despiciunt

135 4251 223 4314 enim
253 4248 362 4313 Deum
395 4268 465 4313 sese
500 4246 607 4328 palam
640 4247 829 4310 offerentem
863 4266 900 4312 ac
933 4246 1029 4327 plane
1061 4246 1106 4309 lo·

135 4342 298 4417 quentem,
309 4334 344 4397 in
359 4332 516 4398 creaturis
531 4332 690 4413 rebusque
701 4332 885 4396 vanissimis
897 4339 1106 4412 occupantur.

137 4424 188 4485 An
207 4441 285 4485 vero
304 4419 377 4484 talis
395 4425 601 4501 contemptus
619 4417 860 4482 excusationem
876 4415 1041 4482 meretur?
1065 4438 1106 4481 an

136 4525 203 4569 non
236 4504 325 4588 digni
356 4514 432 4569 sunt
462 4505 517 4586 qui
546 4515 778 4578 excaecentur,
812 4512 910 4584 atque
940 4502 1006 4567 Dei
1038 4501 1107 4566 loco

136 4592 293 4675 figmenta
315 4612 374 4655 sua
396 4590 550 4653 adorent:
580 4589 674 4654 sicuti
697 4588 763 4652 fere
785 4589 936 4653 omnibus
959 4587 1108 4652 videmus

137 4674 320 4742 eccidisse?¹
344 4675 437 4740 Iusta
464 4675 607 4757 proiecto
629 4683 663 4738 et
685 4673 784 4758 digna
806 4685 897 4738 tanto
921 4673 1005 4738 fastu
1029 4674 1109 4738 baec

137 4783 241 4845 poena
263 4771 322 4826 est.
354 4760 449 4841 Quod
472 4763 499 4826 si
522 4761 598 4825 huic
619 4762 753 4837 notioni,
777 4781 840 4843 qua
863 4781 921 4842 per
943 4769 1108 4824 creaturas

136 4847 322 4925 imbuimur,
350 4846 479 4911 accedat
501 4839 599 4910 etiam
623 4845 770 4910 doctrina
792 4845 893 4921 verbi,
924 4846 1025 4909 multo
1048 4847 1108 4909 mi·

137 4955 199 4999 nus
221 4931 400 4999 excusandi
429 4953 550 4997 sumus.
595 4931 779 5013 Utrumque
808 4930 911 5012 igitur
938 4932 1110 4995 coniunxit

135 5019 247 5095 Isaias,
278 5027 315 5084 nt
337 5018 385 5084 bis
416 5016 618 5082 damnandos
646 5039 716 5083 esse
748 5016 885 5081 Iudaeos
916 5016 1109 5094 ostenderet,
1247 5015 1297 5080 23.
1320 5013 1465 5100 (Redipit
1477 5014 1637 5097 potentes.)
1668 5014 1782 5098 Pergit
1803 5017 1835 5079 in
1859 5014 2051 5079 celebranda
2067 5012 2131 5077 Dei

136 5107 198 5171 nisi
220 5103 261 5169 de
283 5105 426 5187 potentia
448 5102 511 5167 Dei
534 5111 567 5167 et
594 5103 739 5168 bonitate
769 5102 874 5167 edocti
897 5102 1108 5167 confiderent.
1162 5102 1377 5187 providentia,
1400 5121 1465 5183 qua
1487 5108 1575 5165 totus
1597 5099 1727 5182 quidem
1750 5100 1844 5182 orbis,
1871 5098 1927 5163 sed
1950 5098 2131 5164 humanum

221 5191 273 5256 22.
295 5191 347 5275 (Is
368 5188 472 5274 sedet.)
514 5188 728 5270 Persequitur
752 5187 838 5252 idem
868 5195 1109 5271 argumentum,
1161 5209 1265 5272 genus
1295 5187 1479 5269 specialiter
1506 5188 1638 5269 regitur.
1683 5185 1796 5267 Nuper
1825 5186 1985 5268 attingere
2014 5187 2131 5268 coepit,

137 5278 285 5360 quamvis
305 5277 431 5342 ratione
450 5275 610 5358 dissimili,
631 5273 908 5359 magnificentiam
932 5273 995 5337 Dei
1012 5284 1110 5357 atque
1163 5276 1268 5340 Deum
1293 5293 1358 5337 non
1387 5273 1435 5336 ita
1464 5272 1622 5337 mundum
1649 5269 1832 5337 condidisse
1860 5280 1898 5336 ut
1927 5280 2038 5354 postea
2067 5273 2133 5335 ior-

1891 5372 1925 5425 2*

1159 3946 1253 4011 dines
1286 3945 1394 4010 valere
1427 3943 1640 4011 nibilominus
1673 3945 1714 4010 ad
1755 3947 2038 4029 amplificationem
2072 3946 2131 4012 rei.

1159 4030 1303 4096 Perinde
1325 4031 1413 4095 enim
1442 4040 1491 4096 est
1513 4051 1551 4095 ac
1572 4033 1600 4096 si
1632 4030 1769 4096 diceret:
1801 4032 1882 4096 'llam
1905 4031 1999 4096 facilc
2023 4054 2043 4096 a
2063 4031 2137 4097 Deo

1160 4116 1295 4181 extendi
1328 4116 1464 4195 coelum,
1499 4137 1597 4199 quam
1628 4117 1667 4181 ab
1701 4115 1834 4181 bomine
1868 4116 2038 4182 cortinam.
2092 4116 2138 4182 Ει

1160 4203 1337 4285 unicuique
1359 4202 1631 4268 considerandum
1660 4201 1824 4283 relinquit,
1854 4213 2013 4285 quantum
2043 4202 2137 4268 diffe-

1161 4297 1237 4354 rant
1253 4288 1333 4353 coeli
1355 4309 1375 4352 a
1393 4289 1527 4363 cortina,
1547 4298 1581 4352 et
1598 4297 1721 4370 quanta
1738 4288 1782 4352 sit
1800 4308 1914 4351 eorum
1933 4286 2134 4371 magnitudo.

1161 4375 1266 4440 Nemo
1290 4374 1378 4439 enim
1401 4382 1452 4440 est
1478 4374 1530 4438 cui
1552 4372 1613 4439 hoc
1642 4373 1722 4438 satis
1751 4376 1959 4456 perspicuum
1989 4394 2052 4438 non
2082 4373 2134 4438 sit.

1162 4460 1317 4542 Denique
1348 4458 1460 4524 subest
1488 4458 1662 4524 antithesis
1692 4459 1778 4523 inter
1805 4458 2022 4538 tabernacula,
2053 4478 2135 4541 quac

1161 4546 1319 4611 laboriose
1342 4545 1471 4629 magnis
1491 4545 1647 4626 impensis
1664 4555 1697 4608 et
1718 4543 1816 4628 longo
1839 4555 1983 4627 tempore
2004 4557 2134 4609 exstru-

1161 4641 1224 4696 unt
1257 4632 1416 4710 bomines,
1449 4651 1531 4713 quae
1565 4638 1674 4694 tamen
1707 4630 1766 4695 vix
1798 4629 1839 4694 ad
1872 4639 2004 4696 centum
2035 4627 2134 4712 pedes

1162 4726 1354 4801 assurgunt:
1378 4727 1410 4781 et
1432 4717 1624 4780 immensam
1646 4713 1812 4781 coelorum
1835 4715 2042 4780 altitudinem
2065 4714 2133 4779 solo

1163 4803 1224 4869 Dei
1255 4813 1338 4868 nutu
1364 4801 1563 4883 dispositam,
1595 4821 1678 4884 quae
1708 4802 1787 4867 satis
1817 4802 1902 4868 clare
1933 4802 2134 4866 demonstrat

1161 4888 1266 4971 qualis
1288 4900 1321 4953 et
1343 4898 1487 4970 quantus
1509 4887 1552 4953 sit
1574 4887 1700 4952 artifex.
