4784 5970
189 357 252 423 379
1065 353 1114 418 IN
1136 353 1302 421 ISAIAM
2124 352 2187 419 380

275 547 304 610 9.
338 544 396 629 (Et
421 543 639 628 denoscetur.)
683 542 748 607 Hic
775 541 895 608 clarius
925 541 1055 608 disserit
1085 562 1159 625 pro·
1183 557 1187 651 Ι
1210 544 1379 627 coniungit
1409 565 1482 609 cum
1511 543 1630 621 saluts,
1660 541 1811 624 quoniam
1842 540 1981 607 alterum
2011 542 2052 608 ab
2082 541 2184 609 altero

189 633 289 715 pheta
311 630 351 694 de
373 631 602 713 propagatione
624 629 786 707 ecelesiae,
808 648 892 709 quae
914 634 993 693 tuno
1011 628 1103 692 velut
1124 627 1159 690 in
1183 654 1187 715 ,
1211 629 1339 712 seiungi
1368 650 1431 693 non
1460 638 1576 710 potest.
1615 627 1735 692 Notae
1768 628 1831 693 hae
1863 640 1940 692 sunt
1973 628 2185 711 metaphorae

189 726 329 801 angusto
351 727 456 781 terrae
483 715 603 799 angulo
631 713 784 779 conclusa
813 725 892 787 erat,
922 723 1018 795 atque
1048 724 1161 796 postea
1184 720 1187 763 ¹
1211 715 1341 779 vettium
1362 721 1389 780 et
1409 716 1664 781 indumentorum.
1711 713 1853 780 Perinde
1881 725 1932 779 est
1953 734 1991 780 ae
2013 717 2041 779 si
2063 716 2185 781 diceret

189 802 285 866 valde
307 802 481 865 imminuta
498 812 529 864 et
547 801 652 865 accisa
674 810 738 865 est:
761 797 1035 881 quemadmodum
1057 805 1161 882 capite
1184 770 1187 893 l
1212 799 1371 865 Collatam
1396 802 1429 864 in
1459 821 1494 865 se
1522 800 1679 865 iustitiam
1711 809 1745 863 et
1773 799 1922 864 salutem.
1967 798 2084 880 Quum
2108 822 2184 867 vero

188 889 293 971 primo
316 898 349 950 et
379 888 502 951 deeimo
526 886 679 951 vidimus.
725 885 866 950 Disserit
893 906 970 968 erge
994 884 1099 949 Isaias
1122 884 1161 949 de
1184 924 1187 945 ι
1212 888 1292 952 haec
1317 887 1473 952 beneficia
1502 888 1645 950 conferat
1668 885 1838 964 Dominus,
1867 885 2016 968 seqnitur
2044 887 2086 952 ab
2115 887 2184 969 ipso

189 974 324 1040 eeclesia
348 986 419 1054 post
448 972 548 1036 talem
578 971 839 1035 imminutionem
869 970 1076 1053 propaganda
1104 991 1161 1053 per
1184 952 1188 1041 l
1212 972 1279 1037 solo
1303 970 1441 1052 petenda
1463 981 1560 1053 atque
1582 970 1800 1053 exspectanda
1821 991 1901 1037 esse.

190 1067 293 1124 totum
317 1058 436 1134 orbem,
460 1060 506 1120 ite
524 1068 560 1121 ut
578 1058 752 1137 conspicua
771 1056 813 1120 sit
830 1057 978 1120 omnibus
998 1054 1187 1149 gentibus,
1297 1057 1447 1142 (ornavit
1468 1078 1515 1122 me
1536 1057 1664 1142 decore.)
1707 1056 1902 1138 Metapbora
1928 1070 2060 1141 sumpta
2088 1066 2183 1142 puta·

189 1143 284 1225 Quod
308 1155 417 1207 tamen
442 1166 481 1207 ne
503 1142 563 1207 sub
590 1163 689 1224 regno
717 1140 846 1222 quidem
871 1139 1052 1206 Solomonis
1081 1143 1161 1206 aoei-
1184 1162 1187 1209 ι
1213 1156 1266 1208 tur
1288 1145 1328 1207 ab
1355 1152 1473 1206 ornato
1500 1142 1707 1208 sacerdotali:
1739 1153 1836 1224 atque
1863 1142 1935 1207 ideo
1964 1143 2116 1209 nonnulli
2144 1147 2184 1210 de

190 1230 291 1308 derat,
326 1231 401 1292 dum
432 1229 545 1310 opibus
578 1241 610 1292 et
643 1227 801 1310 dignitate
830 1228 972 1291 maxime
1000 1228 1161 1291 florebant
1184 1218 1188 1271 l
1212 1229 1391 1295 sacerdotio
1406 1227 1531 1293 Ohristi
1548 1228 1829 1311 philosophantur.
1863 1227 1930 1293 Sed
1948 1250 2015 1294 non
2034 1232 2184 1296 existimo

189 1313 311 1381 Iudaei.
364 1314 437 1378 Hoc
466 1323 574 1378 autem
604 1315 736 1377 omnino
765 1311 953 1378 incredibile
981 1313 1159 1377 videbatur.
1184 1274 1188 1397 l
1212 1327 1278 1382 tam
1313 1314 1474 1380 subtiliter
1511 1313 1678 1396 loquutum
1720 1335 1792 1378 esse
1832 1314 2041 1399 prophetam,
2084 1337 2184 1398 quum

188 1400 330 1482 Ideoque
353 1406 522 1480 tantopore
545 1400 578 1462 in
601 1421 638 1463 eo
661 1398 884 1481 persuadendo
913 1397 1063 1463 laborant
1085 1419 1161 1481 pro·
1185 1404 1188 1451 ἶ
1212 1403 1322 1484 sponsi
1356 1409 1388 1463 et
1424 1419 1562 1482 sponsae
1600 1398 1848 1463 similitudinem
1881 1399 2030 1465 adducat.
2088 1403 2183 1469 Prius

189 1487 317 1570 phetae,
340 1506 376 1549 ae
399 1485 534 1550 subinde
558 1486 617 1550 hoe
640 1484 812 1563 inculcant,
837 1505 878 1547 ne
901 1505 958 1548 suo
981 1505 1079 1548 sensu
1103 1494 1162 1548 aut
1185 1466 1188 1521 l
1212 1486 1347 1550 ecelesia
1369 1487 1402 1549 in
1426 1488 1490 1549 situ
1513 1480 1545 1548 e't
1567 1485 1716 1567 squalore
1738 1496 1817 1565 erat,
1840 1496 1873 1549 et
1895 1487 2016 1567 passim
2047 1488 2088 1552 ab
2116 1509 2184 1553 om·

188 1573 352 1655 praesenti
376 1592 485 1635 rerum
508 1580 639 1653 aspectu
663 1571 903 1635 restitutionem
921 1569 1006 1634 hane
1024 1571 1160 1634 metian·
1184 1534 1188 1691 l
1213 1574 1307 1637 nibus
1330 1571 1609 1646 contemnebatur,
1632 1571 1723 1652 quasi
1747 1569 1918 1652 repudiata
1938 1573 2074 1637 mulier:
2096 1595 2185 1640 nnnc

188 1667 254 1722 tur.
299 1658 397 1721 Nune
424 1658 590 1739 quaeritur
612 1655 742 1737 qnando
771 1655 851 1719 haec
872 1657 1049 1719 evenerint.
1094 1657 1160 1720 Re·
1212 1660 1245 1723 in
1269 1657 1407 1741 gratiam
1431 1678 1450 1721 a
1471 1657 1588 1720 marito
1611 1668 1740 1736 recepta
1768 1657 1852 1719 miro
1875 1655 2049 1739 splendore
2071 1660 2183 1743 fulget.

188 1742 331 1824 spondeo
361 1747 412 1824 (ut
438 1744 503 1805 iam
533 1762 629 1825 saepe
660 1740 753 1825 alias)
782 1739 862 1806 haec
889 1741 1033 1823 coepisse
1061 1762 1159 1822 quum
1212 1742 1401 1825 Respondet
1431 1744 1521 1807 loens
1543 1741 1671 1805 Hoseae
1694 1742 1724 1806 2.
1748 1743 1853 1823 capite
1876 1744 1920 1827 (v.
1946 1743 1986 1808 19
2007 1743 2070 1828 sq.)
2114 1746 2184 1812 Hoc

187 1829 326 1911 populus
349 1829 381 1891 in
412 1829 550 1909 patriam
574 1827 684 1890 rediit:
715 1828 790 1908 quia
816 1837 849 1890 et
870 1839 948 1891 tune
970 1837 1004 1890 et
1025 1826 1161 1891 subinde
1213 1830 1403 1911 praestitum
1427 1837 1477 1892 est
1499 1826 1622 1892 Christi
1646 1826 1802 1891 adventu:
1833 1829 1890 1893 sed
1918 1830 2064 1911 quotidie
2086 1832 2185 1896 simul

191 1913 348 1994 temporis
378 1934 551 1995 progressu
582 1913 828 1978 beneficentiam
857 1911 921 1975 Dei
950 1912 1159 1995 multiplicem
1214 1915 1308 1978 nobis
1338 1922 1531 1997 praestatur,
1563 1912 1640 1976 dum
1670 1912 1797 1976 institia
1824 1923 1857 1977 et
1885 1914 1992 1979 salute
2019 1936 2097 1981 suos
2119 1916 2185 1981 Do·

191 2020 270 2083 erga
292 2020 326 2063 se
348 2010 503 2080 expertus
523 2008 581 2064 est.
628 1997 692 2063 Sed
715 1999 792 2079 quia
822 2009 934 2063 tenues
962 1997 1161 2063 solummodo
1214 2001 1322 2064 minus
1362 2009 1509 2062 exornat.
1568 1998 1763 2063 Plenissime
1803 1982 1901 2063 vero*
1918 1998 1959 2064 ad
2000 2012 2185 2068 extremum

191 2085 351 2150 scintillae
390 2086 588 2149 emiearunt:
628 2084 852 2166 plenissimum
890 2083 1094 2164 splendorem
1127 2085 1162 2150 in
1213 2085 1339 2152 Christi
1362 2084 1549 2162 adventum,
1577 2084 1700 2148 utiam
1723 2085 1853 2165 saepius
1876 2084 1999 2151 dictum
2029 2100 2091 2168 est,
2117 2109 2186 2153 om·

190 2170 324 2236 Christo
353 2170 525 2246 refulsisse,
560 2172 594 2233 in
628 2172 719 2234 cuius
752 2189 853 2252 regno
886 2169 967 2233 haee
999 2170 1162 2234 cumulate
1215 2173 1268 2237 uia
1291 2172 1510 2252 perficientur.
1612 2190 1616 2198 ¹
1703 2243 1707 2251 Ι

190 2265 407 2338 praestantur.
452 2256 537 2320 Nam
568 2255 622 2319 ubi
652 2275 780 2319 summa
810 2263 881 2319 erat
907 2255 1039 2335 pietatis
1068 2256 1162 2319 steri·
1301 2257 1350 2320 11.
1374 2253 1547 2340 (Quoniam
1568 2254 1671 2339 sieut.)
1704 2254 1857 2337 Eleganti
1876 2255 2093 2323 similitudine
2115 2280 2186 2343 pro-

190 2342 274 2420 litas,
305 2341 480 2422 pullulavit
510 2340 662 2405 Abrahae
692 2340 832 2404 soboles:
867 2342 942 2422 quia
975 2362 1034 2422 per
1066 2340 1161 2405 fidem
1214 2343 1313 2428 pheta
1343 2342 1514 2407 confirmat
1540 2343 1723 2422 superiores
1756 2341 1994 2422 promissiones.
2038 2343 2188 2410 Revoost

191 2428 282 2491 insiti
309 2436 384 2490 sunt
415 2428 562 2490 extranei
591 2428 624 2489 iu
654 2426 793 2490 eleotum
827 2425 994 2508 populum:
1026 2426 1073 2491 ita
1107 2448 1161 2490 ex·
1214 2429 1302 2494 enim
1332 2426 1471 2491 ludaeos
1500 2425 1541 2489 ad
1570 2425 1767 2489 ordinariam
1796 2428 1974 2509 potentiam
2004 2428 2077 2508 Dei,
2106 2451 2187 2513 qnae

190 2523 279 2578 terne
298 2514 446 2577 nationes
461 2524 495 2576 et
509 2513 664 2577 barbarae
677 2524 882 2595 agnoverunt
897 2511 1036 2576 Iudaeos
1051 2532 1161 2577 semen
1215 2513 1355 2596 refulget
1381 2514 1416 2576 in
1445 2512 1525 2595 ipsis
1553 2512 1720 2576 creaturis.
1765 2511 1867 2576 'Parra
1896 2514 1981 2577 enim
2009 2518 2188 2596 quotannis

190 2599 253 2664 Dei
277 2619 314 2662 ae
336 2597 542 2664 benedictum
566 2618 644 2672 esse,
669 2597 747 2660 dum
769 2597 849 2679 ipsis
871 2598 905 2660 in
928 2596 1063 2662 eandem
1086 2597 1163 2662 fidei
1215 2601 1339 2684 profert
1360 2619 1493 2683 germen
1516 2618 1618 2674 suum,
1643 2597 1731 2661 horti
1745 2608 1818 2678 post
1831 2598 1987 2662 sationem
2005 2601 2187 2667 virescunt:

190 2685 422 2751 confessionem
450 2684 648 2749 coaluerunt.
693 2682 806 2764 Neque
829 2682 928 2747 semel
953 2692 1080 2746 tantum
1102 2682 1164 2748 hoe
1216 2686 1355 2766 denique
1384 2683 1504 2748 herbae
1530 2693 1563 2753 et
1593 2683 1740 2765 plautae,
1778 2703 1862 2764 quae
1891 2700 2037 2749 mortuae
2069 2687 2188 2769 hyeme

189 2770 360 2852 impletum
384 2779 442 2851 est,
471 2768 527 2832 sed
550 2768 689 2852 quotidie
720 2768 882 2850 impletur.
927 2767 1025 2848 Quod
1055 2780 1162 2833 autem
1215 2770 1381 2850 videntur,
1408 2769 1606 2833 reviviscunt
1635 2768 1676 2832 ad
1706 2789 1841 2832 vernam
1870 2770 2073 2852 temperiem,
2096 2772 2188 2856 vigo·

189 2855 305 2921 Iudaei
327 2855 535 2936 praecellunt,
567 2865 664 2936 atque
687 2855 827 2936 priorem
849 2855 955 2920 locum
978 2855 1012 2918 in
1036 2855 1163 2920 foedere
1216 2875 1347 2937 remque
1380 2875 1474 2919 suum
1508 2855 1679 2935 recipiunt.
1733 2854 1824 2918 Haec
1856 2864 1964 2919 autem
1999 2858 2189 2923 testimonia

191 2941 254 3005 Dei
287 2939 445 3012 obtinent,
480 2941 540 3004 hoc
574 2940 813 3004 misericordiae
845 2940 917 3014 Dei,
950 2960 1017 3004 non
1050 2959 1162 3004 eorum
1215 2952 1347 3008 suntet
1376 2940 1558 3006 certissima
1586 2937 1780 3005 documenta
1808 2939 1937 3005 divinae
1967 2944 2135 3023 potentiae
2157 2955 2189 3008 et

192 3026 343 3108 dignitati
363 3025 569 3088 tribuendum
589 3034 647 3102 est,
671 3026 764 3089 sicuti
784 3024 876 3090 decet
890 3024 1016 3090 Paulus
1031 3025 1163 3092 Itone
1216 3026 1449 3093 beneficentiae
1471 3046 1550 3107 erga
1578 3043 1656 3090 nos:
1685 3025 1771 3107 quod
1794 3045 1895 3107 quum
1916 3029 1964 3091 ita
1984 3028 2037 3104 sit,
2066 3048 2109 3093 an
2134 3030 2189 3093 ho·

191 3115 237 3193 (v.
261 3111 303 3257 23.
349 3110 522 3191 Postquam
546 3111 629 3173 enim
652 3110 740 3190 ipsos
761 3121 879 3174 natura
901 3131 920 3174 a
940 3110 1091 3194 gentibus
1115 3113 1162 3175 ni·
1215 3115 1320 3177 mines
1350 3112 1389 3175 de
1419 3111 1488 3193 ipsa
1516 3110 1662 3174 dubitare
1692 3110 1870 3174 convenit?
1915 3110 1982 3192 Qui
2009 3113 2097 3179 hane
2121 3115 2188 3179 vim

191 3196 239 3260 hil
295 3197 406 3259 ifferre
439 3194 597 3271 ostendit,
631 3205 729 3276 atque
762 3194 867 3258 eidem
900 3194 1163 3261 condemnationi
1188 3202 1191 3223 ¹
1215 3210 1248 3262 et
1269 3197 1458 3262 faeultatem
1487 3208 1594 3260 terrae
1621 3196 1778 3279 praebuit,
1809 3217 1917 3261 annon
1947 3199 2052 3280 ipsam
2083 3202 2189 3284 magis

191 3281 339 3358 snbieeit,
361 3280 458 3344 simul
483 3279 574 3344 doeet
594 3302 647 3344 eos
667 3280 728 3343 hac
750 3281 977 3362 praerogativa
995 3281 1162 3357 excellere,
1188 3226 1191 3377 l
1215 3295 1344 3348 exseret
1366 3285 1399 3345 in
1422 3282 1539 3364 populo
1561 3303 1619 3347 suo
1641 3281 1831 3346 liberando?
1853 3293 1887 3347 et
1900 3282 2041 3348 electum
2063 3305 2188 3366 semen,

191 3368 279 3449 quod
313 3367 409 3447 primi
451 3366 597 3429 omnium
631 3386 812 3430 sermonem
845 3366 907 3430 Dei
941 3376 971 3429 et
1005 3368 1164 3448 promissa
1188 3382 1191 3391 ·
1215 3369 1299 3451 qued
1323 3368 1473 3449 promisit
1501 3378 1672 3431 aeternum
1702 3367 1771 3432 fore
1799 3368 1834 3432 in
1862 3366 1995 3446 mundo,
2025 3370 2189 3452 pullulare

190 3452 383 3534 acceperint.
445 3451 518 3516 Hoc
557 3462 665 3516 autem
709 3470 750 3514 ex
786 3453 928 3534 gratuito
969 3451 1031 3515 Dei
1068 3451 1162 3518 bene·
1215 3453 1337 3518 faciet?

190 3540 273 3615 ficio,
308 3560 371 3602 non
406 3559 447 3602 ex
481 3538 607 3602 meritis
641 3538 784 3619 ipsorum
815 3546 871 3600 aut
902 3535 1060 3620 dignitate
1089 3559 1162 3621 pro·
1301 3538 1428 3624 (Geram
1450 3538 1591 3603 omuibus
1610 3537 1776 3624 pentibus.)
1811 3538 1937 3604 Iterum
1958 3540 2106 3605 ostendit
2128 3553 2190 3608 ter·

190 3625 392 3689 factumest.
1216 3627 1321 3691 minos
1353 3625 1507 3690 eeclesiae
1539 3645 1605 3687 non
1639 3626 1707 3688 fore
1738 3624 1879 3706 amplius
1915 3639 1984 3690 tam
2016 3639 2188 3710 angustos,

281 3710 330 3772 10.
353 3706 519 3793 (Gaudent
540 3707 701 3791 pendebo.)
744 3706 876 3772 Indueit
899 3707 1067 3773 eeclesiam
1087 3731 1164 3793 gra·
1217 3732 1312 3794 qnam
1346 3721 1441 3776 antea
1471 3709 1615 3774 fuerunt.
1667 3709 1798 3775 Efficiet
1830 3709 1917 3775 enlm
1948 3709 2125 3795 Dominus,
2155 3724 2190 3779 nt

192 3796 256 3859 tias
283 3806 434 3876 agentem
458 3795 536 3871 Deo,
565 3814 627 3873 quc
656 3794 760 3876 magis
788 3792 986 3873 persuadeat
1015 3815 1052 3858 ea
1081 3816 1163 3877 quae
1216 3799 1287 3879 ipsa
1307 3796 1418 3861 orbem
1437 3797 1628 3860 universum
1652 3794 1783 3877 repleat.
1821 3794 1969 3861 lanitiue
1986 3798 2188 3863 mentionem

192 3881 283 3961 prius
313 3880 407 3942 dixit:
447 3891 496 3942 est
525 3880 612 3942 enim
642 3878 733 3941 velut
762 3877 990 3962 hypotyposis,
1021 3901 1083 3962 qua
1112 3901 1164 3946 res
1216 3882 1302 3958 feeit,
1324 3883 1417 3947 cuius
1439 3880 1534 3962 plena
1556 3881 1617 3944 fuit
1639 3880 1879 3957 demonstratio,
1902 3902 2005 3964 quum
2023 3882 2189 3950 Dominus

190 3964 294 4029 oeulis
318 3964 486 4027 hominum
510 3964 600 4046 quasi
625 3964 753 4044 depicta
774 3964 953 4042 subiicitur,
976 3974 1013 4028 ut
1035 3986 1163 4031 omnem
1188 3972 1191 4019 1
1218 3967 1373 4050 populum
1402 3986 1496 4029 snum
1525 3965 1676 4030 redemit:
1711 3966 1767 4031 sed
1796 3967 2003 4050 potissimum
2036 3971 2190 4052 apparuit

193 4050 427 4114 dubitationem
452 4050 578 4113 tollant.
623 4048 707 4112 Nam
738 4069 850 4114 snmus
878 4048 919 4114 ad
950 4050 1162 4115 diffidentiam
1216 4053 1339 4117 iustitia
1363 4052 1434 4127 Dei,
1462 4071 1563 4132 quum
1584 4050 1737 4117 Ghristus
1766 4052 1887 4117 mundo
1916 4054 2097 4135 patefactus
2127 4065 2190 4121 est:

192 4135 352 4217 proclives
375 4149 501 4215 natura,
533 4149 628 4216 atque
651 4134 732 4198 adeo
754 4134 842 4199 leves
864 4146 901 4198 ut
921 4137 1086 4218 figmentis
1109 4137 1163 4200 ho·
1217 4160 1282 4203 non
1304 4137 1388 4220 quod
1413 4136 1575 4218 usquead
1599 4145 1726 4218 tempus
1755 4135 1838 4202 illud
1859 4137 1951 4203 Deus
1979 4160 2189 4222 suppressam

193 4221 319 4285 minum
343 4221 562 4302 potiusquam
582 4219 680 4284 verbo
704 4220 766 4285 Dei
789 4219 885 4284 fidem
909 4219 1103 4287 habeamus:
1127 4243 1164 4288 ac
1218 4225 1361 4288 tenuerit
1382 4223 1538 4287 iustitiam
1557 4242 1658 4299 suam,
1682 4222 1739 4286 sed
1754 4223 1843 4305 quod
1857 4244 1929 4288 eam
1950 4223 2105 4292 homiues
2126 4247 2190 4291 non

194 4305 234 4370 de
256 4305 317 4368 hac
335 4307 590 4370 confirmationis
614 4304 876 4371 forma'diximus
900 4315 966 4370 tam
988 4309 1094 4387 capite
1115 4309 1164 4384 12,
1218 4309 1420 4390 agnoverint.
1470 4307 1614 4372 Perinde
1647 4328 1724 4390 ergo
1756 4323 1805 4373 est
1832 4328 1869 4372 ao
1898 4311 1927 4374 si
1956 4309 2099 4376 diceret:
2135 4311 2190 4377 Sic

194 4412 291 4474 qnam
316 4391 368 4468 26,
392 4401 426 4453 et
446 4392 519 4455 aliis
541 4391 629 4455 loeis.
1218 4394 1308 4459 Deus
1331 4392 1480 4458 liberabit
1501 4413 1538 4458 ac
1557 4395 1708 4457 restituet
1725 4393 1881 4477 populum
1896 4415 2001 4471 sunm,
2024 4408 2064 4460 nt
2077 4417 2190 4462 omnes

279 4476 450 4560 (Quoniam
471 4477 574 4540 induit
596 4475 667 4560 mc.)
711 4476 802 4541 Haeo
831 4476 961 4557 quidem
989 4478 1085 4563 longe
1108 4477 1164 4543 ad·
1218 4480 1325 4562 ipsum
1364 4479 1486 4543 iustum
1526 4499 1596 4543 esse
1636 4488 1823 4562 agnoscant.
1883 4480 1969 4545 Nam
2008 4482 2191 4566 redemptio

195 4563 258 4626 hue
282 4572 406 4625 remota
428 4574 537 4625 erant:
569 4561 626 4626 sed
648 4562 747 4626 oeulis
771 4561 845 4625 fidei
868 4563 955 4626 cerni
978 4583 1015 4628 ac
1044 4564 1165 4646 percipi
1216 4565 1345 4630 illustre
1368 4574 1418 4629 est
1439 4565 1604 4646 specimen
1632 4564 1778 4629 iustitiae
1800 4563 1874 4629 Dei.
1919 4563 2102 4651 Subiungit
2124 4569 2189 4633 len·

192 4652 352 4730 oportuit:
373 4659 408 4709 nt
427 4659 513 4710 certe
532 4646 700 4710 attollendi
719 4646 853 4711 fuerunt
871 4647 953 4711 oculi
976 4649 1010 4711 in
1029 4649 1164 4729 coelum,
1217 4651 1302 4715 dem:
1336 4651 1411 4732 quia
1446 4650 1509 4713 tale
1544 4649 1736 4715 beneficium
1770 4651 1949 4733 gratiarum
1984 4654 2070 4718 aetio
2101 4656 2190 4737 sequi

194 4755 294 4814 quum
329 4733 488 4815 propheta
521 4731 561 4794 de
591 4732 695 4796 salute
724 4744 756 4796 et
788 4733 912 4796 iustitia
945 4735 1164 4799 concionetur.
1218 4735 1322 4800 debet.
1380 4735 1474 4799 Finis
1506 4736 1648 4800 iustitiae
1682 4746 1732 4800 est
1764 4747 1800 4800 ut
1834 4734 1930 4800 detur
1967 4737 2079 4820 gloria
2111 4740 2190 4804 Deo.

194 4819 285 4883 Nihil
307 4819 393 4882 euim
417 4817 470 4882 hie
494 4818 630 4899 visibile,
661 4839 697 4882 ac
726 4817 959 4883 multominus
987 4839 1085 4883 sensu
1109 4843 1164 4901 ap·
1188 4798 1192 4893 l
1217 4820 1359 4885 Proinde
1390 4822 1538 4884 hortatur
1569 4842 1626 4885 nos
1656 4821 1696 4885 ad
1727 4822 1980 4904 gratitudinem:
2011 4825 2091 4905 quia
2120 4825 2191 4908 plus

195 4903 352 4986 prehendi
377 4905 481 4984 potuit
504 4914 596 4966 tante.
622 4902 767 4980 felicitas,
796 4925 896 4985 quum
921 4905 1029 4968 omnia
1052 4903 1092 4967 ed
1114 4906 1164 4968 in·
1217 4927 1314 4987 quam
1354 4906 1525 4989 indignum
1562 4918 1611 4970 est
1650 4927 1709 4971 nos
1747 4909 1887 4989 acceptis
1926 4909 2091 4975 benefieiis
2131 4909 2191 4975 Dei

195 4992 325 5054 teritum
350 5000 531 5073 vergerent.
577 4988 642 5052 Sed
667 4989 744 5069 quia
766 5012 806 5053 ne
837 4989 931 5052 hodie
953 5011 1078 5072 quoque
1101 4991 1164 5054 talo
1217 4997 1325 5055 mutos
1348 5013 1428 5056 esse.

197 5090 331 5156 apparet
353 5076 507 5140 eeclesiae
530 5074 640 5138 decus:
663 5075 729 5137 imo
748 5075 807 5138 sub
826 5076 961 5138 deformi
980 5076 1084 5140 erneis
1107 5076 1163 5139 ha·

197 5160 264 5223 bitu
297 5161 549 5242 contemptibilis
579 5174 628 5224 ost
658 5159 789 5236 mundo,
821 5160 883 5223 fide
913 5161 965 5226 hic
995 5181 1076 5242 opus
1106 5172 1163 5239 est,
1188 5120 1192 5187 l

195 5266 279 5326 quae
309 5247 458 5310 eoelestia
490 5245 665 5310 invisibilia
695 5245 950 5327 comprehendit.
1004 5246 1164 5312 iristitiam
