4784 5970
199 366 262 433 aaa
1063 373 1212 440 aaron
1233 372 1328 440 uxr.
2128 377 2195 445 ete
2287 463 2295 476 ‚

200 557 345 644 solymae
367 559 525 637 nonfuit,
559 560 614 625 sed
638 581 696 643 per
718 562 907 627 universum
931 561 1091 626 mundum
1113 583 1169 626 ex·
1195 580 1199 609 ¹
1222 571 1359 627 eonatus
1392 561 1484 627 iaeile
1516 573 1724 627 evaneseunt.
1773 563 1912 628 Etiamsi
1946 574 2066 630 statum
2099 569 2193 651 regni

200 645 290 710 tandi
312 645 422 710 debet:
455 646 502 709 ita
524 643 604 712 haee
626 656 733 711 terrae
761 649 921 729 possessio
950 648 991 713 ad
1014 647 1169 712 Iudaeam
1195 648 1198 725 l
1222 647 1359 713 alieuius
1393 646 1448 712 vol
1479 647 1566 712 orbis
1598 661 1726 712 mutare
1760 649 1881 731 velint,
1922 651 2006 716 nibil
2039 653 2191 720 effieient.

200 731 428 815 restringenda
450 751 515 794 non
540 742 599 807 est,
622 752 723 814 quum
747 733 846 799 latius
868 742 985 815 pateat,
1008 745 1107 815 atque
1128 732 1170 798 ad
1195 732 1198 773 ¹
1222 732 1269 797 At
1290 734 1452 799 Dominus
1475 732 1526 799 vel
1547 735 1683 798 minimo
1705 744 1867 799 memento
1893 737 2004 802 omnia
2031 738 2191 806 immutat.

199 817 304 899 ipsam
328 828 484 882 vocentur
505 817 649 883 universi
674 818 830 895 homines,
854 833 891 883 ut
912 838 970 900 per
992 817 1088 883 fidem
1104 820 1171 883 sint
1222 818 1295 882 Non
1319 817 1460 900 loquitur
1482 838 1561 902 ergo
1579 818 1619 882 de
1636 818 1804 883 ordinaria
1821 819 2112 904 administratione,
2135 825 2192 889 sed

200 901 259 967 filii
292 901 461 967 Abrahae:
501 903 613 984 sieque
647 903 802 968 haeredes
835 905 926 969 fiant.
981 902 1170 988 Diligenter
1222 903 1262 968 de
1284 903 1467 969 admirabili
1496 924 1595 987 opere
1625 925 1688 986 quo
1717 905 1884 970 eeclesiam
1915 929 2007 972 suam
2032 908 2192 976 Dominus

200 1008 278 1071 ergo
299 987 459 1053 tenendae
482 989 686 1070 loquutionee
708 1010 790 1071 quae
820 992 959 1056 usitatae
988 1004 1066 1055 sunt
1095 1012 1170 1073 pre·
1221 988 1337 1053 liberat
1359 1002 1392 1054 et
1421 1002 1588 1073 propagat.
1632 990 1672 1054 In
1701 991 1766 1054 fine
1795 1013 1911 1057 versus
1939 1014 1975 1059 se
2001 1005 2191 1077 properatu-

199 1074 317 1155 pbetis,
340 1085 377 1137 nt
399 1084 568 1138 teneamus
591 1095 704 1139 eorum
727 1095 877 1139 sensnm:
911 1095 1017 1158 neque
1039 1075 1168 1140 abrum-
1221 1096 1293 1138 rum
1318 1075 1396 1140 dieit
1419 1086 1456 1139 ut
1478 1077 1540 1140 boe
1561 1074 1730 1158 eompleat.
1775 1075 1840 1142 Sed
1864 1078 2054 1159 particulam
2077 1081 2192 1146 inserit

199 1180 314 1241 pamus
337 1160 524 1234 sententiae,
549 1159 599 1224 vel
623 1159 663 1224 ad
679 1181 797 1224 sensus
812 1161 935 1225 alienes
950 1174 1169 1243 torqueamus.
1222 1170 1335 1225 notatu
1357 1161 1488 1245 dignam
1513 1159 1552 1226 de
1581 1161 1734 1226 ecelesiae
1763 1166 1920 1243 tempore.
1964 1165 2049 1229 Nam
2081 1165 2191 1231 relati·

194 1244 317 1309 ¹Aliena
340 1255 390 1309 est
411 1257 518 1309 antem
538 1245 578 1310 ab
596 1244 749 1310 idiomate
765 1244 997 1329 prophetarum
1013 1256 1047 1310 et
1060 1259 1170 1311 eoaeta
1222 1267 1300 1310 vum
1323 1256 1372 1311 est
1394 1248 1541 1311 seminini
1564 1246 1702 1331 generis,
1725 1247 1809 1329 quod
1832 1268 2000 1329 perperam
2023 1251 2063 1315 ad
2083 1253 2190 1317 Deum

198 1331 425 1413 interpretatio
448 1351 559 1395 eorum
582 1331 638 1414 qui
661 1352 719 1413 per
746 1337 862 1397 miram
886 1331 1012 1397 eoelum
1041 1341 1073 1395 et
1095 1331 1169 1396 bea·
1222 1331 1352 1412 quidam
1387 1333 1542 1396 referunt.
1597 1332 1737 1396 Errandi
1770 1352 1900 1398 eausam
1941 1335 2097 1416 praebent
2134 1339 2191 1418 qui

199 1430 266 1480 tam
290 1416 392 1479 vitam
415 1427 599 1498 exponunt:
633 1420 710 1498 quia
733 1417 793 1482 hoe
813 1417 948 1481 oonsilio
973 1429 1062 1482 terra
1081 1417 1168 1482 Oba·
1223 1426 1373 1481 vertunt:
1408 1420 1567 1500 Tempore
1597 1436 1671 1482 suo:
1705 1417 1781 1500 quia
1811 1419 1924 1483 relatio
1954 1423 2107 1505 ambigua
2132 1436 2189 1488 est.

198 1502 384 1600 nean-data
406 1502 467 1602 tuit
489 1502 567 1567 filiis
589 1501 700 1602 Israel,
730 1515 771 1603 'ut
797 1524 817 1567 a
842 1511 912 1567 toto
936 1502 1057 1568 mundo
1078 1503 1169 1584 quasi
1222 1500 1395 1601 Signitieat
1416 1504 1573 1602 propbeta
1594 1504 1775 1587 praefixum
1799 1524 1870 1569 esse
1888 1505 2042 1572 eoelesiae
2060 1519 2190 1590 tempus

198 1587 869 1754 ltili?rlsstrttitt¹..¹¹ltttl
901 1589 1170 1739 tumltu
1222 1588 1555 1752 lllllltltl.
1576 1588 2191 1758 t‘lttlltlllllt,titilius

199 1759 285 1824 aliud
310 1772 359 1823 est
379 1780 477 1840 quam
500 1779 633 1824 manere
655 1760 688 1824 in
713 1759 836 1824 familia
853 1759 927 1825 Dei.
964 1758 1060 1841 Quod
1078 1759 1169 1824 Deus
1222 1766 1354 1824 aeterno
1376 1759 1439 1824 Dei
1461 1760 1609 1837 oonsilio,
1639 1761 1694 1843 qui
1718 1761 1808 1825 novit
1831 1770 2012 1844 temporum
2035 1762 2191 1828 articulos

198 1866 331 1929 germen
354 1864 478 1915 novum
497 1845 583 1926 qued
602 1844 745 1927 prodibit
761 1866 842 1927 epus
860 1866 1014 1910 manuum
1035 1866 1167 1910 suarum
1221 1854 1401 1926 opportune
1418 1844 1620 1911 distribuere.
1652 1846 1800 1910 Primum
1819 1866 1896 1930 ergo
1914 1849 2191 1930 opportunitatem

197 1932 315 1995 asserit
337 1931 420 2006 lore,
455 1930 494 1995 ad
518 1931 798 1995 eonfirmationem
823 1933 892 2013 spei
914 1930 1010 1996 valet.
1055 1931 1168 2013 Neque
1222 1938 1327 2008 notat,
1357 1939 1390 1994 et
1412 1929 1541 2013 qnando
1562 1931 1645 1996 utile
1667 1932 1710 1994 sit
1732 1932 1886 1997 ecelesiae
1915 1933 2020 2015 ipsam
2049 1933 2190 2001 liberari.

197 2017 284 2081 enim
309 2016 496 2080 humanitus
519 2018 644 2081 renasci
669 2027 795 2096 poterat
816 2017 959 2093 eoelesia,
983 2036 1080 2098 quam
1099 2037 1167 2080 om·
1221 2014 1294 2080 Hoe
1316 2014 1446 2098 quidem
1469 2036 1535 2080 non
1558 2016 1772 2100 pereipimus:
1803 2018 1879 2099 quia
1901 2020 2011 2082 statim
2033 2019 2191 2086 vellemus

197 2123 256 2166 nes
289 2101 444 2165 videbant
477 2113 675 2183 emortuam,
716 2104 907 2185 praesertim
941 2122 1040 2183 quum
1075 2100 1168 2166 radix
1221 2100 1368 2166 obtinere
1391 2101 1549 2184 promissa
1572 2100 1644 2179 Dei,
1668 2110 1765 2183 atque
1787 2105 1993 2185 impatientes
2011 2125 2120 2169 morae
2139 2126 2191 2170 su-

197 2188 323 2252 oeeulta
345 2201 439 2251 esset.
477 2188 565 2269 Ergo
583 2198 620 2251 ut
637 2189 808 2271 germinet,
829 2188 936 2253 Deum
959 2187 1063 2252 instar
1084 2188 1167 2271 agri-
1220 2207 1307 2250 mus:
1342 2187 1507 2252 Dominus
1537 2197 1647 2252 autem
1678 2187 1785 2251 differt
1814 2189 1848 2250 in
1880 2187 2001 2253 bonum
2032 2199 2189 2270 nostrum,

197 2273 287 2338 eolae
309 2274 377 2337 iore
400 2272 493 2346 dicit,
528 2273 584 2354 qui
615 2293 727 2338 rursus
757 2274 883 2357 plantet
908 2272 993 2355 quod
1015 2273 1165 2337 evulsum
1220 2281 1253 2335 et
1275 2272 1351 2354 quia
1372 2271 1517 2337 nondum
1541 2278 1670 2357 tempus
1702 2272 1844 2338 advenit.
1890 2273 2017 2339 Deinde
2047 2276 2192 2359 loquitur

197 2367 378 2424 exaruerat.
435 2358 584 2441 Denique
616 2359 778 2441 signifieat
815 2357 963 2424 mirabile
1002 2359 1071 2423 fore
1103 2359 1166 2424 Dei
1220 2355 1260 2420 de
1290 2356 1473 2423 eeleritate:
1509 2360 1584 2440 quia
1612 2358 1774 2423 Dominus
1808 2357 1937 2424 videtur
1969 2361 2062 2427 nobis
2095 2362 2190 2427 otiari

196 2465 295 2527 opus,
330 2464 393 2509 non
427 2444 616 2521 hominum,
648 2445 732 2526 quod
762 2444 896 2510 eoelesia
922 2466 963 2508 ex
992 2445 1111 2508 misera
1133 2455 1167 2507 et
1219 2453 1252 2505 et
1275 2442 1440 2526 languere,
1468 2442 1546 2508 dum
1570 2455 1751 2520 eunetatur,
1783 2465 1884 2527 quum
1907 2455 2016 2511 tamen
2040 2460 2189 2526 maturet,

197 2530 278 2594 dura
300 2530 488 2611 eaptivitate
509 2538 670 2612 emerget:
703 2530 779 2611 quia
800 2530 891 2595 velut
913 2551 931 2594 a
953 2542 1057 2593 morte
1080 2531 1164 2595 erei-
1220 2537 1256 2591 nt
1290 2549 1348 2610 pre
1387 2530 1644 2612 opportunitate,
1685 2551 1783 2613 quam
1824 2533 1893 2613 ipse
1934 2532 2041 2611 novit,
2080 2534 2190 2599 omnia

196 2618 328 2679 tabitur.
381 2615 427 2679 Et
459 2624 546 2680 eerte
579 2613 734 2696 quidquid
768 2615 807 2680 ad
849 2614 1022 2680 eoelestem
1064 2616 1165 2678 vitam
1219 2612 1348 2678 effleiat.

197 2709 336 2781 spectat,
369 2700 403 2764 id
433 2721 538 2782 neque
567 2701 751 2782 ingenitum
779 2713 829 2765 est
859 2698 951 2763 nobis
985 2719 1004 2762 a
1039 2709 1165 2777 natura,

198 2806 257 2849 nee
290 2788 414 2849 virtute
447 2796 557 2850 nostra
590 2796 829 2867 comparatum:
863 2786 919 2849 aad
953 2782 1066 2849 aDee
1098 2786 1166 2850 solo

196 2883 310 2935 manat
333 2891 369 2935 ae
393 2872 617 2953 protieiseitur.
662 2871 707 2935 Et
737 2870 823 2953 quod
851 2872 885 2934 in
915 2872 1103 2935 universum
1126 2869 1166 2936 de

197 2964 266 3021 toto
295 2976 428 3038 eorpere
455 2957 508 3021 hie
538 2957 661 3021 dietum
691 2967 756 3033 eat,
790 2958 1013 3038 unusquisque
1041 2954 1103 3020 sibi
1132 2957 1166 3020 in
1539 2923 1731 3005 CAPUT
1761 2923 1871 3005 LXI·

197 3042 304 3126 speeie
326 3041 486 3124 applicare
508 3041 611 3106 debet.
657 3040 779 3108 Sumus
805 3042 892 3107 enim
923 3040 1082 3124 plantatio
1103 3041 1167 3107 Dei

197 3129 415 3195 aeonstituto
437 3126 576 3192 mundo:
600 3126 717 3191 deinde
739 3129 853 3193 inserti
875 3129 910 3191 in
927 3127 1106 3208 Christum,
1129 3147 1167 3192 ae
1306 3127 1335 3192 1.
1370 3126 1512 3211 Spiritum
1538 3126 1672 3193 Domini
1693 3126 1826 3192 Iebeoae
1854 3147 1950 3209 super
1978 3147 2034 3193 me.
2083 3128 2127 3195 Ob
2155 3130 2190 3196 id

197 3215 312 3291 voeati,
336 3228 371 3278 ut
393 3213 560 3279 eleetienis
583 3226 714 3279 nostrae
737 3225 769 3278 et
791 3213 1001 3296 plantationis
1021 3215 1166 3277 testimo·
1218 3214 1312 3278 unait
1342 3233 1390 3278 me
1423 3211 1555 3279 Iebouo:
1593 3213 1636 3279 ad
1662 3213 1912 3296 praedicandum
1945 3213 2072 3295 afflictis
2103 3217 2191 3280 misit

197 3303 289 3364 nium
322 3298 510 3364 habeamus.
562 3299 660 3381 Impii
694 3321 758 3364 non
791 3311 868 3363 sunt
900 3299 1057 3381 plantatio
1087 3297 1165 3362 Dei:
1218 3319 1285 3364 nte:
1317 3299 1361 3365 ad
1380 3297 1578 3383 obliqondum
1599 3299 1745 3364 enutritos
1766 3299 1868 3376 eorde,
1898 3299 1941 3365 ad
1965 3299 2191 3380 publicandam
2242 3342 2245 3347 -

197 3384 285 3449 undo
317 3385 415 3450 etiam
446 3385 600 3450 Christus
632 3406 711 3466 ques
745 3406 810 3449 non
844 3384 1040 3466 plantaverit
1075 3394 1167 3465 pater
1219 3385 1351 3467 captiuis
1373 3383 1549 3464 libertatem,
1571 3384 1683 3450 vinetis
1705 3385 1896 3466 apertionem
1906 3386 2050 3450 carceris.
2084 3385 2114 3449 2.
2136 3387 2191 3452 Ad
2222 3448 2225 3453 .

197 3470 410 3536 eradicandos
445 3490 515 3535 essa
555 3472 756 3553 pronuntiat.
811 3469 958 3534 Tandem
996 3469 1167 3534 subiieitor
1213 3468 1441 3551 publicandum
1462 3491 1578 3536 annum
1608 3469 1790 3550 beneplaciti
1812 3469 1958 3551 lebetae,
1988 3474 2016 3533 et
2041 3469 2123 3534 diem
2143 3469 2190 3535 ul-

195 3559 272 3622 finis
303 3555 533 3639 plantationis,
566 3568 604 3620 ut
636 3556 835 3621 illustremus
869 3555 1006 3638 gloriam
1041 3555 1101 3619 Dei
1135 3566 1168 3620 et
1219 3556 1316 3620 tionis
1342 3555 1410 3622 Deo
1437 3561 1562 3633 nostro,
1594 3555 1638 3619 ad
1664 3553 1882 3618 consolandum
1911 3574 2016 3618 omnes
2044 3554 2189 3638 tepentes.

197 3645 337 3707 virtutes
370 3642 441 3707 aius
472 3660 681 3707 enarremus:
725 3643 810 3707 sieut
842 3638 967 3705 Paulus
1006 3637 1047 3703 ad
1080 3641 1166 3724 Eph.
1219 3641 1250 3704 3.
1274 3641 1330 3707 Ad
1350 3641 1593 3705 constituendum
1615 3639 1792 3721 tapetibus
1812 3641 1847 3704 in
1871 3639 1957 3715 Sion,
1980 3645 2015 3704 nt
2035 3640 2105 3705 dem
2125 3640 2192 3707 illis

198 3730 304 3810 prime
327 3730 432 3809 eapite
454 3725 498 3811 (v.
523 3726 576 3811 12)
598 3727 762 3809 praeclare
786 3726 887 3790 deest
1219 3727 1357 3792 docorem
1374 3726 1567 3808 precinere,
1597 3725 1697 3790 oleum
1715 3725 1828 3808 pendit
1850 3745 1913 3808 pro
1935 3725 2027 3804 luatu,
2052 3725 2192 3808 pallium

283 3813 335 3877 22.
358 3811 501 3896 (Parvus
522 3812 602 3897 erit.)
637 3812 762 3877 lterum
784 3811 956 3877 oonfirmat
977 3809 1062 3891 quod
1078 3811 1167 3892 priua
1219 3812 1355 3876 laetitiae
1371 3831 1434 3891 pro
1451 3812 1567 3890 spiritu
1584 3816 1725 3893 uenusto,
1748 3810 1791 3875 ad
1807 3811 1979 3878 vocandum
1998 3830 2051 3876 eos
2068 3810 2193 3878 arbores

199 3896 293 3975 dixit,
316 3899 466 3979 quamvis
489 3899 606 3979 exiguo
629 3917 767 3962 numero
789 3904 908 3972 essent,
935 3906 1042 3959 tamen
1066 3895 1167 3961 eeele-
1220 3898 1377 3973 iustitiae,
1424 3895 1649 3976 plantationem
1692 3895 1821 3961 Iebeuoe
1862 3896 1905 3961 ad
1945 3896 2190 3979 plorifieandmn.

198 3983 279 4048 siam
303 3981 367 4047 Dei
390 3983 579 4065 populosam
603 3981 679 4046 iore.
725 3982 836 4063 Quum
860 3981 940 4048 haee
967 3980 1168 4063 praedieeret
1220 3982 1250 4046 4.
1282 3981 1327 4046 Et
1346 3980 1554 4062 aedificabunt
1573 3982 1695 4048 daseia
1716 3982 1842 4062 saeculi,
1860 3983 1987 4062 priscas
2006 3983 2191 4048 solitudines

197 4067 376 4152 propheta,
405 4068 512 4132 adhue
532 4068 648 4150 ingens
670 4082 740 4133 erat
762 4067 870 4151 populi
894 4064 1081 4146 multitudo,
1111 4065 1168 4132 sed
1220 4068 1357 4149 eripeut:
1389 4067 1657 4132 etinetouralunt
1684 4067 1776 4132 urbes
1803 4068 1976 4147 eastitatis,
2007 4066 2192 4134 solitudines

197 4167 311 4237 postea
333 4155 379 4220 sie
401 4154 576 4217 imminuta
598 4163 657 4231 est,
680 4163 717 4217 ut
738 4165 853 4219 tenues
868 4163 995 4219 tantum
1013 4152 1168 4235 reliquiae
1220 4152 1390 4217 multarum
1412 4156 1555 4217 mlum.
1600 4152 1630 4217 5.
1661 4152 1704 4217 El
1728 4152 1854 4217 stabunt
1874 4152 1984 4231 alieni,
2014 4157 2041 4216 et
2062 4158 2193 4235 possent

198 4250 422 4322 superessent,
457 4239 552 4304 aienti
584 4259 654 4320 eap.
686 4240 702 4302 1
732 4250 765 4304 st
794 4239 835 4303 10
865 4237 1016 4303 vidimus.
1071 4237 1168 4304 Hane
1221 4258 1290 4303 oues
1310 4242 1448 4303 uestras:
1468 4242 1496 4301 et
1514 4237 1580 4319 tilii
1601 4239 1698 4303 alieni
1720 4243 1809 4303 nunt
1831 4239 1984 4320 auricolae
2000 4244 2028 4302 et
2043 4240 2193 4304 vinitores

199 4327 395 4408 paueitatem
418 4326 465 4390 eie
486 4323 669 4408 aagendam
691 4344 762 4389 esse
788 4325 964 4407 signifieat,
993 4334 1030 4388 ut
1052 4322 1169 4390 deinde
1219 4324 1323 4389 nesti.
1367 4324 1397 4388 6.
1427 4322 1490 4387 Vos
1510 4328 1612 4388 eutem
1639 4325 1813 4389 suendotaa
1836 4323 1966 4389 Ielouae
1992 4324 2192 4389 vocabimini:

198 4413 380 4477 immensus
402 4411 513 4493 populi
533 4430 696 4484 numerus,
720 4430 903 4493 magnaque
919 4409 1061 4491 potentia
1076 4431 1167 4493 prae·
1220 4409 1360 4474 ministri
1376 4408 1441 4474 Dei
1461 4410 1561 4474 nostri
1578 4410 1697 4474 dicetur
1715 4407 1810 4488 vobis,
1831 4410 2036 4474 substantiam
2051 4410 2192 4492 pentium

200 4496 288 4560 ditus
313 4498 365 4562 sit.
411 4495 506 4576 Quod
535 4495 667 4560 Iudaeis
697 4495 819 4561 dietum
850 4504 917 4572 est,
947 4495 1041 4559 nobis
1069 4497 1168 4560 stiam
1221 4494 1399 4576 comediis,
1429 4495 1514 4559 etin
1533 4495 1637 4578 pieria
1657 4513 1765 4559 eorum
1787 4513 1842 4558 eos
1864 4495 2026 4560 elmabitis.
2071 4496 2099 4558 7.
2125 4494 2191 4559 Pro
2294 4574 2298 4583 Β

199 4596 352 4666 putemus
374 4581 469 4646 hodie
492 4581 569 4646 diei:
605 4602 720 4663 nempe
747 4582 896 4664 quamvis
925 4580 1038 4661 exigui
1067 4583 1168 4646 simas
1217 4580 1337 4664 pudere
1358 4584 1455 4644 oestro
1477 4581 1536 4645 erit
1556 4579 1672 4660 duplet
1689 4581 1878 4659 praemium,
1900 4585 1929 4646 et
1939 4601 2001 4662 pro
2019 4581 2191 4663 ipuaminia

199 4688 236 4733 ae
258 4667 364 4751 panei,
387 4678 482 4748 atque
504 4667 652 4731 interitui
676 4667 814 4751 proximi
838 4665 1024 4740 videamur,
1059 4677 1168 4731 tamen
1220 4665 1417 4732 ersultabunt
1438 4665 1475 4730 de
1491 4667 1637 4746 portione
1658 4685 1779 4729 eonem:
1811 4667 1888 4748 quia
1917 4667 1951 4729 in
1979 4672 2064 4729 terra
2085 4686 2192 4731 earum

198 4754 366 4818 seelesiam
388 4754 523 4815 interire
545 4773 611 4817 non
634 4773 739 4835 posse,
761 4751 818 4817 aed
841 4748 1024 4832 aagendam
1049 4771 1168 4835 magne
1219 4751 1362 4832 duplicia
1379 4751 1591 4833 possidebunt,
1613 4754 1641 4813 et
1660 4750 1814 4832 pendium
1830 4756 2015 4834 perpetuum
2035 4750 2102 4815 illis
2123 4752 2190 4816 erit.

199 4841 232 4903 in
267 4858 402 4902 numero
440 4848 539 4919 atque
571 4841 815 4921 propagandam
849 4856 929 4900 ease.
985 4835 1048 4899 Est
1081 4837 1168 4900 enim
1221 4838 1252 4902 8.
1285 4835 1369 4916 Quia
1395 4857 1447 4919 epe
1475 4835 1590 4900 Iudaea
1615 4835 1751 4919 dilipena
1779 4837 1947 4915 iudicium,
1983 4836 2053 4901 odie
2077 4834 2192 4902 labens

198 4924 358 5007 plantatio
384 4925 453 4999 Dei,
476 4943 559 5004 quae
580 4923 620 4986 ab
643 4939 779 4987 externa
801 4922 908 5003 speeie
931 4922 992 4984 aut'
1009 4919 1051 4986 ab
1066 4921 1169 4986 bomi-
1220 4922 1370 5006 rapinam
1391 4923 1427 4986 in
1448 4921 1639 5000 boloeausto,
1668 4926 1698 4985 et
1717 4923 1901 4988 emetituam
1930 4941 2008 5002 opus
2029 4940 2134 4985 omum
2156 4923 2191 4987 in

198 5031 278 5074 num
302 5009 392 5090 eopia
414 5020 446 5072 et
469 5009 592 5072 viribus
615 5010 779 5074 aestimari
803 5028 869 5071 non
892 5005 997 5070 debet.
1221 5008 1357 5089 emitote,
1380 5007 1535 5088 etfoedm
1551 5012 1736 5089 perpetuum
1755 5008 1872 5088 feriam
1892 5026 1962 5071 oum
1979 5008 2069 5086 ipsis.
2099 5006 2128 5072 9.
2148 5007 2192 5072 Et

284 5095 366 5178 (Epo
399 5091 582 5178 Dominus.)
637 5092 791 5159 Ostendit
825 5112 913 5156 nune
945 5112 1099 5172 quorsum
1132 5114 1170 5158 ea
1221 5097 1414 5176 manosoetnr
1435 5093 1469 5157 in
1490 5092 1633 5175 pentibus
1649 5113 1751 5158 semen
1773 5113 1892 5174 eorum,
1924 5097 1951 5156 et
1978 5091 2122 5174 permina
2144 5113 2191 5159 eo·

201 5182 311 5244 omnia
333 5180 452 5244 dixerit
474 5199 556 5261 quae
579 5180 670 5261 prius
692 5179 851 5244 vidimus:
876 5197 917 5241 ne
932 5175 1055 5242 seiliest
1071 5180 1169 5244 faeie·
1194 5154 1196 5245 l
1221 5198 1293 5242 rum
1314 5179 1350 5242 in
1371 5177 1472 5242 medio
1494 5178 1693 5260 populorum.
1741 5178 1856 5243 Omnes
1886 5178 1941 5258 qni
1967 5178 2103 5242 eidemnt
2129 5199 2189 5261 eos,

200 5288 273 5332 mus
295 5267 401 5348 ipsum
427 5265 566 5329 similam
597 5264 796 5339 bominibus,
831 5282 968 5345 quorum
999 5264 1108 5328 studia
1137 5274 1170 5329 et
1194 5252 1198 5333 l
1222 5268 1395 5347 eopneseent
1423 5283 1474 5328 eoa
1500 5265 1582 5346 qued
1608 5284 1710 5330 semen
1743 5265 1808 5329 sint
1839 5263 2024 5329 beriedidum
2052 5262 2192 5329 Ielaooae.

306 5367 416 5422 Caluini
434 5381 528 5434 opera.
559 5366 618 5421 Vol.
635 5365 798 5421 XXXVII.
1954 5363 1990 5418 24
