4784 5970
873 1560 1519 1664 PROLEGOMENA.

349 1916 586 1983 Commentarii
609 1920 645 1982 in
668 1916 844 1984 Ieremiam
873 1917 981 1984 rarius
1008 1917 1045 1982 in
1067 1917 1238 1985 Thesauro
1268 1917 1436 2003 epistolico
1464 1919 1588 1985 mentio
1609 1920 1664 2001 fit,
1694 1928 1728 1985 et
1749 1939 1834 2003 quae
1855 1919 1900 1984 ibi
1930 1920 2053 2003 passim
2076 1921 2202 1990 dehoc

195 2048 293 2111 opere
320 2027 477 2112 leguntur
505 2028 574 2095 fare
597 2029 692 2096 unice
713 2028 754 2094 ad
776 2026 1026 2095 Dedicationem
1056 2035 1219 2112 spectent,
1248 2020 1418 2097 Friderico
1446 2029 1579 2097 electori
1600 2029 1753 2096 Palatino
1775 2031 1981 2114 inscriptam,
2010 2052 2093 2116 quae
2115 2033 2201 2117 apud

196 2159 256 2205 nce
279 2146 388 2205 exstat
410 2138 496 2222 Opp.
521 2140 614 2207 Nom.
635 2137 707 2205 XX
729 2161 761 2223 p.
786 2139 828 2205 72
850 2139 911 2206 sub
932 2139 973 2206 N.
996 2138 1083 2205 3986
1105 2139 1135 2206 d.
1159 2139 1191 2205 d.
1214 2140 1255 2206 23
1276 2141 1357 2206 Iulii
1380 2141 1473 2207 1563.

347 2258 447 2323 Initio
470 2257 616 2325 eiusdem
638 2259 761 2325 mensis
780 2257 941 2325 Calvinus
962 2258 1196 2344 Bullingerum
1220 2258 1260 2325 de
1280 2260 1415 2326 consilio
1437 2281 1496 2328 suo
1517 2261 1690 2326 certiorem
1712 2260 1799 2327 tecit.
1839 2259 1897 2327 Sic
1918 2259 2007 2327 enim
2030 2261 2143 2328 scribit
2160 2263 2201 2329 ad

195 2390 271 2438 eum
295 2369 326 2435 d.
349 2369 378 2435 d.
402 2369 432 2434 2.
455 2368 532 2433 Iulii
554 2367 589 2454 (l.
612 2389 639 2435 c.
662 2391 694 2454 p.
717 2368 759 2435 55
782 2368 824 2435 N.
847 2368 964 2454 3974):
999 2369 1084 2451 Quia
1105 2388 1192 2437 ureae
1212 2370 1248 2435 in
1270 2371 1439 2437 Ieremiam
1461 2371 1686 2454 praelectiones
1707 2371 1869 2454 proximis
1889 2371 2044 2437 nundinis
2065 2374 2200 2456 mamm,

195 2481 311 2547 tibrim
326 2481 452 2563 planxit
468 2479 617 2546 Palatino
639 2481 755 2546 ditare.
798 2478 840 2544 In
856 2479 1057 2562 praefatione
1078 2479 1209 2546 bremen
1228 2481 1409 2563 aonrpleetor
1429 2481 1525 2547 totins
1545 2484 1769 2548 controversiae
1790 2502 1956 2550 summm.
1996 2482 2071 2564 Quo
2092 2487 2201 2551 animo

195 2593 276 2658 haec
298 2611 427 2657 summa
448 2592 634 2676 conscripta
656 2591 756 2659 fuerit
779 2598 815 2656 tu
838 2611 897 2655 suo
920 2591 991 2656 loco
1012 2590 1121 2675 legisti
1143 2600 1261 2657 etncn
1279 2589 1431 2675 estquod
1455 2592 1509 2658 hic
1526 2600 1561 2656 te
1577 2590 1728 2673 pluribus
1750 2612 1952 2659 moneamus.
1984 2593 2059 2660 Non
2081 2597 2202 2661 mirum

194 2704 297 2788 igitur
314 2710 364 2767 est
380 2701 622 2787 Bullingerum,
644 2703 702 2784 qui
723 2699 818 2767 facile
841 2700 920 2785 quid
941 2703 989 2767 rei
1011 2710 1099 2768 esset
1119 2700 1372 2784 praesentiebat,
1395 2702 1493 2767 enixe
1514 2721 1648 2787 rogasse
1664 2712 1704 2767 ut
1721 2722 1741 2768 a
1759 2702 1895 2770 consilio
1919 2701 2098 2771 desisteret.
2133 2705 2202 2773 Sed

197 2814 268 2881 eius
290 2812 468 2879 admonitio
490 2814 597 2880 serius
620 2812 792 2879 Genavam
815 2812 907 2878 venit
930 2831 1029 2894 quam
1051 2819 1089 2876 ut
1111 2811 1233 2896 aliquid
1260 2813 1388 2878 efficere
1416 2812 1582 2896 potuisset,
1613 2820 1647 2878 et
1669 2812 1727 2879 vix
1748 2812 1840 2880 nobis
1869 2815 2106 2897 persuademus
2129 2836 2201 2885 eum

198 2925 321 3009 aliquid
343 2926 535 2991 effecturam
558 2923 660 2990 fuisse
682 2923 712 2989 si
733 2922 787 2990 vel
807 2923 905 2990 citius
926 2922 1027 2989 allata
1048 2922 1174 2991 fuisset.

350 3052 501 3137 Epistola
523 3052 581 3119 illa
602 3053 724 3137 scripta
745 3061 795 3119 est
817 3071 845 3118 a.
869 3051 899 3117 d.
923 3049 1003 3115 VII.
1024 3050 1102 3117 Kal.
1125 3051 1270 3135 Augusti
1292 3049 1327 3135 (l.
1350 3070 1377 3116 c.
1400 3071 1432 3134 p.
1457 3050 1519 3116 107
1541 3051 1583 3117 Ν.
1606 3050 1708 3136 3992)
1730 3060 1764 3117 et
1783 3050 1873 3116 inter
1895 3051 1960 3118 alia
1983 3053 2063 3121 haec
2085 3054 2202 3123 habet:

197 3165 267 3231 Hoc
295 3165 459 3249 ipnorares
486 3164 575 3230 nolni
603 3184 642 3229 ex
663 3163 741 3229 auia
764 3163 926 3245 principis
946 3161 1102 3229 Eleatoris
1123 3160 1269 3229 Palatini
1295 3161 1388 3227 armet
1413 3163 1576 3228 etitrrmn
1596 3182 1619 3228 a
1638 3161 1783 3244 fidetibm
1803 3163 1847 3229 aa
1867 3183 1925 3230 nos
1945 3165 2098 3246 scriptum
2126 3188 2202 3254 esse,
2325 3195 2328 3201 ·

197 3296 234 3343 ne
255 3276 333 3359 qnid
355 3275 506 3341 libramen
526 3279 703 3340 nostrornm
724 3272 873 3357 Pm'neipi
900 3273 1123 3355 inscribamus,
1152 3273 1235 3356 qnod
1259 3274 1383 3355 quidem
1409 3273 1476 3356 ipsi
1497 3293 1618 3354 parom
1637 3277 1762 3358 motum
1783 3275 1826 3339 sit
1849 3275 2004 3356 salmam
2035 3297 2097 3343 non
2119 3280 2203 3361 quoa

196 3407 260 3454 non
281 3408 320 3453 ex
345 3387 452 3452 animo
480 3386 641 3452 amioum
669 3384 893 3467 mopteaomr,
926 3386 982 3452 sed
1010 3385 1091 3467 pacet
1117 3385 1196 3451 notit
1225 3404 1338 3451 ansam
1364 3385 1513 3466 praeberi
1541 3383 1819 3450 cahemniatoritm
1848 3385 1904 3467 qni
1931 3386 2069 3454 mat
2096 3388 2202 3470 ipsum

198 3497 433 3582 Zromptionam
464 3501 493 3563 et
523 3496 746 3564 Celsinianum
777 3497 904 3578 faama.
949 3496 1038 3563 Haeo
1066 3516 1172 3563 moneo
1203 3497 1285 3578 qnod
1316 3495 1488 3579 inteitipam
1518 3493 1739 3561 teIeremiam
1770 3500 1859 3561 taum
1890 3496 1942 3562 tar
1973 3497 2201 3567 dedicatarum.

200 3608 329 3675 Gaudeo
351 3609 433 3690 quoa
453 3607 550 3674 buius
566 3606 736 3690 prophetae
757 3608 1041 3690 interpretationem
1058 3628 1080 3673 a
1095 3613 1123 3674 te
1140 3608 1243 3674 simus
1258 3606 1407 3672 tutiori.
1442 3605 1556 3671 Verum
1573 3610 1714 3672 soniare
1728 3607 1828 3687 prius
1849 3627 1892 3673 an
1911 3612 2006 3690 prata
2018 3608 2069 3675 sit
2088 3609 2203 3690 futura

197 3726 253 3786 tua
274 3718 424 3800 Primipi
444 3719 616 3800 irnmiptio.
663 3717 702 3784 Si
723 3717 815 3784 notia
834 3718 888 3784 rite
908 3717 969 3783 sibi
991 3719 1122 3785 inscribi
1142 3717 1330 3785 commodius
1351 3717 1443 3783 amre
1463 3715 1633 3784 dedicares.

352 3844 416 3911 Oui
439 3843 596 3910 Calvinus
617 3844 722 3929 pridie
743 3843 825 3911 Idus
847 3845 991 3929 Augusti
1011 3843 1092 3910 haec
1114 3844 1280 3928 respondit
1310 3844 1345 3929 (l.
1368 3863 1395 3910 o.
1418 3866 1449 3928 p.
1475 3844 1538 3909 134
1559 3844 1601 3911 N.
1623 3844 1737 3931 4007):
1772 3843 1849 3911 Sero
1870 3844 1950 3911 mibi
1971 3847 2111 3914 redditae
2131 3856 2205 3916 sunt

197 3965 269 4025 tuae
290 3958 407 4034 literae,
429 3955 543 4038 quibus
563 3955 706 4022 monebas
727 3976 765 4022 ne
784 3954 932 4022 Palatino
953 3975 1040 4022 meas
1057 3957 1093 4020 in
1110 3956 1280 4022 Ieremiam
1295 3956 1520 4038 praeteaiones
1542 3957 1690 4023 dicarem,
1732 3956 1797 4022 Res
1818 3957 1901 4022 enim
1923 3957 1990 4023 iam
2011 3963 2080 4024 erat
2099 3965 2203 4027 nans·

197 4075 276 4136 aeta.
323 4066 499 4134 Consiiimn
525 4068 605 4132 satis
632 4067 806 4150 tempestiue
836 4089 858 4132 a
889 4066 1036 4150 Gasparo
1071 4065 1257 4146 [Oleniano]
1290 4071 1396 4132 nostro
1418 4068 1582 4149 petieram.
1634 4067 1748 4135 Nescio
1774 4069 1830 4150 gui
1858 4069 1978 4150 factum
2006 4071 2049 4137 sit
2076 4075 2111 4136 nt
2138 4089 2203 4163 non

197 4179 399 4265 responderit.
434 4176 595 4244 antnm
611 4178 642 4244 si
659 4199 723 4261 qna
739 4179 799 4245 erit
820 4179 947 4261 offensio
966 4177 1062 4261 facile
1082 4177 1227 4258 attinetur,
1251 4197 1305 4243 nee
1322 4197 1506 4261 mapnopere
1527 4177 1633 4245 laboro
1653 4199 1751 4261 pnnm
1768 4178 1906 4263 pratiam
1923 4200 1985 4246 non
2001 4183 2201 4266 captaverim.

198 4291 331 4358 Scilicet
352 4288 510 4357 dedicatio
531 4289 605 4372 ipsa
625 4290 691 4354 ism
712 4310 740 4356 a
765 4289 795 4355 d.
818 4289 862 4356 X.
886 4289 963 4356 Kal.
987 4289 1073 4373 Aug.
1096 4288 1187 4372 prelo
1209 4287 1332 4354 tradite
1352 4287 1468 4368 fuerat,
1491 4297 1529 4353 ut
1550 4295 1642 4372 patet
1662 4311 1705 4354 ex
1725 4289 1923 4374 typographi
1946 4293 2158 4375 praelatione.

353 4419 542 4498 Praeterea,
571 4417 715 4502 nequid
743 4417 950 4499 omittamus,
980 4417 1078 4483 etiem
1104 4416 1187 4483 haee
1209 4416 1396 4481 testimonia
1423 4416 1581 4483 natalium
1608 4416 1714 4499 operis
1742 4416 1796 4481 hic
1817 4436 2073 4485 commemorare
2099 4419 2201 4486 lubet.

199 4532 253 4598 Ex
275 4529 447 4596 Oclladoni
464 4528 545 4595 Vita
567 4528 611 4614 (g.
629 4531 660 4596 4.
684 4528 769 4615 Opp.
787 4530 884 4597 XXI.
908 4528 965 4615 95)
986 4537 1115 4597 constat
1137 4528 1312 4595 Calvinum
1335 4527 1491 4594 lectiones
1511 4528 1547 4593 in
1569 4527 1848 4607 Lamentationes,
1871 4529 2016 4612 adeoque
2037 4530 2073 4595 in
2096 4539 2201 4596 totum

198 4641 384 4719 Ieremism,
407 4640 583 4707 absolvisse
606 4639 657 4707 die
682 4640 721 4706 19
744 4641 888 4707 Ianuarii
913 4639 1006 4707 1563.
1051 4640 1185 4706 Menses
1206 4659 1326 4706 vernos
1347 4639 1449 4723 igitur
1471 4639 1616 4705 eiusdem
1639 4639 1717 4703 anni
1746 4638 1875 4706 schedis
1897 4639 2200 4725 tachygraphorum

199 4750 417 4819 remactandis
445 4749 622 4834 impendit,
655 4753 702 4818 ita
727 4759 765 4819 ut
790 4772 904 4818 meuse
929 4751 1017 4817 Iulio
1047 4751 1130 4817 liber
1157 4751 1194 4816 in
1223 4749 1392 4834 publicum
1421 4750 1529 4816 emitti
1556 4749 1707 4833 potuerit.
1752 4749 1842 4816 (lave
1871 4750 1905 4814 id
1933 4750 2039 4817 serius
2069 4750 2202 4819 demum

198 4865 323 4931 factum
344 4862 445 4928 fuisse
467 4862 589 4940 credas,
612 4862 690 4945 qnia
712 4861 913 4938 Ionvillaeus
931 4862 1089 4946 Wolphic
1111 4861 1141 4928 d.
1163 4860 1194 4929 d.
1218 4861 1259 4926 19
1282 4860 1358 4926 Iulii
1380 4859 1434 4945 (Ν.
1453 4860 1548 4927 3982.
1573 4859 1657 4945 Opp.
1680 4860 1760 4927 XX.
1784 4859 1842 4946 66)
1865 4861 2031 4945 praesenti
2053 4869 2202 4947 tempore

199 4997 279 5043 usus
301 4974 429 5041 scribit:
451 4971 593 5039 Miraris
613 4973 692 5054 qnid
713 4973 765 5041 bie
786 4975 870 5058 tppie
890 4975 1064 5040 exmdatur
1081 5023 1171 5040 .....
1195 4971 1420 5040 Commentarii
1441 4970 1485 5037 D.
1506 4970 1633 5038 Oairini
1653 4973 1688 5037 in
1709 4972 1924 5038 Harmoniam
1944 4978 2078 5054 quatem
2100 4972 2203 5041 Motis

199 5086 349 5153 tidrormn
370 5085 505 5152 eduntm
525 5104 547 5149 a
568 5082 612 5150 H.
634 5083 801 5168 Stephano,
823 5083 1050 5151 memnones
1071 5084 1209 5150 eiusdem
1230 5084 1265 5149 in
1288 5081 1457 5149 Ieremiam
1472 5082 1659 5166 proplietam
1680 5088 1708 5148 et
1730 5083 1980 5149 Lamentationes
2001 5104 2023 5149 a
2046 5083 2201 5168 Oriepirn.

200 5198 288 5264 Haec
314 5200 351 5262 nt
376 5182 466 5281 spero
490 5196 652 5280 proximis
679 5196 833 5264 nundinis
861 5215 972 5263 oenum
999 5200 1195 5276 exponentur.
1241 5193 1317 5275 Quo
1343 5194 1454 5261 animo
1483 5194 1539 5260 hie
1561 5215 1665 5263 novus
1695 5195 1818 5261 autoris
1847 5192 1938 5258 labor
1959 5215 1979 5260 a
2001 5194 2210 5265 Lutheranis·
