4784 5970
136 338 198 403 cet
949 341 1336 410 PRAELROTIONES
2103 338 2172 403 568

136 548 222 593 nnus
251 531 398 612 populus.
452 530 605 612 Denique
640 531 694 598 hic
724 552 839 597 versus
869 533 1005 615 exponit
1035 530 1121 615 quod
1173 533 1318 598 ostendit
1340 533 1401 599 hoc
1423 542 1551 598 tantum
1574 555 1609 598 se
1633 530 1805 616 requirere,
1834 543 1869 596 ιιι
1890 510 2011 613 ipsum
2039 538 2183 611 patrem

136 613 353 682 iamdictam
385 617 495 680 fuerat
522 638 542 681 a
571 617 741 700 propheta.
791 618 835 682 Et
862 615 1045 682 natandum
1073 630 1122 683 est
1174 618 1329 685 invocent
1362 639 1428 684 non
1457 640 1523 702 ore,
1551 616 1608 683 sed
1637 637 1717 682 vero
1746 615 1850 683 cordis
1878 616 2020 682 affectu.
2075 611 2183 677 Nunc

138 698 224 782 quod
243 698 344 777 addit,
371 701 501 767 Venient
519 703 618 768 simul
634 725 650 767 e
667 703 977 785 terrawailoaisad
996 708 1122 782 terram,
1174 724 1253 787 ergo
1277 717 1425 769 tenemus
1453 703 1532 786 quid
1562 703 1641 769 velit
1671 702 1839 786 propbeta.
1883 701 1977 766 Nam
2008 697 2187 765 humiliat

138 805 234 866 quam
256 808 308 869 epa
330 788 405 852 dedi
422 789 650 869 possidendam
668 789 814 870 patribus
835 790 986 870 ipsoram.
1030 789 1121 853 Non·
1147 782 1149 831 l
1175 788 1358 869 Israelitas,
1398 811 1498 872 quum
1537 789 1591 854 hio
1624 787 1872 853 admirationem
1904 785 1985 850 Deo
2032 783 2182 848 tribuit:

138 867 217 934 dum
241 873 357 937 Iudaei
379 874 414 936 in
434 873 588 938 exsilium
610 876 849 957 migraverant:
873 873 1032 958 propheta
1053 876 1123 957 ipse
1175 878 1269 958 quasi
1302 898 1355 940 res
1387 888 1473 941 esset
1501 876 1587 941 lactu
1616 872 1770 939 difficilis:
1803 872 1858 937 sed
1891 873 2033 936 interea
2072 867 2185 951 erigit

138 955 366 1041 alloquebatur
400 980 470 1037 eos,
504 979 605 1040 quum
641 960 748 1025 adbuc
778 959 999 1045 lerosolymae
1028 970 1060 1025 et
1087 963 1124 1023 in
1148 1000 1150 1057 q
1175 964 1261 1044 ipsos
1284 961 1319 1024 in
1344 961 1460 1026 bonam
1484 960 1649 1038 fiduciam,
1672 959 1750 1041 quia
1770 958 1858 1024 salus
1876 957 1945 1022 illis
1965 964 2103 1039 parata
2127 953 2186 1029 sit,

139 1044 266 1126 reliqua
290 1051 379 1108 terra
403 1046 610 1127 quiescerent
632 1046 724 1127 quasi
751 1046 787 1109 in
810 1046 887 1110 nido
909 1064 988 1110 suo:
1016 1067 1123 1129 neque
1148 1068 1151 1143 p
1175 1046 1273 1112 modo
1301 1045 1410 1111 Deum
1440 1047 1566 1111 sincero
1592 1046 1688 1110 corde
1716 1045 1878 1120 invocent,
1906 1053 1942 1106 et
1974 1047 2187 1126 agnoscant

139 1151 283 1212 unquam
308 1129 373 1194 illis
391 1131 554 1212 persuasit
573 1132 661 1213 quod
679 1131 806 1212 experti
825 1145 903 1195 sunt
922 1152 1042 1215 magno
1064 1151 1124 1195 suo
1148 1182 1151 1239 ἱ
1176 1144 1301 1215 patrem
1325 1153 1432 1209 sunm,
1466 1131 1562 1214 idque
1584 1140 1841 1221 perseveranter,
1871 1149 1913 1193 ne
1935 1127 1983 1192 ab
2006 1130 2094 1209 ipso
2119 1145 2186 1189 un·

141 1216 270 1297 damno,
301 1236 421 1298 nempe
444 1216 570 1281 instare
593 1216 658 1283 illis
690 1216 797 1280 simile
830 1216 994 1290 exsilium,
1028 1216 1123 1298 quale
1149 1254 1151 1313 i
1176 1239 1274 1301 quam
1298 1216 1482 1283 deflectant.
1524 1217 1675 1298 Denique
1692 1216 1854 1298 signifieat
1871 1212 1970 1277 Deus
1990 1209 2187 1278 Israelitas

142 1310 219 1367 tunc
242 1302 419 1366 cernebant
441 1301 476 1364 in
499 1301 657 1367 iratribus
680 1302 748 1366 suis
771 1301 940 1367 Israelitis.
981 1301 1124 1367 Perinde
1149 1316 1152 1379 ι
1176 1303 1301 1367 similes
1333 1324 1405 1369 esse
1433 1303 1580 1383 mortuis,
1613 1312 1646 1365 et
1678 1301 1816 1365 salutem
1843 1319 1959 1365 eorum
1992 1319 2072 1362 non
2108 1314 2187 1359 esse

141 1395 250 1453 autem
270 1406 344 1450 cum
364 1387 445 1468 ipsis
463 1388 531 1470 agit
551 1388 718 1469 propheta,
737 1408 774 1452 ac
792 1387 820 1452 si
838 1399 947 1452 essent
964 1397 1124 1469 extorres,
1149 1390 1152 1457 l
1176 1388 1372 1471 sperandam
1399 1387 1520 1470 absque
1548 1387 1796 1452 resurrectione.
1839 1385 1978 1449 Interea
2001 1384 2079 1448 hac
2103 1381 2185 1463 lege

140 1487 174 1539 et
196 1472 384 1536 habitarent
412 1472 445 1535 in
476 1485 563 1537 terra
592 1473 785 1554 aquilonari,
813 1473 911 1537 sicuti
936 1473 1124 1538 israelitae:
1150 1510 1152 1555 ι
1178 1475 1340 1556 promittit
1369 1474 1450 1557 ipsis
1479 1472 1630 1553 salutem,
1658 1474 1685 1536 si
1714 1473 1820 1553 ipsum
1849 1471 2025 1546 invocent,
2061 1479 2101 1531 et
2134 1468 2186 1530 ta·

149 1559 278 1626 Venient
299 1558 404 1638 simol,
435 1559 553 1639 inquit,
581 1564 702 1623 eterra
731 1558 920 1639 aquilonari.
966 1559 1125 1625 Poterant
1151 1574 1153 1581 ’
1177 1560 1267 1625 ciant
1295 1559 1356 1624 hoc
1385 1580 1449 1623 non
1479 1557 1576 1626 corde
1606 1557 1737 1640 duplici,
1771 1576 1874 1637 neque
1906 1554 2015 1619 etiam
2054 1551 2187 1617 ardore

143 1646 303 1724 excipere,
337 1644 438 1726 Atqui
462 1642 569 1707 adhuc
598 1644 742 1725 potimur
770 1656 883 1710 nostra
911 1643 1125 1718 haereditate,
1150 1634 1153 1719 s
1177 1645 1297 1722 subito,
1323 1645 1512 1727 quistatim
1535 1643 1756 1709 evanescebat.
1801 1640 1873 1706 Noa
1894 1639 2042 1719 delicatas
2068 1637 2187 1721 igitur

143 1750 250 1811 neque
281 1730 358 1793 hinc
389 1749 449 1792 nos
484 1730 643 1810 quispiam
679 1729 831 1812 expellet,
865 1731 1020 1810 qnoniam
1055 1728 1126 1792 fieri
1151 1726 1153 1808 ἰ
1177 1731 1307 1811 depost
1327 1750 1385 1808 me,
1417 1731 1543 1811 inquit:
1578 1728 1639 1794 hoc
1668 1738 1727 1803 est,
1757 1746 1884 1807 semper
1912 1724 2049 1790 subditi
2091 1721 2184 1787 mibi

144 1837 210 1881 non
233 1824 352 1897 potest,
376 1825 414 1877 ut
432 1812 505 1878 Deo
528 1815 687 1896 eripiatur
709 1815 868 1897 templum
890 1837 1004 1880 suum:
1028 1815 1127 1898 elegit
1179 1824 1291 1892 estote,
1314 1828 1348 1880 et
1369 1816 1538 1880 ostendam
1570 1834 1635 1878 non
1663 1816 1783 1877 frustra
1811 1833 1863 1875 me
1885 1812 2000 1876 vocari
2034 1821 2183 1892 pat-rem

144 1901 206 1966 sibi
230 1901 374 1983 quietem
394 1909 585 1981 perpetuam
606 1899 693 1981 apud
716 1921 785 1964 nos.
822 1900 890 1966 Nec
908 1900 1043 1966 dubium
1066 1907 1126 1974 est,
1151 1918 1154 1977 ι
1180 1922 1199 1965 a
1222 1900 1324 1967 vobis.
1371 1901 1539 1983 Sequitur,

144 1988 223 2069 quin
258 1983 389 2048 auditae
421 1985 547 2048 fuerint
576 1985 765 2068 obstrepere
794 1986 878 2050 istae
908 2007 1013 2052 voces.
1059 1983 1126 2050 Sed
1152 2036 1154 2049 ,

144 2071 306 2157 propheta
330 2071 382 2134 hic
406 2070 527 2134 refellit
547 2091 663 2134 vanam
688 2091 801 2135 eorum
823 2072 1065 2146 confidentiam,
1089 2090 1127 2134 ae
1152 2096 1155 2151 3
1265 2072 1317 2137 20.
1343 2070 1429 2136 Certe
1450 2068 1686 2156 (subaudienda
1708 2078 1758 2133 est
1778 2066 1936 2150 particula
1960 2061 2076 2148 sicut)
2094 2082 2182 2144 per·

145 2157 223 2224 dicit
246 2177 336 2239 spem
367 2155 483 2219 salutis
514 2156 548 2218 in
577 2176 614 2220 eo
641 2157 801 2220 duntaxat
830 2158 972 2239 positam
995 2178 1075 2231 esse,
1099 2156 1126 2218 si
1177 2157 1239 2238 (ide
1262 2158 1329 2240 cpit
1355 2157 1468 2221 mulier
1494 2178 1514 2222 a
1543 2157 1625 2221 socio
1654 2175 1712 2220 suo
1739 2152 1815 2236 (hoc
1841 2161 1899 2231 est,
1929 2149 2071 2234 perfide
2105 2146 2183 2230 agit

145 2252 337 2325 exspectent
372 2241 610 2305 restitutionem
640 2263 659 2304 a
689 2240 850 2319 Domino,
881 2252 1055 2325 postquam
1085 2241 1125 2304 ad
1179 2264 1253 2308 cum
1276 2244 1403 2317 merito,
1433 2242 1489 2306 ubi
1516 2243 1556 2306 ab
1586 2242 1657 2322 ipso
1686 2237 1831 2316 discedit,
1860 2237 1914 2301 vel
1943 2255 1981 2300 se
2013 2232 2181 2317 alienat),

145 2341 275 2411 tempus
308 2328 540 2391 exsulaverint.
596 2326 661 2390 Hic
695 2337 804 2391 autem
843 2327 1004 2410 propbeta
1037 2346 1125 2392 eom·
1178 2329 1224 2392 sie
1259 2326 1381 2410 perfide
1417 2328 1538 2410 spiclis,
1585 2329 1620 2391 ia
1660 2346 1708 2390 me
1745 2324 1854 2390 amas
1893 2320 2020 2400 Israel,
2066 2319 2183 2400 inquit

145 2413 280 2478 mandat
302 2411 368 2476 illis
391 2411 534 2475 fructum
558 2411 674 2486 exsilii,
704 2414 854 2493 aequiore
878 2415 987 2478 animo
1010 2411 1126 2476 deinde
1179 2413 1324 2479 Ieltevalt.

145 2499 312 2581 perierant
345 2517 485 2578 poenam
520 2496 582 2561 sibi
624 2498 791 2562 inflictam.
847 2499 1006 2564 Poterant
1037 2498 1125 2561 enim

145 2584 268 2650 centies
288 2582 472 2664 desperare,
493 2581 557 2645 nisi
576 2602 651 2664 spes
670 2582 751 2649 haec
766 2584 881 2650 fuisset
898 2583 964 2648 illis
984 2581 1126 2664 residua,
1266 2583 1450 2650 Confirmat
1490 2584 1582 2665 prins
1620 2581 1802 2645 membrum
1846 2574 1993 2661 proximi
2039 2596 2178 2641 versus.

145 2690 264 2752 nempe
289 2667 471 2750 temporale
494 2668 561 2731 lore
593 2667 674 2731 illud
706 2669 869 2748 exsilium,
898 2670 977 2752 quia
1005 2668 1126 2733 iterum
1181 2670 1322 2736 Dixerat
1344 2670 1431 2733 enim
1457 2669 1514 2732 vix
1535 2687 1631 2750 posse
1660 2667 1742 2746 fieri,
1771 2675 1809 2729 ut
1837 2661 1949 2728 ludaei
1979 2680 2177 2744 recupera·

145 2776 220 2821 oum
243 2753 399 2818 iratribus
418 2754 485 2817 suis
505 2752 665 2818 Israelitis
685 2754 860 2838 colligendi
877 2764 996 2822 essent.
1031 2753 1127 2818 Nunc
1181 2764 1256 2820 rent
1279 2754 1364 2838 quod
1388 2753 1608 2836 perdiderant,
1636 2752 1806 2816 etiterum
1828 2754 2022 2813 crearentur
2046 2747 2086 2811 in
2110 2766 2176 2809 uo·

145 2841 303 2923 sequitur,
1181 2862 1261 2906 vum
1298 2840 1462 2923 populum.
1517 2837 1691 2903 Rationem
1724 2831 1879 2910 ostendit,
1921 2831 1998 2914 quia
2036 2830 2176 2896 similes

1181 2935 1274 2993 erant
1307 2925 1437 2989 mulieri
1470 2924 1651 3000 adulterae,
1691 2917 1962 3003 quemadmodum
1995 2921 2084 2980 ante
2119 2915 2173 2981 lo·

235 3009 285 3072 19.
310 3008 353 3071 Et
376 3029 427 3091 epo
448 3010 527 3085 diei,
559 3011 711 3090 quomado
735 3031 855 3092 penam
883 3017 911 3075 te
931 3011 966 3075 in
985 3009 1079 3091 tilios,
1102 3015 1130 3073 et
1182 3020 1305 3095 qnutus
1338 3024 1395 3075 est.
1449 3008 1516 3075 Sed
1545 3030 1612 3073 non
1642 3007 1716 3073 vult
1743 3015 1851 3070 temen
1880 3022 1971 3085 spem
2001 3001 2078 3066 illis
2107 3021 2172 3066 ex·

147 3095 226 3161 dabo
256 3094 312 3156 tibi
344 3100 459 3158 meram
488 3093 638 3158 desiderii
665 3094 741 3178 (hoc
769 3106 828 3174 est,
858 3094 1128 3170 desiderabilem,
1182 3105 1310 3164 entare:
1340 3104 1469 3160 tantum
1491 3095 1527 3158 in
1550 3094 1610 3159 hoo
1632 3092 1764 3170 insistit,
1794 3101 1831 3154 ut
1858 3088 1941 3154 serio
1972 3095 2173 3169 agnoscant

148 3179 369 3245 haereditatem
391 3180 574 3259 cupiditatis
597 3179 672 3261 (hoc
689 3191 748 3254 est,
767 3201 850 3262 quae
868 3181 1128 3264 concupiscitur,
1182 3187 1315 3266 peccata
1337 3202 1406 3255 sua,
1429 3180 1577 3262 quesibi
1605 3179 1806 3261 displiceant,
1835 3184 1868 3240 et
1895 3171 2094 3257 confugiant
2125 3168 2171 3235 ad

149 3265 302 3330 exercitas
321 3264 488 3347 peritiam?
534 3262 577 3326 Et
606 3265 686 3338 dixi,
720 3264 817 3329 Pater
838 3267 892 3340 mi,
915 3264 1065 3330 camare
1087 3266 1130 3330 ad
1183 3265 1439 3333 misericordiam
1462 3264 1535 3330 Dei.
1581 3264 1694 3346 Neque
1716 3271 1783 3327 tam
1807 3261 1949 3343 ipsorum
1971 3276 2078 3322 causa
2103 3255 2172 3321 hoc

148 3371 206 3430 me,
232 3354 259 3412 et
286 3369 306 3412 a
332 3369 380 3413 me
409 3368 472 3412 crea
498 3350 617 3414 recedes
647 3348 700 3433 (de
730 3361 801 3432 post
830 3371 890 3426 me,
920 3350 961 3416 ad
984 3350 1129 3429 verbum,
1182 3353 1268 3428 iacit,
1292 3371 1389 3433 quam
1412 3351 1520 3434 gentis
1541 3370 1630 3432 suae,
1653 3347 1741 3431 apud
1762 3366 1859 3429 quam
1882 3340 2047 3407 manebat.
2093 3340 2169 3406 Be·

149 3433 277 3518 tenso).
1182 3437 1280 3520 spicit
1301 3437 1399 3511 enim,
1420 3442 1459 3501 ut
1478 3456 1574 3518 saepe
1593 3434 1716 3501 dictum
1734 3443 1792 3506 est,
1814 3429 1984 3515 praecipue
2005 3424 2169 3503 Iudaeos,

1182 3524 1239 3606 qui
1262 3523 1309 3588 sio
1329 3520 1549 3586 obduruerant
1572 3523 1607 3586 in
1635 3520 1704 3585 suis
1726 3517 1823 3594 vitiis,
1850 3527 1972 3580 utnon
1999 3521 2169 3595 putarant

237 3605 310 3668 Non
334 3615 383 3670 est
404 3604 487 3668 mihi
510 3607 711 3686 propositum
741 3625 876 3670 narrare
905 3606 1053 3671 omnium
1075 3626 1130 3670 ex·
1183 3609 1223 3673 ad
1246 3629 1281 3674 se
1309 3607 1474 3692 pertinere
1502 3607 1564 3672 hoo
1593 3604 1797 3688 exemplum:
1830 3620 1894 3683 quo
1925 3605 2039 3662 tamen
2066 3597 2169 3661 Deus

151 3691 347 3776 positiones:
382 3690 437 3754 sod
470 3691 609 3755 sufficiet
639 3690 811 3757 ostendere
839 3690 918 3774 quid
946 3691 1028 3757 velit
1056 3710 1129 3773 pro·
1183 3715 1237 3759 sos
1269 3705 1393 3759 terrere
1423 3692 1581 3769 voluerat,
1610 3704 1646 3755 ut
1675 3689 1716 3754 ad
1749 3685 1975 3771 poenitentiam
2009 3682 2168 3747 flecteret

150 3777 262 3861 pheta.
320 3775 359 3840 Si
392 3775 522 3856 qnando
557 3776 683 3858 attingo
717 3780 906 3857 sententias,
944 3796 1029 3858 quae
1062 3796 1127 3840 non
1183 3780 1266 3844 dura
1287 3799 1401 3844 eornm
1423 3777 1529 3842 corda.
1574 3776 1647 3841 Hae
1672 3775 1776 3858 igitur
1804 3771 1926 3838 ratione
1948 3777 2017 3831 tem
2041 3787 2166 3832 severe

152 3863 234 3928 mihi
266 3862 408 3943 placent,
442 3878 540 3941 cogor
570 3860 632 3924 hoc
662 3864 784 3939 facere,
818 3862 972 3943 quoniam
1002 3862 1029 3925 si
1058 3862 1130 3940 quis
1183 3865 1335 3948 obiurgat
1353 3863 1520 3938 Israelem,
1542 3864 1619 3944 quia
1637 3861 1727 3943 prius
1743 3857 1826 3924 dixit
1842 3855 1977 3920 Iudaeos
1998 3852 2071 3917 illis
2087 3872 2166 3917 esse

152 3948 240 4013 color
263 3947 384 4023 subest,
415 3953 548 4027 possent
571 3945 709 4009 lectores
738 3946 822 4010 salli:
849 3947 906 4012 sed
929 3946 985 4012 ubi
1009 3948 1130 4010 veritas
1183 3950 1370 4015 deteriores.
1415 3949 1535 4015 Postea
1558 3947 1717 4029 adiungit,

151 4036 223 4116 ipsa
246 4053 305 4114 per
326 4053 360 4094 se
383 4031 463 4094 satis
486 4039 535 4094 est
553 4031 739 4112 conspicua,
761 4030 837 4094 nolo
855 4051 987 4113 operam
1008 4031 1130 4095 trustra

151 4136 346 4186 consumere
370 4116 402 4177 in
427 4115 610 4179 refutandis
634 4115 772 4179 aliorum
795 4116 1012 4196 opinionibus.
1057 4116 1130 4180 Hoc
1268 4119 1320 4183 21.
1351 4119 1418 4184 Vox
1439 4139 1534 4199 saper
1554 4116 1673 4183 excelsa
1695 4114 1806 4180 cudda
1821 4116 1875 4190 est,
1892 4109 1984 4189 fletus
1998 4109 2164 4190 precatio·

152 4224 231 4289 ergo
255 4210 372 4267 sonant
396 4199 574 4282 prophetae
598 4200 713 4264 verba:
743 4199 931 4283 Interrogut
953 4201 1007 4267 hic
1028 4200 1129 4276 Deos,
1182 4224 1258 4268 aum
1285 4204 1423 4284 filiorum
1454 4203 1568 4283 Israel,
1598 4203 1676 4284 quia
1698 4200 1912 4283 perverterem
1939 4194 2027 4258 ciam
2054 4212 2164 4275 suasa

153 4286 315 4373 quomodo
337 4286 408 4348 fieri
431 4286 560 4366 poterit,
592 4292 628 4348 ut
650 4285 768 4348 iterum
798 4295 998 4368 propagetur
1026 4305 1131 4369 genus
1183 4288 1269 4353 obliti
1290 4294 1363 4353 suat
1383 4288 1515 4354 Ieioaac
1536 4288 1601 4353 Dei
1621 4287 1682 4351 sai.

154 4373 308 4441 Abrahae
331 4381 503 4452 postquam
528 4372 624 4434 luerit
647 4369 738 4450 quasi
768 4381 969 4434 emortuum:
1004 4391 1130 4451 nempe,

154 4462 272 4543 inquit,
303 4455 341 4521 Si
367 4475 415 4519 me
440 4474 524 4518 acces
547 4461 680 4536 patrem,
712 4459 739 4517 et
768 4474 788 4517 a
816 4474 865 4518 me
892 4474 955 4518 aaa
982 4456 1131 4534 deflectas.
1269 4457 1359 4522 Hinc
1381 4458 1500 4522 clarius
1523 4464 1611 4539 patet
1635 4455 1720 4539 quod
1743 4474 1831 4519 nuno
1852 4448 2006 4527 dicebam,
2037 4467 2163 4530 nempe

153 4543 373 4626 Interrogatio
392 4541 456 4604 huc
474 4550 609 4623 spectat,
631 4548 668 4604 ut
686 4548 875 4622 pungentur
892 4538 1015 4617 Iudaei,
1039 4542 1132 4621 quasi
1157 4574 1160 4579 ·
1185 4541 1238 4605 hic
1267 4543 1367 4606 statui
1398 4543 1566 4608 Israelitas
1594 4562 1703 4608 coram
1736 4537 1875 4616 ludaeis,
1907 4541 1944 4599 ut
1975 4541 2165 4616 quassant

156 4649 290 4715 prorsus
313 4627 481 4708 deplorata
504 4635 591 4689 esset
612 4627 757 4705 ipsorum
782 4622 934 4688 conditio.
978 4624 1024 4689 Iit
1045 4633 1132 4689 certe
1184 4627 1330 4708 perversi
1355 4626 1414 4703 illi,
1444 4627 1562 4708 quibus
1585 4626 1675 4692 Deus
1706 4630 1899 4708 pepercerat,
1927 4619 1989 4686 sibi
2018 4616 2162 4683 eundern

155 4738 256 4799 quum
280 4722 429 4778 tantast
459 4723 525 4774 tam
556 4711 719 4773 obstinata
748 4709 874 4773 malitia
904 4718 1134 4790 provocassent
1186 4731 1324 4793 poenam
1352 4710 1550 4794 impendere,
1583 4715 1645 4778 nisi
1675 4720 1801 4776 mature
1828 4705 1868 4773 ad
1896 4723 1970 4769 eum
1998 4700 2161 4767 redirent.

155 4803 277 4877 Deum,
301 4806 452 4881 poterant
475 4796 578 4859 videri
602 4796 745 4874 periisse.
782 4793 876 4858 Deus
898 4812 976 4875 ergo
999 4792 1052 4858 hic
1074 4795 1133 4858 mi·
1159 4828 1161 4839 ν
1186 4796 1308 4859 Narrat
1326 4798 1413 4861 euim
1434 4798 1601 4880 propheta,
1622 4798 1790 4862 Israelitas
1805 4814 1874 4860 esse
1894 4792 1929 4855 in
1950 4789 2032 4852 fletu
2055 4798 2089 4852 et
2113 4787 2161 4851 la·

155 4888 263 4953 rantis
285 4903 458 4967 personam
479 4881 629 4962 suscipit:
652 4881 745 4961 quasi
764 4879 895 4956 diceret,
918 4877 987 4941 Vos
1004 4879 1131 4959 quidem
1158 4848 1161 4933 l
1186 4882 1316 4963 crymis,
1347 4881 1432 4963 qnod
1456 4884 1652 4947 desciverint
1674 4905 1693 4947 a
1716 4881 1786 4947 Deo
1808 4899 1875 4957 suo,
1901 4885 1934 4940 et
1956 4872 2160 4938 violaverint

158 4974 236 5038 estis
271 4971 444 5052 desperati,
479 4976 587 5032 actum
623 4977 670 5029 est
705 4963 744 5027 de
778 4964 883 5028 salute
917 4974 1043 5027 vestra:
1077 4963 1133 5028 sed
1160 4974 1162 5033 l
1187 4967 1285 5029 fidem
1308 4969 1336 5028 ei
1368 4967 1486 5031 datam.
1531 4967 1697 5047 Quorsum
1719 4967 1803 5033 hoc?
1836 4981 1950 5042 nempe
1973 4971 2011 5022 ut
2034 4957 2162 5033 Iudaei,

158 5068 269 5122 tamen
285 5056 362 5137 quia
380 5054 463 5118 mihi
485 5053 520 5116 in
539 5052 649 5116 animo
671 5059 721 5113 est
739 5070 797 5114 vos
816 5050 934 5112 iterum
954 5050 1134 5125 restituere,
1160 5040 1162 5089 l
1188 5050 1243 5131 qui
1272 5051 1333 5114 sibi
1366 5053 1400 5116 in
1434 5052 1553 5117 delitiis
1586 5055 1655 5117 suis
1689 5054 1826 5134 placent,
1859 5044 2093 5128 expergefieret,
2128 5053 2161 5138 et

159 5142 232 5206 volo
254 5162 342 5205 nuno
360 5139 511 5203 invenire
528 5138 698 5209 rationem,
722 5154 785 5214 qua
802 5134 922 5197 iterum
939 5144 1135 5215 propagetur
1161 5128 1163 5177 l
1188 5143 1344 5213 statuant,
1378 5137 1440 5200 nisi
1475 5149 1647 5203 occurrant
1678 5138 1797 5203 iudicio
1830 5134 1902 5212 Dei,
1931 5139 2064 5211 paratus
2097 5125 2161 5192 sibl

160 5247 265 5310 genus
289 5234 445 5290 vestrum.
490 5219 663 5303 Quomodo
684 5211 877 5302 igituf‘lroc
906 5217 984 5281 fiet?
1019 5239 1135 5299 nempe
1161 5218 1163 5229 '
1189 5240 1258 5283 esse
1281 5221 1402 5286 similes
1427 5223 1596 5304 lacrymas,
1623 5232 1655 5287 et
1677 5225 1814 5289 similem
1838 5221 1955 5285 fletum.
1999 5210 2161 5277 Nondum
