4784 5970
185 346 250 411 419
1055 341 1119 407 ,ΙΝ
1141 339 1307 407 ISAIAM
2134 334 2192 401 420

188 533 231 598 tis
252 538 415 596 errarent:
442 550 532 594 nunc
552 531 694 596 fructum
718 529 815 595 buius
837 530 986 595 licentiae
1008 527 1162 606 ostendit,
1214 528 1330 593 testari
1369 527 1539 609 opertebat
1577 534 1735 609 qnantum
1775 547 1796 591 a
1827 524 2015 610 pollutione
2047 524 2191 609 gentium

187 619 264 700 quia
285 618 435 681 fraenum
458 616 526 680 suis
545 615 796 698 cogitationibus
814 615 965 680 laxantes
984 614 1163 678 everterint
1214 611 1312 677 alieni
1335 620 1453 677 essent.
1498 613 1550 677 Ab
1573 632 1612 676 ea
1633 632 1712 695 ergo
1734 610 1859 696 regula,
1883 631 1984 695 quam
2000 610 2107 677 -nobie
2129 610 2192 675 Do·

189 723 307 786 purum
332 700 397 766 Dei
419 700 556 766 cultum.
601 702 645 763 Et
667 710 755 766 certe
778 700 859 766 haec
881 700 1026 765 omnium
1050 718 1163 781 super·
1213 698 1324 764 minue
1345 697 1546 780 praeseribit,
1575 718 1617 763 ne
1639 697 1742 762 latum
1763 697 1895 780 quidem
1917 716 2071 782 unguem
2094 695 2192 762 diseo·

187 789 359 853 stitionum
383 786 475 870 origo
497 799 562 864 est,
594 785 678 867 quod
707 786 775 850 sibi>
799 786 931 868 placent
958 784 1105 849 homines
1127 784 1163 847 in
1214 782 1357 849 dandum
1381 788 1440 847 est.

187 873 256 937 suis
286 871 547 944 inventionibus,
587 870 713 954 sibique
747 891 861 953 sapere
894 870 1024 935 malunt
1064 889 1162 951 quam
1299 868 1329 934 5.
1364 867 1442 954 (Qut
1462 867 1593 953 diasat.)
1642 866 1835 933 Extremam
1865 867 2076 952 impietatem
2107 874 2194 931 notat

187 958 339 1022 fraenare
371 977 486 1021 senens
518 976 594 1021 suos
628 955 689 1019 sub
719 956 781 1020 Dei
810 957 973 1039 obsequio.
1024 955 1163 1019 Frustra
1213 955 1248 1018 in
1270 952 1412 1030 Iudaeis,
1443 954 1526 1035 quod
1550 952 1725 1017 indomitos
1746 973 1783 1017 se
1802 961 1836 1019 et
1857 964 2075 1020 contumaees
2097 970 2192 1035 oppo-

188 1042 335 1124 allegant
356 1042 572 1125 superstitiosi
595 1063 672 1106 enas
694 1040 900 1124 devotiones,
932 1061 1012 1124 quas
1035 1047 1163 1115 vocant,
1214 1042 1332 1105 nerent
1354 1037 1418 1102 Dei
1442 1038 1630 1114 cultoribus,
1653 1058 1714 1103 nec
1735 1037 1812 1104 ullis
1826 1039 2068 1105 monitionibus
2083 1057 2192 1120 parere

188 1136 223 1194 et
253 1128 355 1193 bonae
384 1126 600 1190 intentiones:
635 1147 716 1210 quas
746 1128 792 1192 sio
821 1127 913 1192 Deus
942 1126 1098 1191 exhorret
1126 1145 1164 1189 ac
1217 1125 1347 1190 vellent.
1393 1123 1455 1190 Est
1475 1125 1562 1188 enim
1586 1123 1696 1206 aliqua
1716 1142 1792 1205 spes
1814 1121 2066 1207 resipiscentiae
2084 1143 2191 1206 quam·

189 1212 379 1292 detestatur,
401 1223 438 1276 ut
460 1212 515 1294 qui
539 1233 593 1276 eas
615 1213 743 1294 sequuti
766 1212 889 1276 luerint
907 1213 955 1277 rei
972 1212 1039 1277 sint
1057 1208 1163 1275 loede·
1216 1209 1272 1275 diu
1289 1209 1425 1274 monitis
1443 1218 1476 1273 et
1498 1209 1809 1290 reprehensionibus
1824 1208 1931 1275 locum
1947 1208 2087 1275 damus:
2111 1208 2192 1291 qnod

188 1298 236 1363 ris
257 1297 368 1362 violati
392 1316 430 1362 ao
452 1298 558 1361 laesae
581 1297 770 1362 maiestatis.
805 1297 897 1362 Nihil
920 1297 1007 1361 onim
1031 1318 1049 1360 a
1072 1295 1164 1360 nobis
1216 1296 1244 1361 si
1266 1315 1320 1360 eae
1342 1315 1550 1377 respuamus,
1581 1295 1768 1376 desperatos
1795 1314 1948 1360 neeesse
1971 1294 2192 1360 certissimum

187 1384 319 1468 proprio
342 1403 439 1446 sensu
463 1382 735 1465 aggrediendum,
764 1381 821 1446 sed
851 1382 975 1448 iubenti
1002 1382 1076 1445 Deo
1104 1401 1163 1462 pa·
1216 1389 1274 1447 est.
1319 1380 1392 1444 Etsi
1419 1392 1528 1444 autem
1556 1379 1657 1444 verba
1690 1380 1725 1442 in
1758 1381 1899 1462 speciem
1932 1378 2078 1445 obscura
2110 1392 2193 1456 eunt,

188 1468 329 1533 rendum
352 1478 411 1532 eet.
457 1466 608 1549 Denique
630 1468 762 1532 initium
785 1478 817 1531 et
839 1468 994 1550 persentio
1025 1466 1164 1548 legitimi
1216 1485 1344 1531 summa
1375 1465 1439 1531 huc
1468 1465 1568 1542 redit,
1602 1485 1728 1529 morose
1758 1473 1791 1530 et
1820 1464 1973 1531 ferociter
2004 1464 2194 1551 hypocritae

189 1553 297 1620 cultus
328 1562 379 1617 est
409 1552 563 1616 docilitas.
608 1552 768 1616 Irritandi
795 1553 897 1617 verbo
926 1552 1163 1634 impudentiam
1215 1550 1374 1633 repellero
1392 1551 1461 1633 pios
1480 1551 1670 1615 monitores:
1690 1549 1769 1632 quia
1787 1550 1838 1615 vel
1857 1550 1920 1616 sibi
1938 1549 2061 1616 falsam
2081 1552 2195 1616 saneti·

190 1637 303 1721 populi
326 1648 425 1714 notat,
449 1638 505 1719 qui
528 1637 619 1701 velut
641 1658 682 1701 ex
705 1639 848 1719 professo
870 1637 978 1702 Deum
1009 1656 1165 1721 provoca·
1216 1647 1316 1702 tatem
1339 1645 1510 1719 arrogent,
1541 1635 1594 1700 vel
1617 1656 1695 1717 prae
1725 1635 1878 1718 superbia
1908 1657 1977 1701 non
2007 1637 2195 1702 sustineant

190 1724 250 1805 vit,
273 1743 332 1786 nec
356 1723 517 1787 reveritus
541 1734 589 1787 aet
612 1724 815 1787 maiestatem
837 1724 940 1805 ipsius
969 1732 1006 1787 nt
1026 1721 1164 1805 imperio
1216 1721 1421 1806 reprehendi.
1483 1721 1660 1803 Nunquam
1700 1720 1787 1785 euim
1835 1721 2020 1805 hypoorieis
2070 1740 2196 1786 moroso

190 1830 226 1874 se
249 1806 435 1872 subiiceret.
479 1807 582 1889 quue
612 1809 717 1890 magis
746 1816 861 1892 auget,
891 1827 993 1891 quum
1025 1808 1103 1872 dicit
1128 1808 1165 1871 in
1216 1807 1347 1873 fastidio
1369 1816 1403 1872 et
1431 1806 1582 1889 superbia
1612 1815 1715 1872 vacat.
1759 1805 1811 1871 Ne
1839 1806 2002 1872 miremur
2030 1826 2116 1892 ergo
2144 1828 2195 1872 eoe

189 1893 312 1976 sociem
365 1893 450 1956 Nam
478 1913 578 1974 quum
607 1893 709 1957 veluti
737 1903 942 1976 praesentem
970 1893 1165 1958 intueantur
1217 1895 1272 1976 qui
1302 1893 1363 1957 hoo
1391 1893 1472 1956 vitio
1503 1891 1653 1956 laborant
1682 1891 1860 1970 insolenter
1888 1912 1958 1957 sese
1989 1892 2131 1971 efferre,
2160 1911 2196 1957 ao

190 1979 299 2043 Deum
322 1980 377 2060 qui
400 1977 499 2043 verbo
522 1979 592 2042 eius
614 1991 799 2057 mouentur,
822 1978 921 2063 longe
938 1979 1073 2063 gravius
1092 2000 1165 2063 peo-
1216 1981 1337 2044 iactare
1362 1979 1517 2043 virtutem
1542 1989 1574 2040 et
1596 1977 1805 2042 sanctitatem
1828 1997 1931 2057 suam,
1962 1977 2109 2062 aliisque
2129 1997 2195 2043 om·

190 2073 282 2138 cant,
323 2063 520 2144 maiorisque
553 2065 754 2145 pervicaciae
795 2072 828 2129 et
859 2064 1083 2146 impudentiae
1116 2066 1164 2129 rei
1217 2065 1314 2129 nibus
1333 2083 1404 2128 sose
1422 2065 1607 2145 praeferre:
1630 2082 1753 2145 nosque
1769 2060 1856 2127 idem
1876 2063 2020 2146 experiri
2038 2064 2078 2128 in
2097 2062 2196 2128 nostri

190 2159 283 2225 sunt,
317 2169 414 2231 quam
443 2150 498 2213 alii
528 2150 584 2232 qui
606 2170 774 2232 uunquam
809 2151 945 2215 verbum
978 2148 1164 2216 audierunt.
1217 2149 1373 2232 temporis
1392 2148 1580 2231 hypocritis,
1625 2147 1688 2212 uod
1705 2148 1810 2212 Isaiae
1828 2147 1869 2223 do
1885 2146 1955 2213 suis
1973 2147 2196 2232 praedicabat.

190 2234 307 2299 Hortos
327 2235 475 2298 nominat
497 2254 577 2316 quoe
600 2246 871 2300 consecraverant
892 2235 960 2300 soie
980 2233 1092 2301 idolis:
1115 2244 1165 2300 at·
1217 2235 1301 2300 Nam
1325 2256 1380 2300 eos
1403 2235 1590 2299 excaecavit
1640 2241 1727 2312 atan,
1748 2242 1787 2298 ut
1808 2234 1900 2298 inani
1916 2232 2198 2319 magniloquentia

190 2340 253 2403 que
275 2319 309 2383 in
332 2321 371 2383 iis
397 2340 432 2383 ee
460 2328 672 2401 provocatum
702 2319 792 2386 dicit.
842 2320 972 2385 Lateree
1000 2319 1054 2386 hio
1083 2341 1165 2385 non·
1216 2320 1376 2386 iactantes
1406 2339 1501 2384 suam
1530 2338 1629 2401 quam
1664 2328 1782 2384 vocant
1814 2317 2023 2385 devotionem
2058 2321 2196 2385 verbnm

191 2405 274 2469 nulli
297 2425 355 2485 per
376 2412 599 2487 contemptum
622 2406 783 2469 nominari
815 2413 943 2488 putant,
974 2415 1007 2470 ot
1036 2405 1165 2488 oblique
1218 2406 1281 2470 Dei
1321 2404 1571 2488 vilipenderent.
1627 2403 1830 2470 Existimant
1862 2405 2064 2489 interpretes
2100 2426 2196 2491 gene·

190 2489 309 2572 opponi
333 2489 443 2568 altari,
473 2491 507 2553 in
530 2510 594 2572 quo
617 2490 845 2556 tantummodo
875 2491 1051 2555 sacrificari
1073 2491 1165 2556 Deus
1218 2492 1318 2556 ralem
1341 2491 1395 2557 hic
1418 2511 1488 2556 esee
1509 2491 1717 2567 sententiam,
1741 2511 1805 2572 qua
1826 2489 2121 2574 reprehenduntur
2141 2491 2197 2557 Iu·

190 2576 337 2642 volebat:
377 2587 474 2657 atque
506 2575 553 2639 ita
593 2577 784 2641 existimant
823 2576 878 2642 hic
917 2577 1165 2642 commemorari
1220 2577 1300 2654 daei,
1320 2575 1406 2660 quod
1424 2596 1459 2640 se
1472 2576 1638 2658 prophetie
1650 2575 1810 2641 subiicere
1822 2577 1965 2641 nollent:
1987 2575 2048 2642 eod
2067 2575 2197 2643 videtur

190 2670 278 2727 tecta
314 2661 349 2725 in
388 2660 505 2744 quibus
544 2662 760 2744 superstitiosi
800 2661 947 2727 solebant
985 2662 1165 2740 immolare,
1218 2662 1300 2727 mihi
1331 2661 1566 2728 consideranda
1592 2661 1855 2746 circumstantia,
1889 2680 1988 2745 quam
2018 2681 2089 2726 non
2116 2664 2197 2728 eatis

190 2748 347 2829 quoniam
369 2745 524 2811 lateribus
544 2746 746 2812 constabant.
791 2745 859 2813 Sed
882 2768 942 2831 ego
973 2748 1167 2831 simpliciter
1220 2748 1442 2832 perpendunt:
1475 2747 1558 2830 quod
1588 2746 1742 2812 continua
1763 2748 1846 2812 serie
1867 2747 1948 2811 haec
1968 2747 2197 2830 superioribus

190 2832 306 2898 altaria
329 2852 412 2913 quae
434 2842 666 2896 exstruxerant
687 2831 784 2897 idolis
806 2835 912 2897 notari
935 2844 1025 2915 puto.
1067 2834 1165 2899 Tam·
1219 2835 1478 2917 coniungantur,
1519 2841 1618 2914 atque
1658 2831 1886 2913 vehementer¹
1909 2831 2198 2914 reprehendantur

191 2919 251 2982 etsi
275 2919 364 2981 enim
397 2918 542 2998 specioso
575 2923 749 2998 praetextu
783 2939 848 2982 non
881 2927 1046 2995 carerent,
1080 2918 1166 3002 quod
1219 2918 1351 3003 Iudaei,
1378 2918 1465 3001 quod
1488 2939 1553 2982 non
1576 2917 1682 2981 solum
1712 2918 1909 2984 desciverint
1938 2937 1959 2981 a
1987 2938 2069 2984 vero
2098 2918 2196 2998 cultu,

190 3002 331 3066 formam
361 3001 451 3065 illam
483 3001 594 3066 altaris
628 3024 648 3065 a
677 3002 749 3066 Deo
782 3005 1009 3084 praestitutam
1043 3003 1168 3070 imitari
1220 3005 1276 3071 sed
1299 3007 1398 3069 etiam
1419 3003 1631 3088 pervicaciter
1652 3004 1810 3085 figmenta
1831 3024 1891 3070 sua
1908 3003 2040 3085 eequmi
2058 3003 2137 3080 eint,
2160 3014 2197 3069 ut

191 3087 331 3153 vellent:
354 3087 445 3150 Deus
468 3094 576 3150 tamen
600 3087 675 3168 quia
694 3108 714 3150 a
732 3089 831 3153 verbo
848 3109 907 3154 suo
925 3088 1068 3153 alienum
1087 3099 1166 3167 erat,
1220 3092 1379 3156 facessere
1399 3087 1551 3153 iuberent
1570 3087 1720 3171 quisquis
1743 3109 1809 3153 non
1840 3086 2065 3172 applauderet.
2111 3089 2196 3154 Nam

191 3171 448 3237 abominabatur.
1220 3174 1308 3241 istud
1331 3173 1430 3240 Morte
1451 3174 1537 3256 opud
1565 3178 1611 3254 te,
1640 3173 1723 3237 nibil
1752 3172 1841 3238 aliod
1872 3183 1922 3239 est
1950 3192 2052 3255 quam
2084 3194 2196 3259 apage,

276 3257 305 3322 4.
330 3254 408 3341 (Qui
429 3255 578 3341 manent.)
622 3258 805 3321 Enumerat
826 3257 891 3322 alia
912 3278 1034 3341 genera
1052 3279 1167 3342 super·
1220 3262 1312 3343 qnasi
1347 3266 1505 3343 negarent
1537 3258 1716 3342 quidquam
1749 3259 1812 3324 sibi
1845 3258 1966 3345 negotii
2006 3280 2080 3327 esso
2123 3282 2196 3326 oum

191 3342 380 3419 stitionum,
420 3361 501 3424 quae
535 3341 597 3406 etsi
630 3351 763 3424 propter
802 3342 996 3408 brevitatem
1030 3344 1168 3411 obscura
1220 3345 1330 3429 probis
1352 3345 1577 3410 monitoribus.

190 3438 286 3505 eunt,
315 3426 426 3512 qualia
454 3435 563 3491 tamon
594 3426 717 3492 fuerint
748 3449 789 3492 ex
817 3427 890 3494 aliie
912 3428 992 3493 loeis
1014 3429 1168 3513 colligere
1306 3431 1337 3495 6.
1368 3429 1461 3516 (Eece
1481 3430 1633 3510 scriptum
1654 3428 1721 3513 eet.)
1765 3428 1894 3495 Alludit
1915 3429 1956 3495 ad
1984 3449 2197 3497 communem

190 3525 379 3600 promptum
410 3524 469 3578 est.
514 3512 599 3578 Nam
629 3522 665 3577 ut
694 3515 935 3579 necromantiae
966 3516 1087 3597 possim
1115 3536 1167 3581 re·
1219 3515 1364 3582 iudicum
1387 3534 1528 3592 morem,
1559 3514 1646 3598 apud
1676 3535 1757 3597 quos
1778 3516 1920 3598 scriptae
1947 3524 2025 3580 eunt
2056 3517 2196 3583 alieuius

192 3609 286 3681 cepta
308 3601 369 3663 luit
391 3598 477 3680 apud
499 3609 613 3682 gentes
637 3599 798 3681 profanas,
821 3599 883 3681 ipsi
905 3620 1032 3683 quoque
1054 3600 1168 3666 Iudaei
1219 3604 1269 3667 rei
1290 3601 1538 3683 inquisitiones,
1568 3600 1771 3678 testimonia,
1803 3609 1876 3667 acta
1896 3609 1929 3665 et
1951 3601 2130 3682 eiusmodi,
2159 3608 2198 3668 ut

190 3686 227 3749 in
245 3683 404 3765 sepulcris
423 3693 455 3747 et
473 3682 610 3749 desertis
629 3684 840 3749 consulebant
859 3684 1042 3768 daemones,
1065 3706 1167 3769 quum
1220 3708 1322 3770 quum
1354 3686 1395 3751 iis
1429 3687 1477 3751 uti
1510 3707 1591 3768 opus
1624 3688 1704 3767 erit,
1741 3686 1836 3752 facile
1868 3705 1944 3751 reue
1971 3686 2196 3753 convincatur.

192 3769 301 3833 Deum
324 3767 428 3832 solum
452 3769 619 3833 consulere
642 3767 846 3834 debuissent:
869 3778 903 3836 et
925 3770 1017 3853 quasi
1039 3790 1059 3834 a
1080 3791 1168 3837 mor·
1220 3772 1305 3838 Nam
1327 3772 1500 3838 scribimus
1523 3791 1562 3836 ea
1583 3790 1723 3853 quorum
1745 3771 1781 3835 in
1809 3778 1976 3853 posterum
2003 3773 2198 3838 memoriam

193 3854 258 3918 tuis
280 3860 430 3936 peterent
457 3873 627 3935 responsa,
659 3853 856 3919 daemonum
883 3855 1070 3938 praestigiis
1098 3857 1168 3921 falli
1221 3867 1352 3923 exstare
1391 3858 1549 3939 cupimus.
1606 3857 1761 3922 Testetur
1801 3877 1879 3941 ergo
1911 3855 2078 3923 Dominus
2117 3858 2198 3924 haec

193 3938 427 4021 periucundum
450 3938 530 4020 ipsis
554 3947 631 4002 erat.
675 3938 784 4018 Quam
806 3961 885 4005 vero
908 3945 1022 4006 sancte
1043 3941 1077 4006 id
1098 3940 1169 4007 Do·
1220 3944 1310 4008 nulla
1332 3942 1497 4008 oblivione
1519 3940 1621 4006 deleri
1643 3962 1751 4024 posse,
1781 3941 1933 4024 quoniam
1962 3942 2090 4026 scripta
2110 3956 2198 4009 eunt

193 4024 303 4088 minue
333 4024 508 4101 vetuisset,
536 4044 578 4088 ex
609 4044 677 4106 cap.
703 4024 743 4088 18
771 4023 906 4090 Denter.
935 4036 969 4090 et
993 4025 1067 4091 aliie
1090 4026 1168 4093 locis
1221 4027 1383 4109 Quamvis
1412 4028 1498 4092 enim
1528 4026 1569 4091 ad
1598 4035 1727 4110 tempus
1757 4026 1957 4105 dissimulet,
1989 4032 2103 4094 manen
2131 4050 2198 4095 non

193 4108 366 4172 manifeste
388 4107 497 4189 liquet.
544 4107 696 4173 Vidimus
719 4109 817 4172 etiarn
840 4111 991 4178 nonnihil
1017 4113 1113 4195 oepit.
1137 4113 1168 4178 8.
1220 4114 1356 4197 impune
1378 4111 1519 4178 evadent
1541 4111 1643 4195 impii,
1675 4110 1731 4178 ead
1753 4112 1875 4178 iustum
1897 4112 2032 4178 tandem
2054 4112 2198 4180 iudicem

194 4191 404 4260 Generaliter
426 4206 536 4257 autem
561 4194 714 4259 docemur
737 4193 820 4257 nihil
846 4216 917 4260 esse
947 4197 1031 4278 quod
1054 4198 1168 4263 Domi·
1221 4218 1291 4264 esse
1314 4200 1465 4264 sentient
1508 4196 1598 4263 Hinc
1620 4196 1839 4281 colligendum
1861 4204 2000 4265 estnon
2022 4218 2098 4265 esee
2118 4202 2198 4266 abu·

194 4300 257 4344 nus
288 4279 435 4360 requirat
466 4291 598 4361 praeter
627 4278 863 4344 obedientiam:
898 4299 995 4363 quarn
1025 4283 1169 4349 victimis
1222 4282 1360 4348 tondum
1387 4282 1547 4366 patientia
1574 4284 1653 4363 Dei,
1686 4282 1772 4366 quod
1799 4282 1855 4348 diu
1884 4302 1945 4349 nos
1973 4282 2107 4364 tolerat,
2138 4304 2198 4351 neo

194 4377 225 4431 et
249 4364 417 4430 sacrificiis
440 4366 620 4446 anteponit.
1221 4371 1334 4435 statim
1375 4368 1501 4439 exserit,
1535 4388 1672 4433 manum
1705 4367 1746 4433 ad
1780 4388 1840 4434 noe
1876 4368 2077 4451 puniendos:
2121 4372 2199 4453 quia

280 4449 465 4535 (Comeduct
497 4469 622 4514 comem
650 4447 803 4535 suillam.)
853 4451 942 4515 Ante
975 4462 1169 4534 conquestus
1221 4453 1435 4518 nihilominus
1457 4450 1542 4535 apud
1565 4454 1673 4536 ipsum
1696 4454 1859 4536 descripta
1876 4462 1956 4519 eunt
1971 4455 2094 4536 omnia,
2116 4475 2198 4538 quo·

194 4546 244 4602 est
280 4535 448 4617 inquinari
479 4534 541 4597 Dei
580 4534 704 4599 cultum
740 4534 930 4600 adventitiis
959 4540 1167 4604 commentis:
1221 4560 1295 4605 rum
1329 4537 1462 4604 tandem
1496 4558 1620 4621 poenae
1650 4560 1708 4605 nos
1742 4538 1820 4603 dare
1852 4558 1985 4605 necesse
2017 4540 2099 4619 erit,
2132 4542 2196 4607 nisi

193 4641 280 4687 nuno
302 4620 392 4685 addit
414 4618 569 4684 confundi
593 4639 690 4683 omne
713 4619 897 4698 discrimen,
920 4621 1059 4687 utinter
1077 4644 1169 4688 mun·
1221 4624 1458 4706 resipiscamus.
1513 4624 1678 4689 Dominus
1711 4623 1841 4706 quidem
1882 4623 2062 4699 scritura,
2104 4626 2197 4709 quasi

150 4785 152 4789 Ι
195 4706 274 4771 dum
307 4716 340 4771 et
372 4704 578 4770 immundum
613 4726 678 4769 non
710 4704 916 4770 discernant:
957 4728 995 4772 ac
1028 4710 1168 4790 speeiem
1221 4709 1365 4775 subsidio
1399 4711 1590 4784 memoriae,
1624 4731 1689 4774 non
1722 4714 1814 4792 eget:
1857 4708 1916 4776 sod
1947 4644 2010 4775 loe
2041 4708 2197 4793 loquendi

196 4814 293 4857 unam
317 4791 479 4874 producit,
504 4789 587 4872 quod
612 4811 676 4853 non
700 4790 885 4855 abstineant
908 4811 1039 4857 aearne
1061 4795 1167 4862 suilla.
1221 4796 1325 4859 forma
1345 4795 1456 4873 utitur,
1479 4817 1521 4858 ne
1539 4794 1616 4877 qnid
1634 4816 1710 4859 eum
1728 4794 1864 4860 oblitum
1882 4816 1953 4860 esee
1970 4795 2198 4862 existimemus

195 4879 295 4960 Atqui
320 4878 381 4942 boc
403 4876 474 4940 leve
496 4874 677 4940 videbatur.
712 4876 952 4941 Minimevero.
991 4878 1059 4943 Nec
1082 4882 1168 4943 enirn
1221 4900 1322 4962 quum
1356 4879 1481 4943 tardius
1513 4880 1633 4945 iudicia
1666 4901 1725 4944 sua
1759 4881 1956 4963 exsequitur.
2000 4880 2074 4945 Imo
2109 4882 2196 4964 apud

197 4983 238 5027 ex
260 4972 372 5027 nostra
394 4961 450 5026 sed
473 4982 514 5025 ex
538 4961 733 5044 legislatoris
756 4964 918 5026 sententia
946 4982 1044 5043 quam
1068 4985 1169 5047 grave
1221 4966 1393 5031 Ieremiam
1418 4964 1514 5049 (Iere.
1539 4966 1589 5042 17,
1614 4964 1646 5050 1)
1669 4967 1854 5048 expressius
1884 4966 2044 5048 loquitur,
2076 4967 2196 5034 Pecca-

195 5049 236 5112 sit
263 5058 429 5130 peccatum
462 5046 671 5112 iudicandum
702 5056 769 5110 est:
803 5068 863 5112 nec
891 5047 963 5112 leve
992 5048 1168 5132 quidquam
1222 5063 1291 5115 tum
1315 5048 1464 5115 Iehudah
1486 5053 1644 5134 scriptum
1674 5071 1744 5116 esee
1774 5052 1859 5136 stylo
1887 5052 1992 5117 ferreo
2019 5052 2055 5115 in
2088 5073 2197 5136 ungue

195 5133 320 5199 censori
343 5133 439 5197 debet
461 5130 545 5214 quod
568 5132 750 5198 aDomino
774 5134 911 5196 vetitum
934 5144 992 5197 est.
1033 5133 1106 5200 Hoc
1128 5136 1168 5201 ad
1221 5135 1440 5202 adamantino.
1486 5136 1577 5201 Haeo
1610 5136 1769 5218 loquutio,
1801 5136 1981 5220 rependere
2010 5135 2045 5200 in
2074 5137 2196 5218 sinum,

197 5228 366 5282 externam
389 5217 464 5282 fidei
480 5218 714 5300 professionem
734 5217 927 5300 pertinebat,
951 5238 1015 5299 qua
1030 5218 1169 5288 Iudaeos
1221 5223 1302 5289 satis
1324 5221 1446 5286 usitata
1468 5232 1518 5287 est
1540 5222 1728 5306 scripturis:
1758 5224 1912 5305 quoniam
1941 5221 2095 5289 hominos
2123 5244 2199 5307 poo-
