4784 5970
118 369 182 435 273
982 367 1132 435 CAPUT
1153 365 1246 433 LIV.
2045 365 2110 433 att

115 558 253 640 Quoties
281 557 382 640 igitur
410 559 506 621 rebus
535 555 681 620 adversis
711 556 898 638 premimur,
932 556 974 620 ad
1001 556 1087 621 hane
1138 555 1219 621 haec
1241 555 1339 620 verba
1368 554 1422 620 boc
1449 554 1541 637 mitt,
1576 574 1658 636 quae
1686 555 1880 636 interpretes
1914 574 2028 637 parum
2051 575 2108 620 ax·

116 644 367 710 consolationem
391 640 648 724 confugiendum
670 650 729 706 est.
774 641 962 706 Notandum
986 641 1085 706 etiam
1138 639 1295 725 pendunt.
1351 639 1523 723 Significat
1554 641 1642 705 enim
1674 639 1759 705 banc
1792 639 2009 705 calamitatem
2047 640 2108 705 sibi

116 739 175 810 est,
199 749 273 795 vere
297 727 357 793 hoc
379 725 419 791 ds
441 736 509 791 toto
530 746 665 809 corpore
694 727 803 811 pepuli
831 727 930 793 luisse
952 726 1086 808 dictum,
1138 730 1242 792 instar
1270 725 1385 790 diluvii
1413 727 1495 791 iore:
1526 731 1564 790 ut
1584 724 1859 808 quemadmodum
1890 746 1956 790 uno
1985 724 2109 790 diluvio

116 818 171 900 qui
199 835 259 880 sua
288 813 424 897 perfidia
452 812 621 878 dissidium
651 813 784 878 iecerat.
828 813 873 877 Et
901 833 1086 895 quanquam
1138 820 1312 878 contentus
1340 812 1419 890 fuit,
1453 833 1494 876 ns
1517 831 1661 893 unquam
1691 812 1799 893 ipsum
1829 815 1940 875 iterat:
1974 810 2020 874 ita
2045 811 2107 877 hoe

116 924 181 968 nou
203 919 316 965 omnes
340 899 520 981 promiscue
542 899 663 981 recepit
686 896 777 963 Deus
799 898 834 962 in
857 899 1007 982 gratiam,
1028 897 1085 963 sed
1139 920 1204 963 uno
1226 898 1378 964 eeclesias
1397 898 1488 963 velut
1504 897 1638 962 interitu
1657 906 1827 963 certemus
1845 899 1888 963 sit
1907 918 1947 961 ns
1966 917 2108 979 unquam

116 988 233 1053 electas
255 995 382 1049 tantum
406 984 573 1066 reliquias,
603 983 685 1047 nihil
708 997 818 1048 tamsn
841 985 875 1048 in
898 1004 936 1048 eo
958 992 1008 1049 ast
1030 984 1085 1049 ab·
1138 985 1208 1049 eius
1236 983 1367 1064 faeiem¹
1381 983 1480 1048 deleri
1510 983 1606 1049 sinat.
1659 981 1715 1050 Sic
1743 984 1845 1065 igitur
1875 981 2108 1065 explicandum

116 1072 204 1140 surdi
228 1072 279 1136 vel
301 1069 510 1147 incommodi,
540 1069 637 1153 quod,
653 1089 836 1134 sermonem
866 1078 1021 1151 tanquam
1045 1068 1086 1133 ad
1138 1069 1227 1134 hunc
1247 1068 1364 1150 locum,
1388 1074 1485 1152 atque
1507 1068 1731 1151 applicandam
1754 1066 2001 1133 similitudinem
2019 1077 2109 1148 puto,

115 1159 245 1224 eosdem
268 1155 388 1238 dirigit.
433 1156 560 1220 Iterum
583 1174 660 1219 vero
682 1158 800 1238 repetit
824 1162 921 1236 atqua
943 1154 1085 1219 inculcat
1138 1156 1323 1220 vastitatem
1345 1154 1487 1220 Iudaeae
1510 1155 1578 1219 iore
1600 1154 1672 1219 Deo
1701 1155 1791 1236 quasi
1819 1153 1990 1231 diluvium,
2021 1152 2108 1234 quod

116 1245 202 1310 hano
224 1241 431 1321 sententiam,
461 1248 498 1305 ut
519 1241 646 1305 firmius
668 1241 796 1323 piorum
824 1241 942 1305 animis
972 1240 1085 1304 inhae·
1138 1250 1284 1324 tempore
1306 1239 1376 1305 Noe
1398 1240 1529 1306 accidit:
1563 1243 1639 1322 quia
1660 1241 1755 1304 sicuti
1778 1250 1855 1304 tuuc
1876 1239 2001 1305 iuravit
2023 1259 2107 1303 nun-

116 1338 195 1405 reat,
225 1349 267 1394 ne
290 1326 438 1392 adversis
465 1325 561 1391 rebus
585 1325 767 1391 ullomodo
790 1326 997 1410 frangantur.
1041 1326 1086 1390 Et
1137 1347 1234 1409 quam
1256 1347 1291 1390 se
1313 1326 1448 1407 posthac
1470 1326 1567 1391 talem
1590 1335 1795 1408 sumpturum
1820 1346 1956 1408 poenam
1979 1324 2019 1388 de
2042 1343 2108 1389 see-

116 1415 250 1481 merito:
284 1414 361 1495 quia
389 1413 424 1476 in
446 1412 503 1477 illa
530 1410 694 1476 horrenda
726 1413 867 1495 caligine
896 1411 988 1476 facile
1018 1410 1085 1475 nou
1137 1413 1267 1495 leribus,
1298 1432 1381 1494 quae
1403 1423 1524 1477 terram
1549 1411 1688 1476 nudaret
1709 1411 1841 1476 incolis:
1871 1412 1917 1475 ita
1939 1410 2106 1476 eeclesiam

115 1503 178 1566 fuit
200 1498 369 1564 exsulibus
391 1517 538 1563 serenam
562 1498 623 1561 Dei
653 1497 767 1562 laciem
797 1497 928 1562 intueri.
971 1495 1085 1577 Quan·
1137 1519 1204 1562 nou
1233 1498 1373 1580 amplius
1402 1500 1563 1574 absumet,
1594 1497 1691 1562 sicuti
1714 1498 1747 1561 in
1770 1496 1885 1562 exsilio
1913 1495 2108 1580 babyloniae

116 1607 212 1670 quam
242 1596 350 1649 autem
385 1593 611 1648 momentanea
639 1583 687 1646 ira
709 1584 837 1666 proprie
864 1583 917 1648 bic
939 1592 1084 1660 vocatur,
1136 1584 1266 1649 fecerat.
1311 1584 1356 1648 Et
1377 1603 1454 1648 sane
1476 1583 1708 1666 qualiscunque
1734 1592 1845 1663 postea
1867 1582 2035 1664 dissipatio
2056 1602 2107 1646 so-

116 1671 201 1755 quod
233 1680 361 1735 mature
391 1668 536 1750 captivos
570 1667 736 1733 reduxerit
759 1668 850 1733 Deus
879 1669 912 1733 in
935 1669 1084 1752 patriam,
1137 1679 1238 1752 quuta
1266 1670 1323 1745 sit,
1358 1690 1485 1752 semper
1514 1677 1623 1733 tamen
1655 1670 1760 1752 viguit
1793 1667 1921 1750 aliquod
1954 1667 2107 1733 ecelesias

115 1757 191 1822 inde
214 1764 321 1820 amen
345 1755 530 1837 generalem
554 1754 734 1818 doctrinam
758 1754 914 1832 elicimus,
937 1753 1085 1819 afflictio·
1137 1776 1274 1835 nomeu,
1314 1756 1467 1837 stetitque
1507 1754 1617 1837 aliqua
1657 1755 1776 1830 forma,
1820 1754 1921 1819 donec
1961 1752 2108 1817 exhibito

116 1863 173 1908 nes
206 1841 359 1907 eeclesiae
392 1860 520 1922 semper
553 1859 623 1904 esse
657 1851 914 1913 momentaneas,
956 1839 1011 1903 ubi
1045 1838 1085 1903 ad
1138 1841 1270 1906 Christo
1294 1860 1404 1905 semen
1423 1840 1584 1924 evangelii
1603 1841 1724 1922 ubique
1741 1840 1922 1922 dispersum
1942 1850 2002 1916 est,
2022 1836 2108 1921 quod

116 1938 281 1994 aeternam
311 1928 381 1990 eius
411 1924 594 1990 felicitatem
624 1926 804 1991 attollimus
834 1924 955 1991 oculos.
999 1924 1085 1989 Nam
1138 1928 1210 1991 Deo
1232 1926 1314 1992 lilios
1337 1925 1530 2008 produceret
1553 1947 1593 1990 ex
1614 1926 1741 1991 cunctis
1763 1925 1923 2009 gentibus.
1955 1924 2107 2006 Denique

116 2013 171 2079 illa
204 2012 299 2077 Pauli
333 2010 377 2091 (2.
400 2011 473 2075 Oor.
498 2011 529 2085 4,
555 2010 608 2095 l‘l)
641 2010 819 2075 admonitio
854 2011 994 2075 tenenda
1027 2018 1085 2087 ost,
1138 2013 1297 2095 promittit
1318 2011 1480 2077 Dominus
1502 2012 1570 2075 iore
1592 2021 1628 2074 ut
1649 2012 1684 2075 in
1708 2022 1873 2092 posterum
1904 2013 1987 2074 irem
2013 2030 2106 2074 suam

116 2100 188 2164 leve
210 2108 243 2161 et
265 2098 357 2162 facile
379 2096 518 2161 toleratu
542 2117 612 2160 osse
635 2095 786 2161 fidelibus
808 2095 963 2178 quidquid
987 2095 1085 2159 malo·
1137 2107 1305 2180 temperet,
1329 2118 1388 2163 nee
1406 2108 1472 2162 tam
1491 2118 1603 2162 severe
1620 2099 1653 2161 in
1673 2095 1825 2179 populum
1849 2117 1942 2159 suum
1965 2095 2107 2159 animad-

115 2206 187 2249 rum
209 2184 387 2258 sustinent,
410 2190 444 2245 et
466 2192 728 2247 momentaneum
751 2183 821 2246 iure
843 2182 983 2260 censeri,
1007 2181 1084 2246 dum
1138 2195 1254 2249 vertat.
1300 2182 1441 2248 Obiiciet
1463 2184 1634 2266 quispiam,
1664 2183 1703 2246 ab
1726 2204 1763 2246 eo
1787 2193 1928 2262 tempore
1950 2182 2106 2264 gravissi·

116 2270 293 2351 respiciunt
322 2266 362 2331 ad
392 2279 560 2331 aeternum
591 2268 717 2349 pondus
745 2267 884 2351 gloriae:
919 2268 995 2349 quia
1023 2268 1085 2332 nisi
1138 2291 1207 2334 mas
1235 2271 1389 2336 eeclesiae
1418 2269 1526 2335 clades
1556 2268 1727 2334 accidisse:
1761 2268 1942 2350 exquibus
1972 2267 2107 2331 iudicari

115 2356 313 2422 interveniat
334 2354 415 2418 haec
438 2353 643 2435 comparatio,
674 2351 742 2418 dies
768 2353 889 2436 singuli
914 2354 1004 2418 nobis
1027 2373 1085 2435 pro
1138 2366 1254 2438 posset,
1277 2364 1334 2421 aut
1354 2356 1483 2419 irritum
1506 2376 1577 2419 esse
1600 2354 1661 2418 hoe
1683 2353 1919 2430 iusiurandum,
1943 2353 2108 2417 aut'hune

116 2443 210 2506 annis
244 2444 349 2504 erunt.
405 2442 520 2502 Annos
553 2460 631 2503 vero
665 2440 706 2503 70
739 2441 855 2521 quibus
892 2438 1086 2504 exsularunt
1139 2442 1317 2525 prophetae
1351 2462 1481 2505 sensum
1512 2461 1576 2504 uon
1606 2461 1685 2505 esse.
1738 2438 1949 2521 Respondec,
1984 2439 2107 2502 nullam

115 2527 244 2605 Iudaei,
285 2525 423 2590 conferri
461 2536 623 2588 momento
660 2526 794 2588 minime
830 2536 1085 2590 consentaneum
1139 2528 1218 2593 adeo
1243 2548 1374 2610 gravem
1407 2526 1560 2592 accidisse
1589 2525 1742 2590 eeclesiae
1771 2523 1894 2588 cladem
1917 2533 1954 2588 ut
1976 2545 2108 2608 prorsus

116 2622 209 2694 esset,
234 2612 294 2676 nisi
312 2611 348 2674 in
366 2611 525 2674 rationem
544 2631 584 2674 ex
603 2611 750 2692 opposito
768 2611 896 2675 veniret
913 2611 1085 2675 continuus
1138 2612 1245 2677 deleta
1267 2615 1309 2676 sit
1331 2614 1400 2676 eius
1423 2613 1528 2676 iacies.
1575 2609 1670 2691 Quod
1694 2609 1811 2674 accidit
1840 2632 1940 2691 quum
1970 2611 2108 2692 populus

116 2699 239 2783 gratiae
262 2715 461 2778 progressus.
1138 2700 1172 2762 in
1198 2699 1400 2782 Babylonem
1431 2696 1589 2761 abductus
1618 2708 1676 2760 est.
1721 2695 1806 2758 Nam
1835 2697 1895 2759 etsi
1925 2695 2108 2760 horrendas

201 2784 230 2848 9.
262 2782 435 2864 (Quoniam
457 2780 580 2865 aquae)
624 2781 733 2844 Huius
755 2781 815 2844 looi
839 2779 961 2862 duplex
990 2780 1086 2844 lectio
1138 2783 1245 2848 clades
1275 2785 1314 2848 ab
1344 2781 1507 2847 Antiocho
1541 2792 1575 2845 et
1603 2780 1675 2845 aliis
1705 2780 1857 2862 tyrannis
1890 2781 1999 2846 illatas
2031 2782 2108 2859 sint,

116 2889 186 2935 asse
209 2878 325 2951 potest.
369 2864 453 2929 Nam
480 2867 507 2929 si
531 2866 682 2930 distincte
712 2867 850 2948 legimus
879 2880 923 2945 ’3,
953 2876 1085 2930 verten-
1139 2870 1268 2935 tametsi
1286 2869 1455 2932 evenerint
1474 2868 1571 2930 etiam
1591 2877 1702 2947 postea
1720 2864 1915 2930 defectiones
1933 2866 2008 2930 illae
2027 2887 2108 2949 quas

116 2955 193 3020 dum
216 2954 278 3017 erit
300 2950 473 3032 Quoniam,
519 2951 555 3014 Si
580 2965 610 3028 2,
633 2952 695 3014 crit
718 2952 878 3033 particula
900 2951 1087 3015 similitudi·
1140 2956 1263 3021 Paulus
1281 2953 1452 3035 praedixit,
1471 2951 1614 3034 adeoque
1630 2951 1810 3015 innumeris
1825 2951 2109 3033 superstitionibus

116 3041 186 3105 nis:
213 3047 246 3104 et
267 3053 312 3104 tn*
334 3037 403 3101 dies
425 3036 629 3119 significabit.
675 3035 770 3116 Quod
794 3038 913 3101 attinet
935 3034 975 3100 ad
998 3056 1085 3100 sum·
1139 3042 1248 3105 omnia
1271 3039 1394 3122 polluta
1415 3039 1490 3115 sint,
1522 3052 1559 3102 ut
1580 3037 1813 3119 propemodum
1835 3038 1988 3102 obrutum
2011 3038 2109 3102 fuerit

116 3147 204 3192 mam
233 3124 298 3202 rei,
331 3143 446 3205 parum
481 3122 626 3187 interest.
680 3121 822 3187 Proinde
855 3121 946 3186 nobis
979 3121 1086 3203 potius
1139 3128 1355 3192 christianum
1378 3145 1512 3201 nomen,
1541 3123 1650 3205 aliqua
1677 3131 1787 3186 tamen
1816 3122 1969 3188 ecelesiae
1996 3125 2108 3201 forma,

116 3210 329 3295 spectandum
361 3208 437 3290 quid
472 3208 614 3272 voluerit
646 3209 814 3290 propbeta.
866 3207 951 3271 Nam
985 3207 1085 3271 inter·
1139 3213 1288 3295 quamvis
1321 3211 1450 3288 mutila,
1490 3210 1663 3274 remansit:
1704 3229 1763 3273 nec
1796 3208 1842 3271 ita
1876 3208 2020 3274 dirutum
2059 3215 2111 3274 est

116 3307 223 3380 protes
251 3305 393 3359 mentem
418 3293 521 3374 ipsius
544 3296 708 3376 assequuti
731 3293 812 3357 mihi
834 3315 898 3358 non
921 3293 1085 3358 videntur·
1139 3297 1331 3373 aedificium,
1363 3296 1442 3377 quin
1468 3315 1568 3378 supra
1598 3293 1757 3358 diluvium
1787 3295 1972 3359 exstiterint
1995 3296 2108 3361 Chris·

117 3384 297 3464 Exponunt
324 3381 411 3444 enim
433 3379 638 3462 generaliter,
667 3379 847 3443 Dominum
877 3377 1087 3443 iureiurando
1140 3384 1284 3449 tianismi
1311 3381 1476 3464 reliquiae,
1508 3392 1544 3445 ut
1566 3380 1670 3446 locum
1701 3379 1776 3445 huic
1805 3381 2010 3445 iuriiurando
2039 3401 2109 3445 esse

116 3467 302 3552 promisisse
324 3465 403 3545 Nos,
425 3464 552 3529 nullum
575 3486 715 3547 unquam
741 3465 810 3530 lore
831 3464 1008 3543 diluvium,
1037 3470 1086 3527 at
1137 3477 1309 3536 oonstaret.

117 3576 181 3638 que
211 3552 272 3617 hoc
303 3551 528 3617 iusiurandum
563 3560 757 3635 perpetuum
791 3552 868 3615 lore.
921 3550 1087 3614 Potuisset
1224 3552 1283 3638 (Ut
1314 3553 1371 3617 tibi
1402 3551 1550 3635 cascar.)
1604 3550 1676 3614 Hoc
1710 3571 1773 3614 non
1809 3551 2011 3631 simpliciter,
2052 3550 2108 3615 sed

117 3639 204 3704 euim
227 3638 346 3719 alioqui
370 3637 473 3702 bonus
496 3636 548 3700 vir
571 3636 742 3719 trepidare,
773 3635 924 3717 idemque
949 3635 1086 3699 exitium
1138 3639 1359 3722 comparative
1381 3639 1482 3719 accipi
1505 3636 1607 3701 debet.
1649 3634 1795 3718 Opponit
1818 3636 1904 3700 enim
1929 3636 1989 3700 hoe
2011 3658 2109 3702 mem.

117 3725 222 3789 vereri
255 3722 517 3804 impendentibus
555 3723 689 3804 pluviis,
730 3722 793 3785 nisi
829 3720 991 3785 Dominus
1025 3720 1087 3785 hoe
1139 3727 1232 3791 brum
1253 3726 1366 3806 priori:
1389 3725 1465 3805 quia
1483 3722 1695 3804 promittitse
1714 3742 1879 3805 nunquam
1898 3722 1978 3787 adeo
1996 3743 2109 3788 severe

118 3829 285 3891 nunquam
315 3819 506 3871 eventurum
536 3809 685 3871 iurasset.
730 3806 783 3871 Ita
805 3806 884 3870 dum
914 3807 1087 3870 imminent
1140 3811 1442 3875 animadversurum
1461 3809 1496 3872 in
1512 3830 1596 3883 suos,
1616 3808 1695 3893 quin
1710 3828 1887 3890 poenarum
1905 3811 2108 3874 atrocitatem

117 3895 317 3970 afflictiones,
338 3913 506 3975 possemus
524 3893 693 3957 interitum
712 3893 829 3975 vereri,
848 3892 912 3956 nisi
926 3893 1087 3956 Dominus
1140 3897 1278 3978 mitiget.
1324 3895 1485 3975 Quamvis
1506 3896 1608 3976 igitur
1636 3893 1770 3957 effraeni
1801 3893 1890 3959 rabie
1918 3906 2109 3978 grassentur

118 3980 324 4064 promitteret
355 3977 480 4042 salvam
514 3978 681 4043 ecelesiam
713 3979 790 4042 fore.
836 3978 908 4060 Ego
940 3997 1017 4042 vero
1047 3976 1087 4040 ad
1140 3982 1288 4063 tyranni,
1318 3989 1351 4045 et
1379 3981 1529 4046 omnibus
1560 3978 1718 4044 machinis
1749 3980 1917 4046 ecelesiam
1947 3989 2112 4065 oppugnat

116 4079 245 4148 tempus
274 4063 382 4128 exsilii
411 4062 593 4146 babylonici
621 4064 681 4129 hoo
704 4062 968 4145 restringendum
999 4073 1087 4145 puto.
1140 4067 1255 4144 Satan,
1284 4068 1377 4149 eique
1398 4065 1562 4131 Dominus
1585 4067 1696 4130 fraena
1719 4065 1817 4143 laxet,
1847 4078 1883 4131 ut
1906 4067 2112 4149 ingratitudi-

116 4152 200 4216 Nam
224 4157 391 4231 comparat
413 4147 503 4212 illam
526 4149 750 4230 captivitatem
772 4171 846 4214 cum
870 4148 1002 4225 diluvio,
1025 4169 1088 4230 quo
1142 4173 1216 4217 nem
1250 4165 1395 4217 nostram
1433 4153 1623 4217 ulciscatur:
1665 4172 1833 4234 nunquam
1871 4161 1981 4218 tamen
2018 4154 2110 4218 obrui

117 4238 214 4301 iacies
244 4247 349 4300 terrae
373 4234 478 4298 deleta
501 4245 567 4299 est:
602 4237 756 4316 quoniam
790 4235 925 4299 ecelesia
956 4255 1089 4316 prorsus
1141 4240 1243 4320 ipsam
1267 4241 1361 4303 sinet.

117 4321 282 4386 interiisse
313 4319 493 4385 videbatur.
548 4321 696 4402 Populus
728 4322 815 4385 enim
848 4340 952 4403 paens
982 4332 1088 4383 trans·
1227 4324 1277 4388 10.
1307 4321 1408 4407 (Nom
1429 4323 1568 4401 montes.)
1613 4321 1794 4386 Confirmat
1815 4324 2013 4405 superiorem
2036 4345 2111 4389 sen·

119 4408 202 4471 ierat
231 4408 265 4469 in
297 4407 437 4471 alienam
470 4416 617 4489 gentem:
651 4406 779 4469 nullum
810 4427 962 4488 regnum,
997 4405 1090 4469 nulla
1142 4409 1290 4491 tentiam,
1312 4429 1349 4474 ac
1369 4408 1512 4473 declarat
1535 4408 1678 4473 universi
1699 4409 1805 4490 potius
1824 4411 1910 4475 orbis
1928 4412 2111 4476 conversio
2212 4436 2216 4444 ·

120 4492 234 4575 politia
256 4512 354 4572 penes
376 4493 482 4572 ipsum
501 4502 580 4555 erat.
616 4491 770 4557 Subierat
791 4490 999 4556 durissimam
1022 4511 1089 4555 ser·
1141 4515 1215 4559 nem
1235 4494 1311 4573 sore,
1330 4516 1428 4577 quam
1447 4495 1574 4559 deficiat
1592 4493 1811 4558 misericordia
1828 4496 1939 4578 ipsius.
1973 4497 2112 4560 Frustra

120 4579 275 4642 vitutem:
299 4599 336 4642 ao
353 4579 482 4657 penitus
506 4577 704 4642 exstinctum
727 4577 795 4642 eius
819 4597 935 4641 nomen
959 4577 1090 4658 putaba-
1141 4581 1194 4645 hic
1228 4581 1395 4663 quaeritur
1427 4580 1586 4662 quemodo
1620 4579 1837 4645 movebuntur
1869 4589 2014 4663 montes,
2055 4590 2112 4645 aut

120 4674 183 4728 tur.
217 4665 267 4726 Ac
286 4683 360 4726 vere
382 4673 461 4726 tunc
484 4663 601 4728 accidit
623 4663 708 4745 quod
732 4662 890 4745 propheta
912 4665 1017 4743 primo
1039 4681 1090 4726 ea·
1142 4667 1240 4730 colles
1263 4666 1441 4731 nutabunt:
1465 4667 1542 4747 quia
1564 4668 1763 4747 comparatio
1785 4677 1915 4749 sumpta
1938 4667 2111 4732 establis

120 4750 189 4833 pite
212 4747 351 4812 dicebat:
376 4748 446 4813 Nisi
463 4749 625 4812 Dominus
648 4749 834 4830 reliquisset
856 4749 947 4812 nobis
970 4767 1090 4824 semen,
1143 4753 1238 4816 rebus
1267 4773 1351 4835 quae
1380 4752 1587 4816 firmissimae
1610 4761 1644 4813 et
1666 4752 1740 4815 fixis
1768 4752 1929 4816 radicibus
1952 4763 2037 4817 stare
2061 4754 2111 4815 vi·

122 4835 207 4899 sicut
229 4833 373 4898 Sodoma
405 4842 437 4896 et
468 4834 632 4899 Gomorra
665 4837 739 4899 lacti
773 4854 926 4899 essemus.
971 4833 1090 4896 Merito
1143 4837 1271 4915 dentur,
1303 4848 1339 4901 ut
1370 4836 1617 4901 fundamentum
1652 4837 1805 4902 ecclesiae
1839 4837 1934 4920 longe
1963 4837 2111 4903 stabilius

122 4921 222 5003 igitur
244 4920 337 5000 aquis
367 4919 444 4997 Noe,
473 4919 507 4982 id
530 4930 579 4984 est
602 4921 724 4986 diluvio
752 4920 972 4985 calamitatem
1000 4917 1090 4981 illam
1143 4944 1213 4989 esso
1235 4923 1395 4988 ostendat.
1440 4923 1636 4989 Firmissimi
1666 4925 1753 4987 enim
1779 4932 1857 4987 sunt
1886 4933 2021 5002 montes,
2052 4944 2111 4989 neo

122 5015 296 5086 comparat.
341 5003 559 5083 Quamobrem
591 5008 698 5088 potius
727 5005 801 5069 illos
829 5025 947 5085 sequor
969 5003 1024 5085 qui
1046 5004 1091 5067 le·
1142 5009 1176 5072 in
1200 5010 1239 5073 iis
1263 5009 1341 5074 adeo
1375 5009 1559 5089 frequentes
1589 5019 1693 5073 terrae
1724 5021 1839 5083 motus,
1874 5018 1912 5072 ut
1940 5009 1974 5071 in
2005 5009 2111 5093 planis

123 5102 222 5173 gunt,
251 5105 284 5157 ἰ)
302 5103 347 5168 ’3,
377 5090 500 5165 idest,
532 5089 693 5170 Quoniam
721 5110 842 5172 aquas:
874 5090 950 5171 quia
972 5090 1092 5154 certior
1143 5093 1220 5159 loeis
1242 5117 1312 5160 esso
1342 5095 1455 5159 solent.
1502 5095 1698 5159 Pronuntiat
1727 5114 1804 5176 ergo
1828 5094 1999 5177 Dominus,
2029 5107 2111 5160 tam·

123 5176 203 5240 mihi
228 5175 358 5240 videtur
380 5196 418 5239 aa
441 5174 544 5252 lectio,
577 5188 609 5240 et
638 5199 708 5241 eam
734 5176 847 5241 Iudaei
877 5175 1092 5242 communiter
1143 5181 1205 5245 etsi
1226 5182 1342 5264 ingens
1361 5180 1466 5244 illaet
1484 5184 1594 5264 gravis
1613 5181 1771 5245 montium
1792 5180 1893 5244 moles
1911 5201 2111 5247 commovea-

124 5273 315 5343 sequuntur.
347 5263 392 5325 Et
412 5259 586 5344 diligenter
604 5264 818 5345 expendenda
841 5262 921 5326 mihi
939 5262 1092 5328 videntur
1143 5274 1208 5345 tur,
1242 5277 1298 5332 aut
1320 5267 1445 5332 coslum
1475 5279 1564 5346 ruat,
1597 5267 1712 5332 stabile
1740 5274 1847 5329 tamon
1871 5266 1983 5333 foedus
2016 5291 2111 5333 suum

229 5363 339 5417 Galatea
354 5379 449 5433 operu.
479 5364 537 5419 Vol.
554 5364 714 5419 XXXVII.
1875 5369 1909 5424 18
