4784 5970
195 380 235 445 37
1056 377 1208 445 CAPUT
1229 375 1323 444 XLI.
2148 377 2190 446 38

196 567 292 650 Quod
328 588 364 632 se
388 567 531 648 primam
562 565 725 643 nominat,
760 575 792 630 et
822 584 890 630 oum
921 565 1107 632 novissimis
1130 588 1165 631 se
1217 566 1314 630 iuvit:
1356 573 1393 630 ut
1426 567 1468 630 sit
1501 588 1631 643 sensus,
1667 566 1795 631 tametsi
1828 566 1955 631 insulae
1988 587 2085 647 opera
2119 587 2191 634 mea

198 674 268 719 esse
287 652 373 733 dicit,
392 654 452 717 hoe
470 651 611 734 pertinet
629 673 692 716 non
712 650 753 715 ad
767 653 993 717 aeternitatem
1006 652 1166 718 essentiae
1217 652 1361 716 viderint
1389 662 1420 715 et
1449 653 1671 736 cognoverint,
1701 650 1781 716 adeo
1809 663 1847 716 nt
1875 653 1914 716 iis
1945 652 2068 716 luerint
2091 671 2190 734 pave·

197 740 301 817 modo,
330 738 386 804 sed
415 737 455 803 ad
478 738 652 819 imperium
675 737 761 820 quod
783 739 817 802 in
840 749 929 802 terra
950 747 1099 803 exercet:
1129 758 1166 802 ao
1216 738 1329 816 factae,
1359 747 1467 801 tamen
1498 739 1665 804 turmatim
1685 736 1840 802 collectae
1862 738 1947 801 inter
1968 759 2004 802 se
2025 740 2190 820 conspira-

197 827 225 891 si
254 825 377 889 diceret
402 844 437 889 se
465 824 674 905 quantumvis
697 823 794 906 longo
817 831 962 906 tempore
984 844 1051 889 non
1074 842 1166 888 sene·
1217 833 1303 888 runt.
1359 821 1546 902 Quorsum?
1581 835 1617 890 ut
1650 833 1764 887 mutuo
1797 843 1832 888 se
1865 823 2115 889 cohortarentur
2147 822 2190 888 ad

137 948 144 961 =
197 931 295 989 scere,
319 930 424 994 neque
447 929 592 991 unquam
614 929 779 974 cessurum
802 910 873 973 iure
890 930 956 974 sno.
992 909 1061 974 Nec
1079 910 1167 972 enim
1218 928 1319 974 novos
1343 906 1420 972 deos
1443 907 1654 984 fabricandos,
1686 908 1853 992 magisque
1876 927 1913 973 ao
1935 909 2040 992 magis
2061 929 2131 974 sese
2153 910 2189 973 in

198 997 232 1060 in
266 997 362 1062 coelis
392 995 508 1060 sedens
537 995 637 1059 otium
669 994 757 1076 colit,
791 993 848 1060 sed
879 996 986 1076 potius
1016 1017 1057 1060 ex
1087 994 1167 1058 solio
1217 995 1371 1060 caecitate
1400 1015 1459 1059 sua
1485 998 1724 1061 confirmarent.
1769 994 1903 1060 Crimen
1934 1015 2011 1077 ergo
2040 993 2190 1079 gentium

197 1104 256 1148 suo
285 1080 472 1146 moderatur
504 1100 556 1145 res
586 1092 741 1145 terrenas.
793 1078 983 1157 (laetorum,
1018 1083 1167 1163 quamvis
1218 1090 1411 1164 exaggerat,
1443 1102 1541 1163 quum
1574 1081 1721 1165 proximo
1751 1100 1810 1145 suo
1838 1099 2105 1163 unumquemque
2133 1078 2190 1144 ad·

197 1168 404 1232 innumeram
428 1166 562 1232 deornm
586 1167 715 1230 turbam
737 1165 914 1230 substituat
932 1165 1084 1241 mundns,
1106 1165 1167 1230 sibi
1219 1166 1357 1230 intorem
1386 1166 1486 1232 fnisse
1516 1166 1602 1233 dicit.
1648 1167 1691 1231 Et
1721 1177 1809 1230 certe
1838 1166 1982 1248 quisquis
2013 1165 2111 1248 probe
2139 1167 2190 1229 in·

198 1266 310 1318 tamen
339 1251 421 1317 nihil
453 1250 605 1317 decedere
633 1251 803 1327 admonet,
835 1252 911 1333 quia
940 1251 993 1315 sui
1023 1251 1168 1315 manebit
1218 1251 1335 1333 quiret,
1366 1251 1453 1317 hrrnc
1481 1254 1620 1334 reperiet
1648 1250 1920 1334 superstitionum
1949 1252 2096 1316 omnium
2119 1272 2190 1317 esse

198 1338 324 1405 similis.
1221 1338 1358 1412 iontem,
1397 1335 1481 1420 quod
1515 1348 1629 1404 mutuo
1661 1357 1820 1402 consensu
1853 1336 2001 1401 homines
2035 1336 2138 1401 lucem
2172 1357 2191 1401 e

284 1424 355 1488 ιιι
373 1423 403 1488 6.
427 1421 596 1507 (Videbunt
618 1421 762 1506 insutos.)
795 1421 891 1486 Nunc
908 1421 1051 1487 ostendit
1069 1421 1168 1486 nimis
1219 1423 1307 1488 coelo
1337 1422 1397 1488 sibi
1423 1423 1565 1488 oblatam
1587 1423 1809 1489 obtenebrant.
1854 1423 1997 1486 'Pametsi
2021 1442 2098 1486 vero
2122 1421 2190 1485 Do·

199 1513 364 1593 ingratum
386 1509 483 1572 fuisse
505 1507 672 1584 mundum,
696 1510 752 1590 qni
774 1528 844 1572 cum
869 1526 967 1589 opera
987 1508 1048 1571 Dei
1068 1528 1167 1592 agno·
1220 1511 1328 1573 minus
1367 1508 1419 1573 hie
1452 1510 1635 1592 expostulat
1668 1529 1741 1573 oum
1776 1508 1969 1584 idololatris,
2012 1519 2120 1570 tamen
2155 1508 2190 1571 in

199 1596 292 1674 verit,
317 1593 497 1676 perstiterit
519 1602 629 1657 tamen
652 1594 686 1656 in
706 1593 819 1658 eadem
842 1593 997 1658 caecitate
1018 1593 1071 1657 oui
1094 1604 1169 1658 ante
1220 1593 1414 1658 ludaeorum
1437 1597 1575 1679 gratiam
1600 1596 1684 1672 facit,
1707 1616 1747 1659 na
1769 1594 1802 1657 in
1822 1595 1969 1676 gentium
1987 1593 2191 1674 impietatem

199 1680 346 1746 addictus
375 1680 490 1743 fuerat.
536 1678 650 1760 Nuper
679 1677 804 1743 dixerat
833 1698 867 1742 se
896 1679 989 1744 laeile
1011 1680 1168 1743 victorem
1221 1678 1401 1745 declinent:
1436 1702 1495 1745 nee
1528 1701 1563 1745 se
1596 1703 1615 1745 ι
1643 1681 1715 1745 1)ιο
1749 1684 1782 1744 ιι
1814 1687 1903 1745 reeta
1936 1679 1999 1758 lide
2032 1678 2191 1742 dimoveri

199 1768 279 1844 fore,
310 1765 338 1830 si
367 1764 464 1829 modo
491 1764 657 1829 audientia
686 1765 746 1828 sibi
775 1765 883 1828 lieret:
912 1786 999 1830 nune
1029 1763 1168 1842 subiicit,
1221 1767 1398 1847 patiantur.
1432 1765 1589 1831 Producit
1608 1788 1685 1850 ergo
1705 1767 1738 1829 in
1758 1763 1900 1829 medinm
1918 1763 2192 1848 ingratitudinem

199 1853 362 1935 cognitam
385 1851 486 1915 fuisse
508 1851 684 1932 potentiam
707 1870 799 1914 snam
823 1871 841 1913 a
864 1851 1024 1933 gentibus,
1051 1870 1169 1932 easque
1221 1852 1376 1934 gentium,
1406 1872 1447 1915 ne
1477 1872 1548 1915 eam
1571 1851 1685 1916 Iudaei
1714 1850 1929 1927 aemulentur,
1964 1848 2020 1912 aed
2047 1850 2083 1913 in
2113 1869 2191 1913 vero

200 1939 327 2002 interea
353 1936 540 2019 pervicaces
562 1947 658 2018 atque
681 1935 859 1999 obstinatas
881 1935 988 2000 fuisse.
1034 1934 1108 2017 Quo
1131 1935 1170 1998 fit
1222 1937 1282 2000 Dei
1313 1936 1403 2000 cultu
1432 1949 1654 2018 permaneant.
1698 1937 1762 2001 Ηιι
1793 1935 1883 2000 velut
1911 1937 1945 1999 in
1967 1935 2097 2017 speculo
2118 1954 2192 2016 per·

200 2033 238 2087 nt
253 2024 460 2088 excusatione
482 2022 570 2085 omni
588 2028 735 2084 careant:
755 2021 904 2103 quoniam
928 2021 1055 2085 abunde
1079 2030 1168 2103 pate·
1220 2022 1376 2103 apicimus
1409 2028 1531 2103 quanta
1559 2023 1603 2086 sit
1633 2023 1800 2087 hominum
1834 2023 1992 2103 pravitas,
2025 2021 2078 2102 qni
2109 2018 2192 2084 nihil

201 2109 285 2174 lacta
325 2109 426 2172 fuerit
459 2109 520 2171 Dei
559 2107 724 2180 maiestas,
766 2107 827 2170 nisi
861 2117 977 2187 sponte
1009 2107 1169 2172 caecutire
1221 2108 1393 2189 proficiunt
1437 2110 1470 2171 in
1510 2108 1661 2190 operibus
1699 2106 1762 2171 Dei
1807 2105 2081 2187 contemplandis:
2125 2107 2192 2169 imo

201 2195 333 2258 malent.
386 2191 460 2272 Qun
493 2192 595 2276 igitur
629 2192 775 2256 velamen
809 2192 955 2256 inscitiae
989 2192 1083 2255 tollat
1117 2191 1170 2255 vel
1221 2193 1454 2274 pervicaciores
1483 2192 1678 2270 redduntur,
1712 2193 1878 2274 magisque
1911 2212 1983 2256 sese
2014 2191 2190 2256 obstinant.

200 2279 424 2343 remotissimis
453 2278 592 2360 populis,
621 2277 698 2342 dicit
729 2299 862 2359 operum
891 2297 1022 2342 snorum
1050 2278 1170 2341 intuitu
1223 2277 1347 2360 Sponte
1376 2279 1463 2342 enim
1494 2278 1649 2362 caligare,
1684 2289 1717 2343 et
1746 2281 1779 2341 iu
1810 2277 1916 2342 media
1945 2277 2017 2342 lnce
2050 2278 2192 2359 palpare,

201 2366 300 2429 fuisse
333 2366 575 2446 expavelaetos,
611 2375 642 2426 et
675 2372 785 2426 tamen
819 2383 897 2425 mox
930 2364 970 2427 ad
1000 2364 1170 2446 ingenium
1221 2386 1318 2446 quam
1337 2364 1445 2428 Deum
1467 2385 1538 2430 sese
1563 2366 1668 2447 palam
1694 2364 1884 2429 offerentem
1910 2363 2029 2426 intueri
2055 2362 2192 2427 malunt.

200 2452 334 2514 rediisse
353 2459 390 2514 nt
407 2470 441 2514 se
460 2450 571 2513 multis
586 2447 749 2512 erroribus
768 2458 800 2511 et
818 2447 941 2512 deliriis
955 2449 1169 2514 involverant.
1224 2450 1274 2514 Ad
1298 2450 1486 2514 caecitatem
1510 2451 1634 2515 aceedit
1656 2451 1770 2527 rabies,
1793 2450 1908 2531 quain
1925 2447 2035 2512 Deum
2053 2447 2193 2511 efferun-

201 2536 371 2603 Ooncinna
399 2546 447 2600 est
475 2538 510 2598 in
541 2535 666 2599 duobus
697 2533 804 2598 verbis
838 2534 968 2616 allusio,
996 2547 1085 2602 tritu
1103 2548 1169 2608 ttt't,
1223 2546 1285 2612 tur,
1316 2544 1349 2599 et
1378 2545 1542 2600 certamen
1573 2556 1644 2600 cum
1671 2538 1740 2618 ipso
1763 2536 1926 2617 suscipere
1948 2555 2012 2598 non
2034 2533 2192 2611 dubitant,

201 2643 282 2704 quae
316 2622 417 2686 latine
450 2621 589 2703 exprimi
624 2642 689 2683 non
724 2630 840 2703 potest.
894 2618 1032 2684 Summa
1061 2631 1168 2683 tamen
1224 2634 1260 2684 ut
1282 2621 1530 2702 superstitiones
1552 2642 1628 2687 suas
1652 2631 1813 2685 tueantur.
1859 2620 1909 2683 Ita
1932 2631 1969 2683 ut
1991 2617 2052 2683 hoo
2075 2620 2193 2681 vitium

202 2719 260 2784 est,
292 2729 356 2771 non
379 2705 474 2771 modo
496 2706 639 2770 oculatos
663 2707 762 2770 fuisse
785 2715 893 2779 testes,
924 2705 1100 2769 sedetiam
1125 2707 1170 2768 ιιι
1223 2727 1288 2770 ιιι
1319 2705 1501 2770 idololatria
1532 2717 1669 2783 tantum,
1704 2704 1759 2769 sed
1783 2704 1979 2769 idolomania
2000 2705 2051 2767 sit.
2097 2703 2193 2768 Hane

202 2793 376 2870 convictos,
406 2803 442 2856 ut
470 2806 593 2855 metum
622 2790 686 2855 illis
714 2791 887 2854 extorserit
917 2791 987 2871 ipsa
1016 2791 1169 2874 cognitio.
1221 2791 1381 2855 insaniam
1412 2791 1567 2856 describit
1589 2791 1689 2856 Isaiae
1718 2811 1817 2873 quum
1849 2792 1895 2854 ait
1918 2788 1971 2855 Sis
2000 2788 2102 2865 fortis,
2132 2808 2193 2870 age

202 2879 318 2942 Posset
347 2877 450 2954 obiici,
480 2876 634 2941 beneficia
663 2896 747 2957 qnae
768 2874 859 2940 Deus
886 2879 919 2938 in
943 2878 1169 2941 Abrahamum
1222 2890 1364 2942 strenue.
1409 2875 1608 2942 Sceleratum
1638 2877 1725 2940 enim
1747 2877 2000 2941 coniurationem
2024 2873 2194 2938 hominum

202 2963 348 3041 eontulit,
380 2984 438 3044 per
467 2972 573 3025 totum
602 2962 712 3027 orbem
742 2961 897 3026 celebrari
928 2983 993 3025 non
1016 2962 1169 3046 potuisse,
1223 2962 1396 3045 significat,
1427 2983 1490 3044 qua
1517 2982 1552 3027 se
1581 2967 1695 3027 mutuo
1725 2961 1949 3043 cohortantur,
1978 2961 2042 3024 imo
2065 2961 2193 3024 inflam-

201 3056 238 3113 nt
260 3049 380 3112 exteris
403 3048 587 3112 nationibus
611 3056 687 3111 uota
709 3054 827 3112 essent.
873 3048 1006 3123 Verum,
1029 3060 1067 3111 ut
1089 3047 1170 3111 dixi·
1223 3058 1315 3112 mant
1354 3047 1394 3111 ad
1435 3047 1594 3113 idolorum
1627 3047 1770 3126 nultum,
1809 3059 1905 3129 atque
1937 3044 2194 3129 propulsandum

202 3156 290 3209 mus,
330 3133 460 3196 tametsi
493 3132 648 3198 Abrahae
686 3142 815 3197 tantum
851 3133 1050 3198 mentionem
1083 3134 1170 3210 facit,
1223 3135 1372 3198 timorem
1405 3133 1470 3198 Dei
1511 3154 1608 3216 quem
1649 3154 1690 3197 ex
1731 3135 1877 3217 potentia
1908 3133 2010 3215 ipsius
2043 3142 2195 3214 poterant

202 3230 308 3284 tamen
343 3218 408 3283 alia
435 3239 564 3301 quoqne
595 3218 822 3283 beneticentiae
851 3238 929 3282 suae
958 3219 1107 3300 exempla
1135 3220 1170 3282 in
1223 3220 1333 3284 animo
1354 3220 1532 3302 concipere.

202 3304 392 3369 memoriam
426 3302 579 3369 reducere
613 3304 729 3380 voluit,
770 3323 851 3385 quae
884 3314 993 3386 patres
1026 3305 1171 3386 ipsorum
1309 3302 1655 3390 l.(Etooa1trmooit.)
1687 3305 1753 3370 Hie
1772 3325 1885 3369 versus
1904 3305 1994 3368 varie
2011 3302 2196 3384 exponitur,

203 3401 297 3454 erant
335 3390 479 3472 experti,
520 3398 558 3453 nt
590 3411 632 3453 ex
663 3390 703 3453 iis
734 3410 823 3469 spem
861 3389 1027 3453 meliorem
1061 3391 1170 3454 animo
1223 3398 1256 3455 et
1288 3399 1376 3454 certe
1409 3389 1507 3455 habet
1539 3389 1661 3474 aliquid
1694 3389 1916 3456 obscuritatis:
1959 3409 2018 3452 neo
2051 3387 2195 3452 Hebraei

202 3476 416 3558 conciperent,
462 3474 531 3539 Nee
560 3476 646 3539 enim
671 3473 895 3539 Abrahamnm
926 3475 1126 3540 solummodo
1153 3497 1171 3539 e
1223 3475 1287 3557 ipsi
1315 3476 1350 3538 in
1380 3477 1554 3540 verborum
1583 3477 1853 3558 interpretatione
1876 3473 2094 3549 consentiunt,
2126 3472 2196 3536 (ιιι

202 3560 368 3626 Chaldaea
400 3560 575 3639 eduxerat,
616 3559 672 3625 sed
706 3560 891 3625 universam
926 3561 995 3624 eins
1028 3560 1171 3625 sobolem
1223 3574 1309 3643 vin,
1337 3558 1390 3626 hie
1412 3581 1470 3643 pro
1493 3563 1584 3626 fabro
1608 3562 1746 3643 lignario
1767 3570 1895 3624 tantum
1918 3560 2104 3640 accipiatur,
2129 3577 2195 3621 non

202 3648 322 3729 eripuit
343 3668 361 3711 e
384 3647 544 3711 servitute
567 3646 721 3730 Aegypti,
753 3656 849 3728 atque
880 3647 912 3708 in
936 3647 1171 3726 possessionem
1224 3646 1336 3724 video,
1377 3645 1553 3727 quemlibet
1592 3649 1677 3711 enim
1712 3647 1837 3712 fabrum
1871 3645 2040 3728 signifieat.
2096 3626 2194 3727 ,ortuo

202 3733 291 3798 misit
330 3738 437 3797 terrae
468 3731 637 3797 Chanaan.
693 3731 818 3796 Gentes
858 3730 957 3812 igitur
990 3733 1170 3813 potentiam
1225 3737 1357 3795 vertunt
1390 3732 1639 3813 percutientem:
1674 3752 1734 3815 ego
1766 3733 1800 3795 in
1834 3731 2035 3796 nominativo
2068 3737 2196 3794 vertere

203 3837 295 3882 snam
323 3827 474 3901 expertas
503 3838 575 3883 esse
605 3817 696 3891 dicit,
730 3837 830 3900 quum
860 3814 1012 3880 liberavit
1041 3824 1074 3880 et
1096 3835 1172 3881 oon·
1225 3816 1320 3881 malo.
1355 3829 1422 3892 nito
1437 3815 1595 3882 Inondem
1613 3826 1755 3896 vertunt,
1781 3816 1836 3882 alii
1851 3817 2004 3881 malleum
2019 3816 2194 3879 minorem:

203 3904 350 3968 servavit
366 3902 521 3987 populum
539 3924 643 3979 surim,
663 3911 699 3966 nt
716 3903 824 3992 ipsum
843 3922 957 3967 verum
977 3921 1048 3966 esse
1062 3901 1171 3965 Deum
1225 3901 1281 3968 sed
1312 3923 1411 3984 quum
1442 3901 1606 3966 interdum
1637 3905 1739 3968 vicem
1770 3903 1906 3967 alteram
1934 3902 2109 3986 signifieat,
2138 3922 2196 3965 ex·

203 3988 385 4072 intelligere
415 3997 556 4069 possent.
607 3987 675 4053 Neo
706 3987 794 4052 enim
825 3987 960 4053 obscura
989 3997 1045 4052 aut
1075 3986 1173 4051 dubia
1248 3988 1344 4052 esitio
1366 3988 1429 4051 ista
1451 3986 1531 4051 mihi
1554 3989 1675 4070 optime
1692 3988 1861 4054 contextui
1880 3988 2039 4071 quadrare
2056 3986 2197 4054 videtur.

203 4076 236 4139 in
265 4084 311 4137 tot
339 4074 505 4138 miraculis
528 4075 679 4155 apparuit
700 4072 845 4155 potentia
866 4073 979 4154 ipsius.
1025 4073 1173 4154 Denique
1225 4010 1311 4137 llam
1342 4073 1504 4157 significat
1532 4074 1690 4156 propheta
1718 4074 1825 4138 fabros
1859 4074 2000 4139 vicissim
2030 4071 2196 4137 tundendo

203 4159 363 4244 significat
378 4159 572 4224 conterritae
587 4159 685 4224 fuisse
700 4167 813 4242 gentes
829 4156 1013 4223 admirabili
1028 4160 1173 4241 potentia
1225 4179 1297 4224 sese
1319 4168 1433 4223 mutuo
1455 4158 1610 4224 innitare:
1633 4160 1786 4242 qnoniam
1808 4160 1843 4222 in
1867 4159 1951 4223 idem
1976 4179 2057 4242 opus
2080 4157 2199 4222 intenti

201 4244 274 4321 Dei,
308 4265 409 4327 quum
442 4244 596 4327 populum
627 4264 722 4307 sunm
752 4243 915 4309 liberaret.
960 4244 1005 4308 Et
1031 4243 1173 4326 qnotidie
1226 4244 1444 4323 incalescunt,
1485 4255 1581 4327 atque
1620 4247 1703 4310 alter
1735 4245 1875 4309 alterum
1908 4243 2049 4326 impellit
2081 4255 2114 4307 et
2147 4245 2197 4306 in·

203 4331 303 4414 impii,
337 4351 436 4413 quum
468 4329 508 4394 de
540 4350 577 4393 ea
607 4327 727 4410 aliquid
756 4327 904 4410 audiunt,
936 4337 1110 4406 terrentur,
1141 4340 1173 4393 et
1225 4332 1386 4407 flammat,
1417 4338 1454 4394 ut
1481 4330 1565 4413 quod
1596 4341 1807 4414 susceperunt
1836 4330 1990 4395 citissime
2018 4329 2196 4411 perficiant.

203 4415 332 4480 attoniti
361 4417 550 4494 redduntur,
580 4416 656 4499 quia
684 4415 744 4478 sibi
775 4413 949 4481 adversum
973 4435 1042 4479 esse
1066 4416 1171 4479 Deum
1226 4415 1268 4479 ln
1297 4436 1434 4493 summa,
1464 4416 1679 4499 pervicaciam
1709 4415 1953 4480 idololatrarum
1984 4415 2138 4480 describit
2164 4424 2198 4479 et

204 4501 357 4565 sentiunt.
1226 4501 1401 4584 insaniam,
1436 4521 1500 4584 qua
1529 4502 1583 4566 alii
1615 4502 1687 4567 aliis
1716 4502 1880 4584 inspirant
1908 4501 1948 4564 ad
1980 4499 2198 4565 resistendum

288 4584 525 4670 (Accesserant.)
560 4584 701 4666 Quidam
724 4586 981 4668 interpretantur
1001 4584 1173 4664 Accedere,
1226 4587 1306 4650 Deo.
1352 4587 1425 4652 Hoc
1454 4588 1571 4652 vitium
1594 4589 1691 4651 nnius
1714 4586 1834 4652 saeculi
1856 4607 1922 4651 non
1945 4587 2044 4651 fnisse
2066 4594 2134 4649 tam
2157 4605 2198 4649 ex

203 4670 288 4754 quod
318 4670 465 4736 infideles
491 4674 623 4754 propius
646 4671 710 4735 Dei
732 4690 830 4754 opera
851 4671 960 4736 intuiti
983 4674 1063 4735 sint:
1095 4672 1174 4753 qnia
1228 4672 1288 4737 hoo
1318 4671 1389 4736 looo
1416 4693 1512 4755 quam
1535 4695 1576 4736 ex
1598 4673 1749 4738 omnibus
1772 4673 1916 4738 historiis
1938 4671 2046 4754 palam
2070 4683 2134 4735 est:
2165 4683 2199 4733 et

203 4754 279 4822 dum
321 4756 440 4821 certius
481 4757 603 4840 aliquid
637 4757 802 4840 percipere
836 4756 1003 4836 volumus,
1042 4759 1173 4840 propius
1227 4757 1323 4823 hodie
1352 4757 1414 4840 ipsi
1445 4760 1633 4840 experimur
1666 4758 1858 4842 plusquam
1892 4759 2070 4841 optandum
2103 4765 2196 4819 esset.

203 4841 393 4909 accedimus.
438 4841 506 4905 Alii
535 4843 681 4907 referunt
713 4841 753 4906 ad
782 4862 891 4924 regem
921 4842 1090 4921 Sodomae,
1119 4842 1174 4924 qni
1228 4842 1387 4908 Videmus
1415 4852 1451 4908 ut
1480 4843 1626 4907 homines
1654 4854 1768 4908 mutua
1796 4844 2017 4908 cohortatione
2044 4861 2115 4905 sese
2137 4840 2197 4904 im·

202 4927 332 4992 obviam
354 4926 506 4992 Abrahae
529 4928 634 4992 venit:
668 4928 724 4992 sed
748 4949 786 4992 ea
808 4930 984 4992 convenire
1006 4927 1087 4991 mihi
1109 4948 1173 4991 non
1227 4928 1355 5012 pellunt
1386 4928 1426 4992 ad
1458 4927 1594 4994 tuendas
1628 4931 1874 5011 superstitiones
1908 4942 2003 5011 atque
2036 4926 2198 4991 idolorum

202 5014 365 5079 videntur.
411 5014 455 5078 Et
484 5023 572 5079 certe
601 5012 683 5078 nihil
711 5014 751 5077 ad
781 5034 850 5077 rem
874 5014 1012 5079 faciunt:
1043 5023 1076 5077 et
1098 5033 1175 5077 non·
1228 5015 1359 5081 cultum.
1404 5014 1448 5078 Et
1478 5035 1540 5096 quo
1568 5014 1730 5079 illustrior
1752 5016 1813 5080 Dei
1843 5016 1962 5080 veritas
1991 5015 2023 5078 in
2053 5011 2198 5077 medium

201 5106 313 5166 textus
340 5099 460 5181 optime
491 5099 650 5179 cohaeret,
682 5099 711 5164 si
739 5098 824 5165 hane
846 5107 1026 5163 extremam
1049 5109 1174 5182 partem
1229 5101 1348 5183 prodit,
1380 5121 1418 5164 ao
1447 5101 1640 5166 obstinatius
1669 5101 1847 5165 contrarias
1878 5105 1987 5183 partes
2021 5108 2199 5178 sectantur,

202 5205 275 5250 eum
291 5185 441 5267 proximo
458 5206 556 5250 versu
572 5188 749 5268 coniungas
764 5184 826 5249 hoo
843 5184 952 5249 modo:
972 5189 1175 5263 accesserunt,
1228 5207 1266 5250 ac
1289 5186 1316 5250 si
1338 5205 1380 5249 ex
1402 5185 1544 5267 professo
1566 5208 1639 5252 enm
1661 5184 1732 5250 Dec
1755 5185 1874 5250 bellum
1898 5205 2010 5268 gerere
2032 5186 2067 5250 in
2090 5185 2198 5250 animo

202 5271 387 5355 congregati
417 5280 503 5344 sunt,
534 5271 755 5354 unusquisqne
787 5273 970 5354 proximum
1001 5290 1095 5335 suum
1118 5269 1175 5333 ad·
1230 5279 1324 5336 esset.
1376 5271 1509 5336 Etenim
1540 5291 1582 5335 ex
1612 5292 1674 5354 qun
1707 5273 1824 5336 enituit
1858 5271 1968 5354 purior
1997 5271 2127 5356 religio,
2164 5272 2200 5336 in

2011 5371 2045 5425 3*
