4784 5970
198 366 239 433 85
1037 366 1188 434 CAPUT
1209 367 1341 433 XLIII.
2147 371 2189 437 86

196 575 271 621 men
294 578 388 621 suum
412 556 447 619 in
469 555 531 620 hac
559 554 751 622 liberatione
772 556 898 621 illustre
919 556 989 620 lore
1010 555 1165 633 affirmat,

196 642 294 725 idque
316 652 354 706 nt
376 641 501 706 discant
523 641 678 705 iudicium
698 663 764 706 non
782 641 889 707 facere
907 663 948 706 ex
966 642 1073 707 carnis
1096 640 1162 724 opi·

198 730 303 806 nione,
326 728 375 791 vel
399 749 440 791 ex
462 727 666 792 naturalibus
689 727 812 792 mediis.

282 812 349 898 (Ad
369 813 503 895 gloriam
524 812 647 897 meum.)
686 813 861 877 Rationem
886 812 976 877 addit
998 810 1164 896 propheta,

197 919 280 983 quae
300 900 365 962 vim
388 919 453 962 non
472 918 592 979 parvae
612 898 871 963 confirmationis
892 899 927 961 in
950 917 984 964 sc
1006 899 1165 963 continet:

197 983 282 1069 quod
304 984 427 1049 scilicet
449 984 587 1066 gloriam
609 1003 701 1048 suam
723 985 756 1047 in
780 984 844 1049 illis
866 984 1071 1065 conspicuam
1095 1004 1165 1048 esse

197 1071 284 1136 velit.
319 1070 474 1134 Testatur
495 1089 574 1153 ergo
595 1089 656 1133 sua
676 1070 845 1146 interesse,
868 1069 1023 1152 populum
1046 1068 1166 1134 habere

197 1157 338 1222 salvum:
357 1176 420 1219 non
440 1155 544 1238 magis
559 1174 652 1237 posse
668 1155 755 1219 illius
773 1175 883 1221 curam
903 1156 1048 1231 abiicere,
1068 1175 1166 1236 quam

197 1263 315 1308 nomen
339 1261 433 1305 snum
457 1241 573 1321 probro
595 1250 628 1304 et
649 1242 846 1322 ignominiae
878 1239 1051 1323 subiicere,
1081 1238 1166 1323 quod

196 1348 365 1410 nunquam
384 1328 529 1391 facturus
548 1335 611 1389 est:
634 1324 773 1408 deniqne
791 1327 929 1409 gloriam
948 1347 1050 1405 suam,
1073 1326 1166 1392 cuius

197 1423 374 1496 perpetuus
405 1422 453 1476 est
476 1410 608 1487 vindex,
636 1433 709 1476 cum
738 1412 843 1476 salute
872 1410 981 1494 populi
1011 1412 1062 1475 sui
1092 1431 1165 1476 con-

196 1502 338 1563 iunctam
361 1518 440 1563 esse.
485 1495 715 1578 Amplifieandi
744 1498 841 1562 etiam
865 1517 963 1562 causa
984 1497 1070 1560 idem
1094 1497 1164 1578 plu·

196 1586 287 1650 ribus
311 1585 419 1648 verbis
440 1583 547 1664 iterat,
570 1604 633 1664 quo
651 1583 771 1648 certius
794 1603 986 1665 persuasum
1009 1581 1060 1654 sit,
1083 1603 1166 1664 opus

197 1669 281 1754 quod
298 1670 418 1752 incepit
434 1669 516 1732 velle
535 1668 711 1751 perducere
728 1689 830 1751 usqne
850 1667 890 1731 ad
909 1669 1015 1732 linem.
1040 1668 1163 1732 llodem

196 1756 303 1820 tendit
322 1753 480 1838 particula
498 1767 552 1844 ηιι,
571 1774 653 1836 quae
670 1753 833 1836 significat
848 1753 963 1828 adhuc,
981 1753 1164 1816 ueletiam:

196 1840 359 1905 interdum
382 1860 459 1904 vero
481 1842 564 1920 quod
588 1839 733 1917 dicimus,
757 1838 817 1904 hac
840 1840 920 1903 vice.
966 1839 1043 1902 Ideo
1066 1839 1165 1903 talem

196 1948 326 1992 sensum
346 1946 417 1990 esse
434 1936 565 2007 putant:
585 1922 868 2004 Quemadmodum
885 1925 992 1988 creavi
1009 1924 1165 2007 populum

195 2014 294 2078 istum
318 2026 351 2075 et
373 2011 523 2076 formavi:
548 2012 595 2074 ita
613 2011 708 2092 cupio
726 2012 831 2094 ipsum
850 2010 884 2074 in
904 2029 1024 2073 novum
1044 2021 1163 2074 statum

196 2100 330 2181 erigere,
354 2108 385 2160 et
403 2098 575 2161 restituere
592 2096 627 2159 in
644 2096 812 2177 pristinam
829 2095 1022 2160 libertatem.
1052 2096 1166 2160 Potest

195 2185 292 2249 etiam
312 2183 404 2258 verti,
426 2181 589 2263 Adeoque.
624 2181 732 2264 Atque
750 2181 829 2246 haec
847 2181 952 2260 lectio,
971 2182 1065 2245 sicuti
1084 2180 1164 2263 dixi,

197 2269 276 2333 mihi
296 2268 402 2350 magis
424 2266 595 2350 probatur:
620 2288 684 2331 non
708 2268 802 2332 modo
825 2277 862 2331 ut
881 2267 1042 2350 significet
1065 2288 1162 2349 popu·

196 2355 261 2419 lum
287 2354 367 2418 nihil
392 2353 509 2418 habere
533 2353 659 2417 nisiex
689 2355 794 2436 gratia
823 2373 890 2431 sua,
920 2352 976 2417 sed
1006 2353 1164 2435 singulari

196 2441 256 2504 sibi
278 2459 375 2504 curae
398 2459 467 2503 esse
489 2439 560 2503 eius
582 2438 730 2521 salutem,
758 2439 834 2520 quia
863 2460 930 2503 non
959 2439 1060 2520 possit
1083 2459 1164 2519 opus

195 2546 301 2598 suum,
331 2522 514 2607 etquidem
539 2533 604 2587 tam
629 2526 829 2604 praeclarum
860 2534 892 2588 et
921 2525 1060 2607 insigna,
1091 2545 1166 2588 con·

195 2622 350 2675 temnere.
385 2610 643 2674 Commendatur
663 2630 741 2690 ergo
764 2608 938 2674 nobishoc
961 2609 1031 2674 loco
1053 2610 1164 2692 singu·

196 2696 272 2761 laris
291 2695 398 2779 gratia
417 2694 488 2770 Dei,
510 2715 575 2777 qua
593 2713 658 2758 non
677 2699 805 2758 tantum
825 2695 990 2760 nascimur
1008 2693 1164 2771 homines,

197 2783 252 2848 sed
276 2782 373 2845 etiam
397 2782 436 2843 ad
460 2781 634 2862 imaginem
658 2780 759 2860 ipsius
782 2780 1004 2844 reformamur.

281 2866 311 2931 8.
334 2864 394 2950 (Ut
414 2864 567 2949 mutum.)
598 2864 750 2929 Brevitas
769 2863 941 2928 verborum
959 2884 1090 2929 sensum
1110 2865 1165 2929 ob·

196 2953 373 3018 eandorem
394 2949 508 3015 reddit.
541 2950 700 3014 Nonnulli
715 2952 760 3014 sie
776 2951 994 3014 transferunt:
1018 2949 1164 3015 Eduoam

196 3059 315 3116 caecos,
346 3047 378 3101 et
407 3056 481 3100 eum
511 3038 561 3101 cui
589 3035 788 3101 suntoculi:
819 3035 932 3110 idest,
964 3045 1031 3101 tam
1054 3055 1165 3102 caecos

196 3145 292 3205 quam
326 3123 486 3187 oculatos:
528 3133 594 3185 tam
627 3121 755 3196 surdos,
797 3142 895 3203 quam
930 3121 984 3204 qui
1019 3121 1164 3186 audiunt.

196 3210 262 3274 Alii
295 3216 463 3292 exponunt
495 3227 614 3286 coemo,
647 3207 701 3289 qni
734 3207 842 3271 oculos
872 3207 1004 3289 quidem
1035 3206 1165 3286 habent,

197 3294 252 3360 sed
293 3293 372 3358 adeo
411 3293 543 3357 hebetes
583 3303 620 3358 ut
652 3313 771 3358 arcana
803 3292 953 3357 coelestis
986 3294 1166 3375 sapientiae

197 3380 363 3462 percipere
392 3401 455 3443 non
486 3379 622 3460 possint.
668 3376 733 3444 Sed
756 3399 855 3459 quum
878 3378 987 3442 omnia
1009 3378 1167 3460 expendo,

199 3466 283 3529 malo
306 3464 457 3529 distincte
480 3464 630 3545 quamvis
652 3462 692 3528 de
714 3462 828 3528 iisdem
852 3467 1079 3544 interpretari:
1110 3464 1167 3529 Sic

198 3552 328 3617 educam
359 3571 484 3628 caecos,
518 3561 555 3614 ut
585 3551 692 3613 visum
722 3549 802 3632 ipsis
831 3549 1020 3614 restituam:
1053 3549 1167 3614 surdos

197 3637 243 3701 ιιι
264 3638 416 3712 liberabo,
446 3647 483 3699 ut
504 3656 598 3699 aures
620 3643 824 3716 recuperent.
870 3637 978 3716 Atque
1000 3635 1047 3698 ιιι
1069 3636 1168 3700 verba

198 3734 331 3787 sonant:
361 3722 508 3786 diducere
531 3741 652 3798 caecos,
682 3733 714 3784 at
736 3730 833 3784 urunt
854 3720 954 3799 oculi,
985 3719 1108 3797 surdos,
1136 3729 1168 3784 et

199 3829 293 3872 aures
316 3808 398 3871 illis:
427 3827 542 3888 resque
566 3805 707 3888 postulat
729 3805 783 3869 hic
806 3806 998 3870 beneficium
1021 3825 1166 3870 seorsum

199 3894 313 3957 notari.
368 3893 516 3955 Primum
550 3893 636 3957 enim
671 3892 827 3956 liberatur
860 3891 1011 3972 populus:
1052 3890 1168 3954 deinde

199 3977 282 4043 oculi
305 3987 339 4040 et
360 3998 454 4041 aures
476 3978 537 4059 ipsi
561 3979 789 4042 restituuntur.
827 3976 900 4040 Hoc
922 3975 1050 4059 quidem
1075 3996 1166 4058 prae·

198 4064 282 4129 stitit
305 4063 475 4138 Dominus,
506 4082 607 4144 quum
631 4063 784 4145 populum
808 4082 903 4125 suum
927 4061 1080 4125 eduxite
1103 4062 1168 4126 Ba·

198 4149 333 4234 bylone:
356 4148 412 4213 sed
435 4149 628 4231 prophetam
644 4147 773 4231 longius
788 4158 934 4232 spectare
950 4168 1015 4210 non
1032 4145 1168 4210 dubium

199 4244 264 4301 est:
298 4255 415 4316 nempe
446 4236 487 4296 ad
516 4254 653 4315 regnum
682 4233 815 4298 Christi.
864 4234 957 4297 Tunc
988 4233 1073 4297 enim
1104 4254 1167 4297 non

199 4320 305 4385 solum
335 4341 375 4383 ex
406 4319 585 4395 Chaldaea,
619 4316 674 4384 sed
706 4339 746 4382 ex
776 4320 927 4383 omnibus
956 4330 1060 4381 terrae
1091 4318 1169 4383 locis

200 4406 244 4487 pii
277 4405 402 4471 collecti
435 4417 519 4470 sunt.
571 4403 675 4486 quue
703 4405 737 4467 in
766 4405 870 4486 prima
900 4404 991 4468 Petri
1016 4404 1169 4469 concione

199 4490 307 4572 palam
329 4501 360 4554 et
381 4492 556 4574 insignitor
577 4491 736 4573 apparuit,
766 4489 821 4553 ubi
845 4512 884 4553 ex
909 4490 1007 4552 variis
1030 4490 1168 4571 regioni-

201 4576 260 4640 bus
284 4576 435 4657 permulti
459 4579 492 4639 in
515 4576 651 4640 eandem
668 4576 744 4639 fidei
763 4574 995 4640 confessionem
1012 4575 1168 4639 coierunt.

200 4660 267 4726 Sed
294 4661 404 4725 etalii
427 4661 552 4737 deinde,
583 4663 637 4744 qui
659 4661 849 4725 alienissimi
872 4681 942 4724 esse
966 4659 1168 4743 videbantur,

200 4747 390 4813 coaluerunt
422 4748 454 4810 in
488 4747 573 4811 idem
606 4767 738 4829 corpus,
772 4766 871 4828 seque
904 4746 986 4810 filios
1015 4745 1168 4810 Abrahae

200 4833 420 4897 ostenderunt.
477 4832 564 4914 Ergo
605 4834 631 4897 ei
672 4833 801 4914 plenam
844 4830 941 4896 huius
979 4831 1169 4913 prophetiae

200 4920 373 4982 veritatem
403 4919 597 5000 quaerimus,
626 4917 666 4982 ad
689 4918 858 4983 Christum
885 4916 1080 4981 veniendum
1103 4928 1167 4981 est:

200 5023 263 5085 qno
297 5003 365 5069 solo
399 5004 556 5086 eripimur
588 5024 606 5066 ι
639 5006 795 5068 servitute
829 5001 966 5077 diaboli,
1006 5011 1101 5084 atque
1133 5003 1168 5065 in

200 5088 381 5155 libertatem
414 5089 627 5153 vindicamur.
677 5088 774 5154 Oculi
809 5087 903 5152 nobis
936 5094 968 5151 et
1001 5107 1096 5151 aures
1128 5089 1167 5152 ab

199 5175 268 5256 ipso
301 5175 528 5249 restituuntur,
561 5195 661 5255 quum
693 5183 811 5238 natura
841 5174 930 5254 prius
960 5181 993 5235 et
1022 5174 1106 5238 caeci
1136 5183 1169 5238 et

200 5260 289 5324 surdi
311 5281 463 5326 essemus.
508 5260 681 5325 Caeterum
704 5259 860 5325 memoria
883 5265 993 5323 tenere
1018 5260 1169 5324 convenit

1215 554 1300 638 quod
1343 555 1472 638 saepius
1511 557 1576 621 iam
1616 556 1786 637 admonui,
1824 578 1897 623 cum
1938 557 2047 624 reditu
2078 558 2190 641 populi

1216 641 1388 707 cohaerere
1404 641 1555 707 eeclesiae
1571 643 1826 721 renovationem,
1844 661 1926 725 quae
1942 664 2000 727 per
2015 643 2188 710 Ohristum

1216 727 1302 791 iacta
1335 738 1392 791 est.
1448 727 1534 791 Nam
1566 727 1651 810 qnod
1685 728 1778 792 Deus
1811 728 1968 812 populum
1999 729 2039 794 ab
2073 730 2189 796 exsilio

1217 812 1356 877 educens
1378 831 1514 878 exorsus
1529 823 1587 889 cst,
1611 814 1817 879 continuavit
1832 835 1933 897 usque
1951 814 1993 879 ad
2008 813 2189 891 Ohristum,

1218 909 1360 980 tuncque
1389 898 1520 963 demum
1550 899 1700 980 perfecit:
1730 910 1830 983 atque
1858 900 1905 963 ιιι
1935 920 2000 964 una
2021 909 2054 965 et
2076 898 2189 966 eadem

1217 994 1267 1048 est
1301 983 1490 1065 redemptio.
1544 983 1640 1051 Unde
1680 986 1829 1067 sequitur
1861 985 2017 1050 beneficia
2050 1005 2188 1067 quornm

1217 1069 1270 1135 hio
1303 1070 1340 1133 fit
1372 1071 1495 1134 mentio
1533 1091 1600 1135 non
1639 1070 1756 1136 debere
1795 1071 1835 1135 ad
1870 1070 2026 1154 exiguum
2060 1080 2188 1153 tempus

1217 1158 1336 1221 restria
1363 1156 1382 1219 i.
2246 1194 2250 1201 ‚

1302 1177 1482 1325 9.g(0mnee
1500 1240 1626 1326 ριιιιι.)
1658 1240 1724 1306 Ηιι
1741 1241 1900 1324 propheta
1917 1241 2068 1307 omnibus
2083 1241 2190 1322 idolis,

1217 1336 1255 1391 ut
1277 1328 1375 1408 prius,
1404 1327 1464 1391 sub
1485 1346 1624 1408 persona
1645 1326 1709 1391 Dei
1732 1327 1879 1392 insultat.
1922 1328 1983 1393 Est
2004 1328 2092 1393 enim
2115 1328 2190 1408 plus

1218 1432 1314 1495 quam
1344 1412 1576 1489 necessarium,
1605 1431 1642 1478 ao
1670 1414 1812 1477 maxime
1841 1424 1919 1478 tunc
1949 1431 2007 1494 pro
2035 1414 2191 1494 temporis

1216 1499 1459 1564 circumstantia
1481 1499 1550 1574 fuit,
1573 1518 1687 1561 varum
1711 1499 1817 1562 Deum
1841 1520 1861 1563 a
1882 1499 1971 1564 falsis
1994 1499 2190 1563 discernere.

1216 1583 1288 1648 Deo
1318 1582 1448 1665 quidem
1476 1582 1657 1648 divinitatis
1680 1583 1817 1666 gloriam
1841 1583 1983 1649 tribuere
2006 1584 2100 1648 facile
2122 1589 2190 1648 est:

1217 1669 1272 1733 sed
1303 1669 1476 1734 admodum
1506 1667 1638 1734 difficile
1666 1670 1712 1734 sio
1743 1670 1772 1734 ei
1795 1669 1854 1733 soli
1876 1670 1981 1751 ipsam
2004 1669 2190 1752 vendicare,

1217 1764 1254 1819 ut
1277 1756 1342 1818 ficti
1363 1775 1474 1819 omnes
1498 1753 1541 1817 dii
1565 1754 1598 1818 in
1621 1753 1760 1818 nihilum
1785 1754 1982 1837 redigantur,
2010 1754 2049 1819 de
2073 1753 2191 1837 quibus

1217 1851 1295 1904 tunc
1327 1841 1430 1921 magis
1452 1842 1662 1905 confirmatus
1685 1841 1790 1904 fuerat
1810 1861 1915 1906 error:
1946 1842 2021 1924 qnia
2042 1841 2077 1904 in
2101 1838 2191 1905 clade

1218 1925 1340 2009 populi,
1374 1924 1440 1989 dati
1467 1925 1533 1989 illis
1556 1924 1687 1989 fuerant
1708 1925 1841 2007 plausus
1862 1926 1902 1991 ab
1925 1926 2099 1992 incredulis
2122 1946 2189 1990 non

1217 2032 1310 2077 secus
1342 2030 1380 2076 ac
1412 2013 1438 2073 si
1474 2031 1587 2075 verum
1621 2012 1726 2075 Deum
1760 2021 1979 2094 superassent.
2032 2010 2190 2095 Suggerit

1218 2117 1294 2181 ergo
1325 2096 1474 2160 fidelibus
1504 2096 1663 2178 propheta
1690 2097 1775 2179 quod
1805 2099 2023 2180 respondeant
2046 2098 2189 2162 hostium

1217 2203 1350 2247 suorum
1381 2183 1508 2246 sannis:
1539 2190 1572 2244 at
1594 2185 1742 2265 quamvis
1765 2185 1934 2247 turmatim
1958 2184 2127 2266 prosiliant
2149 2180 2189 2246 ad

1217 2289 1343 2333 errores
1383 2287 1458 2332 suos
1492 2267 1645 2345 tuendos,
1685 2269 1841 2350 exiguum
1875 2289 2045 2333 numerum
2079 2278 2191 2334 contra

1217 2375 1330 2419 omnes
1359 2353 1468 2435 copias
1497 2354 1629 2416 firmum
1659 2363 1745 2416 stare
1773 2355 1872 2419 iubet.
1917 2355 2015 2420 Prius
2045 2353 2189 2419 diximus

1218 2438 1464 2522 praescientiam
1495 2446 1527 2502 et
1559 2440 1736 2519 potentiam
1761 2440 1857 2504 unius
1879 2461 1949 2505 esse
1972 2441 2049 2505 Dei:
2080 2441 2190 2504 omnia

1218 2527 1305 2589 enim
1333 2524 1431 2589 habet
1452 2525 1488 2587 in
1510 2537 1694 2605 conspectu,
1724 2534 1819 2605 atqua
1842 2526 1952 2590 omnia
1973 2525 2108 2590 arbitrio
2131 2546 2189 2590 suo

1219 2611 1415 2674 moderatur.
1453 2608 1531 2672 Ideo
1555 2609 1606 2672 his
1629 2609 1754 2674 duobus
1776 2613 1978 2692 argumentis
2002 2613 2091 2693 prius
2113 2632 2189 2675 con·

1218 2699 1297 2759 vicit
1336 2695 1459 2758 alienos
1497 2713 1609 2758 omnes
1647 2694 1722 2758 deos
1757 2696 1920 2759 vanitatis.
1975 2696 2067 2759 Idem
2101 2714 2190 2759 nunc

1218 2801 1345 2863 qnoque
1368 2780 1495 2862 repetit,
1518 2799 1583 2843 non
1606 2788 1643 2842 ut
1661 2787 1776 2862 gentes
1794 2785 1924 2845 revocat
1939 2780 1979 2844 ab
1995 2781 2056 2847 hoc
2071 2802 2189 2859 errore,

1217 2866 1305 2948 apud
1327 2885 1405 2947 quas
1428 2873 1506 2928 tuno
1528 2863 1588 2928 hac
1611 2864 1797 2946 prophetiae
1819 2887 1884 2929 non
1902 2865 2108 2950 legebantur:
2131 2867 2190 2932 sed

1219 2962 1255 3015 ut
1277 2951 1415 3016 Iudaeos
1442 2951 1477 3013 in
1501 2949 1563 3014 fide
1584 2951 1802 3033 confirmaret,
1831 2953 1888 3033 qui
1911 2972 1945 3016 se
1967 2951 2052 3017 solos
2074 2973 2190 3017 verum

1217 3036 1327 3102 Deum
1357 3056 1450 3101 nosse
1477 3034 1714 3119 intelligebant.
1758 3036 1854 3101 Nunc
1877 3037 2007 3120 quidem
2030 3047 2062 3102 ιι
2084 3040 2189 3122 genti-

1218 3123 1277 3188 bus
1308 3130 1340 3188 et
1368 3119 1498 3186 Iudaeis
1527 3119 1607 3185 haec
1636 3119 1784 3186 doctrina
1812 3124 1994 3188 communis
2022 3132 2088 3188 est:
2122 3125 2189 3187 imo

1219 3229 1318 3292 quum
1351 3229 1386 3272 se
1418 3206 1571 3290 indignos
1603 3205 1805 3271 reddiderint
1837 3208 1966 3282 Iudaei,
2000 3209 2040 3272 ad
2075 3215 2189 3293 gentes

1217 3314 1330 3359 earum
1360 3293 1483 3358 fruetus
1511 3292 1666 3357 manavit.
1711 3291 1777 3358 Sed
1799 3297 1878 3358 tnnc
1900 3293 2038 3358 Iudaeos
2060 3295 2189 3377 potissi·

1218 3400 1308 3443 mum
1332 3378 1545 3460 compellabat
1562 3377 1673 3454 Isaiae,
1697 3388 1733 3442 ut
1756 3380 1885 3443 tametsi
1907 3380 2062 3461 gentibus
2079 3381 2189 3443 omnia

1218 3486 1260 3530 ex
1282 3475 1359 3528 voto
1389 3464 1605 3539 succederent,
1634 3472 1744 3527 tamen
1773 3463 1986 3528 abhorrerent
2015 3463 2055 3528 ab
2076 3484 2188 3528 earum

1217 3550 1311 3615 idolis
1344 3561 1378 3614 et
1409 3548 1706 3631 superstitionibus.
1760 3549 1939 3630 Postquam
1975 3570 2050 3613 vero
2083 3550 2189 3614 incre·

1219 3636 1310 3700 dulos
1343 3635 1457 3700 citavit
1486 3635 1525 3697 ad
1558 3652 1686 3697 causam
1711 3633 1842 3697 deorum
1865 3655 1996 3698 sucrum
2020 3634 2189 3718 agendam,

1218 3722 1271 3785 vel
1301 3720 1409 3803 potius
1439 3740 1496 3801 pro
1526 3720 1671 3783 confesso
1699 3721 1846 3801 sumpsit,
1877 3720 1953 3802 quia
1982 3721 2072 3784 nulla
2093 3722 2191 3785 fuerit

1218 3808 1305 3870 inter
1333 3807 1421 3888 ipsos
1450 3805 1642 3886 praedictio,
1672 3806 1794 3868 frustra
1821 3825 1951 3887 operam
1981 3805 2107 3871 dedisse
2137 3826 2189 3870 cn·

1219 3891 1322 3955 leudis
1351 3891 1461 3955 idolis:
1492 3890 1641 3972 adiungit
1670 3889 1776 3954 nullos
1806 3890 1874 3955 fore
1904 3900 2002 3956 testes
2032 3893 2087 3974 qui
2114 3912 2190 3957 vere

1219 3979 1383 4041 affirment
1415 3976 1517 4040 ullum
1552 3997 1694 4058 unquam
1728 3976 1919 4040 vaticinium
1952 3998 1971 4041 a
2004 3978 2094 4043 falsis
2127 3977 2190 4042 diis

1219 4082 1385 4126 manasse:
1417 4073 1512 4142 atque
1534 4062 1580 4124 ita
1602 4082 1713 4125 eornm
1737 4081 1866 4126 oausam
1890 4063 2022 4126 destitui
2045 4063 2190 4146 legitimo

1220 4148 1409 4232 patrocinio.
1453 4147 1588 4210 Nullum
1618 4147 1747 4228 quidem
1777 4146 1838 4210 fuit
1867 4156 2004 4228 tempus,
2034 4171 2095 4228 quc
2123 4170 2189 4213 non

1220 4233 1341 4298 multae
1364 4232 1489 4297 fabulae
1512 4232 1551 4296 de
1570 4232 1665 4297 idolis
1683 4233 1891 4311 referrentur,
1915 4233 2189 4315 quemadmodum

1220 4319 1395 4382 etiamnum
1426 4320 1616 4383 innumeras
1644 4318 1754 4401 spargi
1783 4327 1815 4382 et
1844 4318 2000 4383 celebrari
2023 4319 2188 4387 audimus:

1221 4426 1279 4471 nec
1302 4406 1426 4468 minore
1448 4404 1629 4486 pervicacia
1652 4402 1831 4467 defendunt
1846 4404 2005 4469 inereduli
2024 4428 2082 4471 sua
2101 4428 2189 4470 mon·

1220 4490 1312 4555 dacia
1351 4511 1447 4572 quam
1489 4490 1628 4553 futiliter
1660 4509 1698 4553 ea
1729 4501 1876 4555 vomunt.
1928 4490 2053 4556 Verum
2087 4493 2115 4555 si
2148 4492 2189 4556 ad

1220 4596 1358 4640 examen
1388 4584 1522 4638 ventum
1552 4576 1659 4649 fuerit,
1693 4573 1819 4639 nullum
1847 4577 1882 4638 in
1905 4576 1945 4639 iis
1968 4576 2188 4660 deprehende·

1220 4683 1293 4725 mus
1320 4660 1549 4738 testimonium,
1580 4659 1635 4724 sed
1660 4682 1764 4725 meras
1786 4681 1901 4743 nugas,
1929 4673 1961 4724 et
1984 4663 2115 4743 quidem
2138 4663 2188 4724 in·

1219 4746 1306 4811 sulse
1326 4747 1487 4811 confictae.
1522 4746 1599 4810 Ideo
1621 4766 1733 4810 secure
1757 4747 1921 4811 victoriam
1945 4746 2092 4812 coneedit
2114 4768 2188 4830 pro·

1220 4832 1333 4913 pheta,
1367 4833 1396 4895 si
1424 4840 1523 4895 testes
1552 4831 1686 4896 idoneos
1715 4839 1748 4896 ιι
1775 4830 1838 4895 fide
1868 4832 1982 4915 dignos
2011 4834 2187 4914 proferant.

1220 4917 1299 4984 Sola
1335 4918 1436 4999 igitur
1476 4916 1554 4980 haec
1587 4918 1689 5000 gloria
1723 4937 1822 4999 penes
1855 4917 1966 4982 Deum
2000 4931 2065 4999 est,
2103 4919 2189 5001 quod

1218 5010 1319 5068 testes
1348 5002 1454 5067 habet.
1500 5001 1645 5067 Tandem
1676 5004 1767 5085 quasi
1798 5023 1833 5067 re
1856 5005 1934 5067 satis
1956 5004 2091 5085 probata
2113 5025 2188 5069 eon·

1220 5088 1373 5172 fidentius
1396 5089 1553 5171 exsurgit,
1575 5109 1612 5154 ac
1632 5088 1746 5154 indicit
1768 5089 1864 5154 vietis
1886 5089 2060 5155 silentium.
2106 5089 2189 5155 an-

1220 5184 1325 5238 terum
1355 5174 1468 5237 audire
1497 5175 1614 5239 iubens
1647 5176 1805 5256 significat
1828 5175 1887 5239 hoo
1910 5183 2037 5238 tantum
2059 5175 2188 5240 obstare

1218 5259 1405 5324 hominibus
1428 5261 1481 5343 qui
1499 5262 1669 5325 veritatem
1686 5281 1752 5324 non
1768 5270 1957 5343 agnoscunt,
1980 5261 2064 5343 quod
2080 5282 2189 5326 errore

1970 5363 1984 5392 1

1951 5361 1968 5416 6
