4784 5970
199 372 261 438 681
914 369 963 434 ΙΝ
986 368 1236 436 IEREMIAM.
1280 368 1380 436 cAP.
1403 369 1481 436 VII.
2130 372 2193 440 682

202 563 285 626 inter
312 559 463 626 hominos
485 567 601 643 regnat
623 559 684 625 hoc
707 558 834 624 vitium.
879 557 962 622 Nam
987 558 1045 624 vix
1066 567 1175 625 cento·
1228 559 1343 641 inquit
1386 559 1431 623 Et
1454 569 1548 624 vocat
1571 558 1661 625 Deus
1684 560 1785 625 locum
1807 579 1915 641 sumn,
1948 571 1986 625 ιιι
2014 562 2199 647 intelligant

202 649 304 713 simus
342 646 479 729 quisque
520 646 717 728 reperietur,
759 647 814 729 qui
848 664 915 708 non
950 644 1176 728 integumenta
1228 643 1342 709 Iudaei
1371 645 1462 710 nulla
1491 645 1525 709 in
1556 667 1591 710 re
1621 666 1656 711 se
1684 654 1861 730 praestare.
1909 646 2038 712 Fuerat
2066 649 2198 730 quidem

201 741 349 816 quaerat,
372 734 489 814 quibus
511 752 583 797 sese
605 729 782 797 abscondat
800 729 841 796 ab
858 728 961 795 oculis
979 729 1059 795 Dei:
1082 751 1176 813 prae·
1228 729 1379 797 traducta
1414 731 1447 795 in
1480 741 1623 796 montem
1658 729 1739 797 Sion
1769 751 1845 798 arca
1878 732 2033 814 foederis,
2068 747 2099 798 et
2132 735 2199 798 illic

201 819 314 884 sertim
334 818 433 884 aulici
448 823 481 882 ct
496 817 620 883 vorsuti
635 816 785 882 homines
801 816 861 883 sibi
878 825 1006 880 tantum
1022 823 1178 899 arrogant
1228 815 1319 880 Deus
1341 817 1401 880 sibi
1424 828 1593 882 aeternum
1615 817 1814 882 domicilium
1844 817 2003 902 elegerat:
2033 821 2089 885 sed
2116 820 2199 885 alter

200 903 428 988 perspicaciae,
460 912 497 968 ut
526 902 620 968 Deus
652 923 731 985 prae
764 902 843 984 ipsis
877 901 961 966 nihil
983 902 1176 985 perspiciet:
1228 902 1284 965 ille
1312 902 1401 967 locus
1430 902 1546 967 saltem
1580 903 1729 985 superior
1758 914 1829 967 erat
1861 904 2064 987 antiquitate.
2106 905 2199 970 Haeo

200 990 272 1055 ideo
306 1009 364 1072 per
396 989 519 1054 Isaiam
552 987 726 1071 respondet
760 987 939 1069 Dominus,
973 988 1045 1072 Ego
1077 988 1174 1053 οιιιιιιι
1228 987 1312 1052 ratio
1334 1002 1398 1062 est,
1426 1008 1484 1052 our
1505 995 1599 1054 vocet
1621 989 1723 1054 locnm
1743 1008 1845 1053 snam.
1890 989 1935 1054 Et
1956 989 2121 1075 adiungit:
2155 991 2199 1056 Et

200 1098 273 1142 sum
307 1077 447 1157 sapiens.
504 1072 541 1140 Si
575 1094 634 1140 vos
668 1074 748 1139 estis
781 1074 962 1158 sapientes,
1003 1073 1176 1157 relinquite
1227 1073 1282 1138 nbi
1302 1074 1362 1155 feci
1383 1072 1526 1140 babitare
1553 1094 1661 1140 nomm
1687 1095 1804 1152 mum,
1838 1074 1898 1140 hoc
1926 1084 1994 1153 ast,
2026 1076 2079 1141 ubi
2109 1078 2198 1142 volui

200 1161 281 1227 mihi
315 1162 430 1226 saltem
465 1160 607 1243 aliquam
641 1152 787 1244 partem,
829 1169 862 1224 et
896 1180 936 1223 ne
969 1159 1091 1242 putetis
1124 1180 1176 1224 me
1228 1180 1338 1225 arcam
1360 1159 1510 1224 residere.
1556 1160 1639 1224 Nam
1660 1180 1734 1224 arca
1756 1159 1912 1241 foederis,
1944 1174 1977 1226 et
2000 1161 2102 1227 altare
2124 1183 2197 1228 cnm

199 1267 333 1331 prorsus
361 1267 432 1312 esse
462 1248 609 1312 stultum.
654 1246 707 1309 Ita
736 1245 834 1310 etiam
864 1244 925 1311 hoc
954 1244 1032 1324 loco,
1064 1244 1176 1310 Coram
1228 1246 1296 1310 suis
1319 1265 1355 1309 ao
1379 1246 1590 1321 cessionibus,
1614 1255 1707 1311 crant
1730 1247 1861 1328 proprie
1883 1266 2002 1311 nomen
2025 1248 2098 1312 Dei.
2131 1249 2196 1313 Ne·

200 1332 299 1399 acatis
327 1333 405 1399 meis
433 1332 543 1398 mmm
570 1331 643 1397 bam
668 1332 755 1413 {acta
776 1337 821 1397 est
841 1331 989 1412 spelnma
1009 1331 1175 1410 latronam,
1228 1350 1292 1413 quc
1321 1330 1408 1395 enim
1436 1330 1468 1394 id
1497 1333 1619 1396 lactum
1654 1333 1759 1397 fuerat
1792 1332 1942 1407 fortuito,
1975 1334 2059 1415 quod
2089 1354 2196 1399 arcam

201 1419 263 1485 hoo
285 1426 350 1484 ost:
374 1416 504 1500 Siquis
523 1418 613 1484 vobis
632 1426 862 1492 essetscnsus,
885 1437 992 1481 nonne
1012 1426 1176 1482 constaret
1227 1425 1442 1498 reposuerant
1465 1438 1576 1483 omnes
1599 1417 1703 1483 tribus
1732 1420 1767 1482 in
1792 1416 1880 1483 Silo:
1914 1419 1970 1483 sed
1999 1419 2039 1483 ad
2068 1432 2197 1503 tompus

200 1517 322 1589 aperto,
352 1526 409 1570 vos
437 1505 553 1570 secisse
582 1503 771 1588 speluncam
802 1503 967 1566 latronum
989 1524 1030 1568 cx
1053 1503 1175 1586 templo
1227 1503 1375 1566 voluerat
1397 1500 1489 1567 Dens
1510 1501 1577 1568 illio
1599 1502 1670 1568 coli.
1715 1503 1805 1568 Dicit
1834 1503 1936 1587 igitur
1965 1504 2070 1570 locum
2102 1505 2196 1570 illum

200 1590 294 1655 mco?
328 1599 362 1653 et
390 1591 517 1654 interea
545 1609 606 1673 ego
633 1587 836 1655 caecutiam?
889 1586 927 1653 Si
962 1589 1083 1671 putatis
1118 1609 1175 1652 vos
1227 1608 1355 1653 sacrum
1378 1588 1478 1652 fuisse
1501 1599 1578 1653 ante
1600 1587 1845 1672 lerosolymam,
1866 1599 1900 1652 et
1922 1589 1993 1655 idco
2011 1590 2197 1674 paulopost

200 1698 271 1742 csse
300 1686 369 1740 tam
399 1676 611 1758 perspicaces,
640 1674 709 1758 Epo
737 1675 832 1739 etiam
853 1674 951 1756 video,
980 1675 1087 1758 inquit
1109 1674 1174 1738 Do·
1226 1674 1382 1756 exprimit
1403 1686 1560 1753 ntttrn'tn,
1589 1675 1692 1755 initio,
1721 1675 1841 1756 inquit,
1872 1674 1932 1741 boe
1955 1684 2012 1754 est,
2040 1697 2106 1742 non
2129 1688 2197 1741 tan-

199 1762 319 1827 minus.
374 1760 534 1826 Videmus
567 1782 644 1844 ergo
677 1769 834 1842 quantum
867 1760 1022 1841 ponderis
1058 1758 1174 1824 habeat
1227 1771 1295 1823 tum
1319 1759 1479 1825 Silonitae
1502 1780 1596 1844 paros
1618 1761 1709 1825 vobis
1729 1761 1872 1838 fuerunt,
1894 1758 1952 1825 aed
1970 1762 2041 1844 ipsa
2056 1765 2196 1844 antiqui-

199 1846 361 1930 particula
386 1859 435 1924 nt,
466 1848 575 1926 etiam,
604 1856 638 1912 et
659 1845 821 1929 particula
843 1857 921 1923 tals,
952 1866 1022 1930 ego,
1047 1856 1081 1911 et
1102 1860 1174 1927 nat,
1226 1856 1276 1910 tas
1298 1844 1411 1910 debuit
1432 1845 1498 1909 illis
1520 1846 1594 1928 plus
1609 1848 1776 1928 acquirere
1792 1845 1935 1911 honoris.
1971 1845 2008 1913 Si
2024 1848 2081 1912 fiat
2095 1849 2197 1931 igitur

199 1955 282 2000 ecca.
333 1933 418 1998 Nam
447 1932 508 1996 hae
538 1947 605 1996 tres
634 1951 730 1997 voces
757 1929 853 1997 simul
881 1931 1107 2008 cumulantur,
1138 1942 1173 1995 ut
1225 1933 1433 2013 comparatio,
1467 1932 1685 2014 praecellunt.
1700 1931 1758 2010 illi,
1792 1932 1877 2014 quod
1900 1930 1942 1996 ad
1965 1935 2119 2017 temporis
2141 1954 2197 1999 ve·

201 2020 353 2084 ostendat
375 2017 468 2083 Deus
497 2039 531 2083 se
563 2037 630 2081 non
653 2037 723 2082 esse
745 2016 925 2100 stupidum,
955 2017 1012 2083 ubi
1035 2017 1174 2100 populus
1226 2026 1382 2082 tustatem
1407 2018 1559 2099 pertinet.
1610 2016 1724 2097 Videte,
1754 2018 1871 2099 inquit,
1898 2019 1977 2098 qnid
1999 2019 2126 2098 fecerim
2147 2018 2197 2084 ilii

200 2117 267 2169 tam
296 2103 451 2169 audacter
481 2106 663 2187 prorumpit
689 2105 722 2167 in
747 2104 857 2168 omnia
879 2103 1016 2169 scelera:
1047 2112 1080 2167 ct
1103 2103 1175 2168 vult
1224 2102 1285 2167 loeo
1308 2107 1438 2185 propter
1465 2103 1662 2185 iniquitatem
1688 2103 1805 2183 populi
1837 2103 1898 2167 mei
1927 2103 2042 2168 Israel.
2092 2103 2196 2170 Israel

199 2192 325 2256 interea
353 2191 420 2256 suis
453 2189 590 2256 fallaciis
613 2191 766 2273 obtegere
788 2190 858 2254 sius
881 2188 1002 2267 oeulos,
1033 2189 1173 2271 nequid
1225 2187 1278 2254 hio
1301 2187 1457 2270 populum
1480 2209 1576 2253 suum
1599 2189 1742 2272 appellat
1764 2209 1829 2253 non
1852 2189 1986 2254 honoris
2009 2210 2116 2268 causa,
2138 2191 2195 2255 sed

198 2286 320 2342 cernat.
1226 2283 1262 2337 ιιι
1300 2274 1420 2338 iterum
1461 2275 1730 2340 commonefaciat
1769 2273 1923 2352 Iudaeos,
1965 2275 2063 2340 luisse
2102 2297 2195 2358 pares

1225 2358 1401 2424 Israelitis:
1424 2371 1456 2424 et
1479 2367 1587 2424 tamen
1611 2359 1692 2425 nihil
1715 2360 1795 2444 ipsis
1818 2359 1986 2442 proluisse,
2009 2360 2096 2442 quod
2118 2383 2195 2426 con·

288 2447 339 2513 12.
360 2445 480 2527 Nempe
495 2446 537 2510 ite
550 2465 634 2512 nnnc
649 2444 714 2529 (vel
730 2445 884 2532 agedum)
899 2446 935 2511 in
952 2445 1050 2512 meam
1063 2465 1173 2522 meum,
1225 2445 1327 2509 fluere
1349 2445 1492 2510 solerent
1520 2445 1598 2509 illuc
1627 2466 1739 2510 omnes
1768 2445 1874 2510 tribus
1903 2444 1944 2509 ad
1974 2445 2099 2511 cultum
2121 2448 2194 2513 Dei.

198 2535 255 2616 qni
276 2538 343 2598 erat
365 2534 401 2597 in
424 2531 502 2607 Scio,
525 2531 580 2596 nbi
594 2532 736 2596 tractare
755 2533 815 2611 feci
831 2551 940 2598 mmcn
953 2552 1055 2596 meam
1073 2531 1172 2609 initio,
1224 2531 1309 2595 Nam
1343 2531 1397 2596 ubi
1438 2530 1699 2596 ratiocinandum
1739 2541 1790 2596 est
1829 2530 1921 2596 nobis
1959 2532 2000 2596 ab
2026 2533 2195 2617 exemplo,

197 2625 225 2685 et
255 2619 353 2684 videte
382 2617 460 2700 qnid
484 2619 610 2698 fecerim
638 2617 705 2682 illie
726 2622 857 2698 propter
881 2617 1037 2682 malitiam
1059 2616 1173 2697 papali
1225 2615 1437 2698 spectandum
1453 2643 1456 2647 ·
1472 2636 1601 2702 semper
1633 2627 1698 2694 est,
1740 2637 1781 2680 ne
1818 2617 1895 2699 quid
1937 2617 1980 2681 sit
2016 2617 2194 2684 diversum.

198 2706 259 2769 mei
281 2703 396 2768 Israel.
1224 2700 1380 2769 Ieremias
1402 2722 1480 2785 ergo
1502 2703 1646 2768 ostendit
1666 2702 1835 2767 Israelitas
1864 2701 1963 2767 luisse
1986 2701 2115 2769 Iudaeis
2137 2724 2195 2787 pa·

285 2789 336 2854 13.
367 2788 413 2853 Et
433 2809 516 2855 nnnc
536 2787 882 2869 pniafeaistisomnia
904 2787 1095 2869 operabam
1123 2785 1171 2874 (id
1226 2807 1296 2871 res,
1329 2797 1361 2852 ct
1383 2787 1411 2852 si
1434 2786 1511 2870 quid
1540 2787 1602 2853 sibi
1632 2788 1851 2870 praestantiae
1873 2786 1986 2853 Iudaei
2016 2801 2194 2865 assumant,

198 2887 265 2957 est,
296 2875 372 2958 quia
393 2876 512 2941 imitati
539 2874 617 2940 ostis
639 2873 834 2959 Israelitas),
861 2874 938 2939 dicit
959 2872 1116 2951 Ielaocab,
1144 2878 1172 2938 et
1225 2872 1286 2938 hoo
1309 2893 1373 2937 non
1404 2874 1510 2939 lacere
1540 2874 1672 2948 morito,
1706 2892 1766 2937 nec
1795 2874 1881 2949 iure,
1916 2874 2068 2954 quoniam
2090 2874 2194 2939 Israel

198 2961 342 3043 legantem
363 2981 436 3026 snm
457 2962 572 3027 advos
593 2979 684 3027 mone
705 2979 847 3043 smpers,
869 2965 1016 3041 atquem
1032 2959 1173 3040 lopamer
1224 2960 1324 3023 etiam
1354 2960 1452 3023 fuerit
1482 2957 1621 3042 populus
1643 2957 1724 3023 Dsi:
1758 2960 1911 3040 quoniam
1935 2959 2025 3025 Dens
2056 2960 2195 3025 voluerit

197 3067 258 3113 non
280 3047 427 3126 audistis,
449 3051 477 3111 et
498 3046 702 3112 inclamarem
722 3065 786 3129 cos,
807 3065 869 3110 non
890 3045 1113 3126 respondistis:
1224 3063 1333 3108 arcam
1355 3045 1494 3108 foederis
1516 3045 1614 3108 statui
1636 3046 1671 3108 in
1693 3064 1732 3108 eo
1754 3044 1833 3124 loco,
1856 3052 1888 3107 et
1910 3044 1974 3110 sibi
1995 3044 2061 3111 illio
2083 3045 2193 3111 offerri

286 3131 337 3198 14.
372 3130 507 3198 Faciam
527 3133 627 3215 ipitnr
654 3130 760 3196 domni
790 3131 878 3210 baie,
907 3131 941 3195 in
966 3149 1029 3213 qna
1061 3129 1172 3216 (super
1224 3129 1398 3196 sacrificia:
1422 3128 1538 3194 deiude
1560 3129 1648 3212 quod
1671 3128 1800 3197 accedat
1823 3130 1921 3196 etiam
1938 3137 2096 3209 vetustas,
2118 3132 2195 3214 quia

221 3217 311 3303 uam)
333 3217 507 3284 invocabam
529 3222 574 3282 est
595 3237 703 3282 nomm
725 3237 835 3301 meam,
857 3218 894 3282 de
915 3237 979 3298 qna
999 3235 1052 3281 vos
1070 3215 1173 3297 fiditis
1224 3226 1397 3298 antequam
1421 3215 1561 3281 sciretur
1590 3225 1735 3282 montem
1758 3214 1838 3282 Sion
1869 3213 2026 3281 divinitus
2056 3217 2193 3282 eloctum

211 3305 244 3368 in
268 3324 332 3385 qua
355 3324 415 3368 ros
436 3301 619 3369 confiditis:
653 3304 799 3386 sequitur
828 3313 943 3385 postea
972 3300 1170 3386 relativum),
1223 3321 1303 3379 esse,
1327 3310 1365 3366 ut
1386 3300 1454 3367 illio
1475 3301 1635 3385 templum
1658 3306 1894 3377 exstrueretur,
1916 3301 2000 3367 alter
2022 3301 2111 3368 locus
2128 3305 2200 3367 iam.

199 3389 329 3468 micea,
359 3409 448 3469 quem
470 3389 543 3454 dedi
570 3389 671 3469 omis,
699 3393 727 3454 et
750 3387 900 3470 patribus
930 3389 1056 3467 cestris,
1077 3387 1172 3453 menti
1222 3407 1313 3452 sacer
1335 3396 1414 3453 erat.
1460 3387 1538 3452 ideo
1560 3385 1741 3463 concludit,
1772 3387 1867 3451 Nune
1888 3406 1959 3469 erpo
1978 3387 2055 3468 pata
2074 3388 2193 3470 fecistis

196 3475 257 3556 feci
278 3474 354 3540 Silo.
1221 3473 1329 3538 omnia
1349 3472 1544 3552 operabam,
1567 3473 1682 3554 inquit,
1704 3491 1821 3554 nempe
1843 3471 1918 3553 quia
1940 3471 2063 3537 similes
2085 3473 2192 3538 fuistis

1222 3557 1398 3640 Israelitis,
1431 3558 1519 3623 idco:
1551 3568 1584 3621 at
1616 3558 1679 3621 iam
1714 3557 1891 3639 amplificat
1917 3556 2039 3621 crimen
2069 3578 2191 3636 eorum,

284 3646 446 3729 Exemplo
468 3646 642 3712 confirmat
662 3644 822 3729 propheta
842 3643 927 3725 quod
943 3642 1013 3708 heri
1030 3642 1169 3727 dixerat,
1221 3642 1308 3727 quod
1330 3642 1452 3709 scilicet
1481 3664 1548 3707 non
1583 3652 1712 3707 tantum
1745 3641 1868 3707 scelera
1901 3640 2010 3707 decem
2048 3643 2190 3709 tribuum

198 3751 315 3813 nempe
348 3731 418 3796 salli
450 3730 606 3810 Iudaeos,
646 3730 722 3813 quia
753 3730 942 3795 existiment
975 3750 1009 3794 sc
1042 3731 1168 3813 protegi
1220 3730 1339 3793 imitati
1359 3729 1441 3807 sint,
1474 3727 1532 3792 sed
1553 3728 1765 3811 pervicaciter
1793 3727 2050 3810 contempserint
2078 3749 2192 3794 omnes

197 3817 314 3882 umbra
335 3816 468 3899 templi,
497 3837 597 3900 quum
621 3824 732 3880 tamen
755 3835 789 3881 se
812 3817 899 3897 ipsos
920 3813 1169 3898 discooperiant,
1220 3813 1476 3879 admonitiones:
1499 3814 1644 3896 loquaces
1660 3835 1740 3889 sam,
1761 3814 1879 3896 inquit,
1903 3813 1946 3878 ad
1965 3833 2027 3894 vos,
2052 3818 2081 3879 et
2099 3834 2191 3881 mane

197 3916 232 3968 et
253 3923 353 3984 quum
376 3909 466 3967 totus
488 3901 574 3967 orbis
604 3903 697 3967 testis
726 3901 768 3966 sit
794 3900 913 3983 impiae
942 3900 1086 3983 ipsorum
1117 3922 1167 3965 re·
1220 3901 1357 3967 surrenti.
1401 3899 1475 3965 Hac
1497 3900 1605 3984 figura
1627 3900 1790 3983 significat
1812 3920 1846 3963 ss
1868 3899 1968 3964 fuisse
1997 3898 2044 3963 ita
2070 3899 2189 3966 sollici-

197 3988 356 4053 bellionis.
391 3987 548 4054 Producit
569 3986 672 4070 igitur
692 3986 777 4070 quod
799 3990 876 4051 ante
891 3985 1070 4052 acciderat:
1092 4005 1168 4051 nam
1219 3994 1289 4052 tum
1314 3985 1354 4051 de
1376 3984 1598 4052 conservando
1627 4006 1728 4070 regno
1749 3984 1910 4063 Iehudsh,
1941 3994 1976 4049 ιιι
2005 3984 2111 4050 solent
2132 4006 2190 4070 pa-

197 4094 273 4140 aroa
294 4073 434 4140 foederis
457 4073 510 4138 din
537 4073 644 4138 iuerat
672 4073 818 4157 reposita
846 4073 880 4137 in
903 4070 991 4150 Silo,
1025 4078 1062 4136 ut
1090 4072 1168 4137 satis
1219 4076 1288 4137 tres
1310 4071 1480 4138 consulere
1495 4072 1592 4137 saluti
1608 4070 1757 4137 filiorum.
1791 4069 2073 4151 Quemadmodum
2089 4072 2190 4156 igitur

197 4169 313 4225 notum
336 4169 395 4225 ost.
440 4157 512 4225 Iam
535 4159 694 4242 templum
716 4180 774 4239 per
795 4179 829 4224 se
852 4178 918 4223 non
941 4156 1093 4222 excelluit
1108 4157 1167 4223 ali·
1220 4169 1313 4241 pater
1334 4177 1430 4223 manc
1452 4158 1574 4242 surgit,
1608 4165 1647 4222 ut
1669 4156 1817 4239 dispiciat
1838 4155 1914 4239 qnid
1937 4177 2020 4240 opus
2045 4157 2089 4221 sit
2110 4178 2188 4223 suae

197 4266 261 4329 qua
284 4244 455 4330 dignitate,
477 4245 539 4310 nisi
561 4254 694 4327 proptor
715 4264 825 4310 arcam
847 4244 986 4310 foederis
1008 4254 1041 4309 et
1055 4244 1167 4309 altare.
1219 4243 1380 4310 familiae:
1412 4244 1458 4307 ita
1480 4243 1580 4309 etiam
1602 4243 1694 4308 Deus
1717 4243 1794 4307 dicit
1815 4262 1851 4307 ss
1872 4262 1969 4306 mane
1996 4244 2188 4320 surrexisse,

196 4333 345 4396 Accessit
377 4329 579 4416 splendidior
617 4336 768 4396 ornatus:
809 4330 866 4397 sed
906 4338 975 4395 tota
1013 4330 1168 4395 sanctitas
1220 4330 1373 4413 qnoniam
1393 4327 1545 4394 assiduus
1564 4330 1670 4394 iuerat
1684 4328 1719 4392 in
1736 4327 1801 4393 illis
1816 4327 2035 4393 exhortandis.
2069 4329 2187 4393 Trans-

197 4416 311 4500 templi
334 4418 368 4479 in
398 4438 475 4483 arca
502 4417 659 4495 foederis,
692 4423 725 4482 et
747 4418 780 4481 in
809 4416 904 4480 altari
938 4425 971 4479 et
999 4416 1166 4482 sacrificiis
1219 4418 1282 4482 tort
1303 4416 1339 4479 in
1360 4434 1453 4480 suam
1476 4435 1649 4497 personam
1670 4413 1756 4497 quod
1777 4413 1908 4497 proprie
1930 4413 2133 4496 competebat
2154 4415 2187 4478 in

196 4500 375 4569 residebat:
408 4502 470 4568 hoc
498 4503 584 4568 idem
614 4503 677 4567 luit
699 4502 733 4565 in
762 4500 841 4568 Silo.
886 4499 1041 4567 Ostendit
1066 4501 1167 4584 igitur
1218 4501 1403 4585 prophetas.
1447 4498 1514 4566 Sed
1537 4501 1690 4584 quoniam
1712 4498 1785 4565 illos
1806 4500 2007 4564 excitaverat
2035 4519 2093 4563 suo
2122 4501 2186 4581 spi·

196 4587 353 4654 Ieremias
372 4608 468 4669 quam
491 4589 591 4655 stulte
611 4587 725 4653 Iudaei
748 4586 947 4670 superbiant,
973 4584 1058 4669 quod
1080 4586 1166 4669 apud
1219 4589 1300 4666 ritu,
1334 4597 1366 4652 ot
1388 4585 1519 4652 illorum
1540 4606 1639 4668 opero
1656 4585 1756 4651 etiam
1778 4585 1947 4660 utebatur,
1981 4585 2096 4650 merito
2125 4585 2186 4651 sibi

195 4675 286 4757 ipsos
308 4674 351 4739 sit
372 4693 448 4738 arca
470 4673 607 4740 foederis
630 4684 664 4739 et
687 4673 801 4754 altare,
823 4673 976 4756 quoniam
1003 4691 1069 4737 non
1091 4692 1167 4754 pro·
1218 4672 1371 4738 vendicat
1400 4671 1560 4754 quidquid
1590 4671 1710 4737 fecorat
1742 4691 1801 4755 per
1833 4670 1907 4736 illos
1939 4679 2097 4753 tanquam
2129 4691 2187 4752 per

196 4769 303 4825 tectus
325 4758 389 4822 fuit
410 4758 500 4825 locus
521 4759 576 4825 ille
596 4761 696 4845 prior,
718 4758 773 4823 ubi
796 4759 906 4824 oblata
920 4760 1051 4824 fuerant
1071 4759 1181 4836 sacri·¹
1218 4778 1351 4842 organa.
1407 4758 1450 4821 Et
1482 4757 1544 4822 hoc
1576 4765 1753 4840 exaggerat
1783 4757 1921 4830 crimen.
1954 4755 2036 4838 quod
2071 4757 2185 4840 ignavi

196 4846 271 4912 ficia
292 4844 326 4908 in
349 4842 431 4909 Deo.
476 4844 568 4911 Haec
594 4866 723 4911 summa
752 4853 811 4909 est.
857 4842 923 4909 Sed
953 4864 1019 4909 non
1045 4844 1167 4910 frustra
1218 4844 1350 4921 fuerint,
1379 4844 1444 4907 imo
1466 4844 1598 4925 stupidi,
1628 4863 1727 4926 quum
1758 4852 1867 4907 tamen
1890 4839 1981 4907 Deus
2002 4841 2115 4907 sedulo
2135 4841 2184 4906 in·

196 4931 282 5008 dicit,
309 4929 428 5011 Nempe
447 4931 488 4995 ite
516 4931 552 4996 in
575 4929 651 4997 Silo.
695 4931 779 4997 Nam
801 4943 832 4998 ι)
856 4931 985 4996 tametsi
1014 4937 1063 4995 est
1091 4948 1166 4994 cau·
1217 4930 1386 4996 cumberet
1408 4929 1553 5011 ipsorum
1577 4928 1683 4995 saluti.
1728 4928 1898 5011 Adiungit,
1924 4926 2085 5009 Lepontm
2106 4947 2186 5009 snm,

196 5017 273 5083 salis
295 5015 465 5099 particula,
495 5016 549 5080 hic
570 5018 702 5083 videtur
724 5017 810 5083 sumi
830 5016 1018 5099 expositive.
1052 5013 1164 5096 Quan—
1217 5021 1329 5082 etnon
1351 5014 1505 5081 ordinis:
1532 5015 1667 5080 clamari
1688 5014 1731 5080 ad
1751 5033 1815 5092 aas,
1838 5018 1865 5078 et
1886 5032 1948 5078 non
1968 5013 2184 5096 respondistis.

197 5123 293 5186 quam
316 5102 345 5169 si
367 5102 420 5167 cni
443 5103 549 5186 magis
571 5102 698 5185 placeat
720 5102 858 5186 simplex
881 5101 1071 5182 affirmatio,
1101 5122 1167 5165 non
1217 5101 1371 5168 Pluribus
1393 5100 1502 5166 serbis
1524 5099 1693 5166 invehitur
1715 5101 1749 5162 in
1772 5118 1884 5164 corum
1912 5098 2078 5178 duritiem,
2109 5100 2187 5181 quia

196 5209 353 5274 repugno,
375 5185 465 5254 Sane
487 5190 531 5254 ite
553 5189 587 5253 in
609 5187 691 5255 Silo.
736 5187 803 5256 Sed
826 5187 1002 5254 affirmatio
1020 5188 1081 5253 erit
1103 5188 1167 5251 iro·
1218 5189 1245 5253 si
1268 5186 1369 5252 semel
1391 5193 1517 5251 tantum
1536 5208 1592 5252 eos
1607 5185 1798 5264 monuisset,
1820 5193 1947 5266 poterat
1960 5184 2054 5250 obiici
2069 5185 2186 5269 aliquis

196 5276 286 5342 nica:
319 5274 389 5341 Vos
419 5275 540 5359 templo
569 5274 771 5361 gloriamini,
806 5275 928 5342 scilicet
956 5273 1002 5341 ite
1029 5274 1065 5340 in
1086 5271 1169 5356 Silo,
1218 5280 1424 5357 praetextus:
1447 5271 1504 5338 sod
1523 5293 1623 5356 quum
1638 5270 1730 5336 Deus
1745 5268 1891 5352 quotidie
1906 5290 2001 5336 mane
2022 5272 2186 5357 surgendo
