4784 5970
192 358 254 424 139
1069 354 1119 421 IN
1140 353 1306 422 ISAIAM
2131 351 2194 418 140

191 567 305 612 mensa
326 555 360 611 et
381 543 716 628 incompreheusibilis
745 545 906 629 sapientie
935 554 968 610 et
989 544 1095 610 virtus
1124 544 1160 608 in
1211 541 1424 627 designasset.
1469 542 1689 625 Quamobrem
1719 543 1853 611 Psalmo
1873 543 1916 610 46
1947 541 2040 629 (ιδ
2087 543 2189 608 οιίιιιιι

191 633 280 700 coelo
301 635 336 696 et
357 640 446 697 terra
466 632 615 713 refulget,
638 652 703 694 non
726 631 831 696 solum
854 630 1009 695 humanis
1030 629 1157 713 legibus
1212 628 1331 695 dieitur
1349 631 1464 695 civitas
1479 628 1553 707 Dei,
1576 638 1727 695 sanctum
1744 629 2037 697 tabernaculumA
2051 629 2189 694 tissimi:

191 718 387 801 obstringar,
415 716 473 782 sed
495 715 650 782 detrudar
671 715 759 780 infra
783 736 987 781 communem
1018 713 1160 781 sortem?
1211 716 1364 797 quoniam
1379 714 1472 781 Deus
1490 717 1523 780 in
1542 714 1649 781 medio
1666 715 1784 798 ipsius:
1806 725 1840 781 et
1856 715 1933 782 alibi
1949 713 2019 801 (Ps.
2034 714 2109 794 lea,
2125 714 2190 800 14),

191 801 288 885 Quod
309 802 396 868 side
414 803 576 885 aequitate
598 821 671 867 mea
690 800 877 886 ambigitur,
899 821 960 885 ego
978 803 1034 884 qui
1051 801 1162 866 omnia
1211 800 1303 866 Haec
1325 802 1455 884 requies
1477 822 1550 866 mes
1570 801 1605 866 in
1628 801 1793 867 saeculnm
1814 800 1943 867 saeculi.
1987 801 2102 886 Cyrus
2129 822 2189 867 an·

189 909 291 954 manu
314 910 388 953 mea
410 909 487 973 rego
509 899 606 971 atque
628 886 832 966 administro,
862 907 971 953 aunon
1000 885 1161 952 sollicitus
1211 898 1279 951 tem
1301 908 1366 952 non
1389 888 1553 952 exstruxit
1586 888 1672 953 hano
1704 886 1869 953 civitatem
1891 908 1992 953 menn
2014 907 2095 953 suu:
2130 887 2189 953 eed

190 996 247 1040 ero
269 974 311 1040 de
332 976 373 1040 iis
393 994 473 1055 quos
494 974 527 1037 in
547 973 702 1038 familiam
725 993 831 1038 meam
853 970 1028 1055 adoptavi?
1051 991 1161 1037 annon
1212 971 1325 1037 edictis
1354 973 1458 1037 vetuit
1486 992 1531 1040 ne
1560 973 1633 1057 quis
1663 993 1735 1037 eam
1768 973 1946 1038 instaurari
1978 971 2186 1057 prohiberet:

190 1059 356 1127 excubabo
383 1081 442 1143 pro
464 1080 577 1124 eorum
604 1057 734 1124 salute?
761 1058 865 1124 iltuit
887 1066 1162 1142 argumentuma
1211 1058 1333 1122 viatica
1353 1057 1453 1123 etiam
1475 1064 1508 1123 et
1530 1068 1681 1142 sumptus
1702 1057 1823 1141 populo
1845 1057 2078 1143 suppeditavit.
2113 1057 2188 1123 Noe

190 1147 309 1211 minori
331 1144 373 1210 ad
394 1147 508 1211 maius.
538 1146 648 1228 Atque
671 1143 724 1210 hic
746 1163 861 1209 sensus
882 1145 1063 1227 scripturae
1085 1164 1160 1209 oon·
1206 1145 1317 1225 pretio,
1350 1143 1384 1207 id
1414 1152 1479 1220 est,
1512 1145 1624 1229 gratis.
1668 1144 1743 1209 Hoc
1776 1153 1887 1209 autem
1920 1144 2092 1210 insolitum
2126 1154 2185 1210 est.

190 1248 367 1298 sentaneus
395 1239 455 1296 est
500 1229 632 1296 Scimus
665 1230 753 1295 enim
783 1250 843 1295 uos
872 1231 919 1295 ita
945 1229 1162 1312 adoptatosa
1212 1228 1297 1293 Nam
1320 1229 1349 1293 si
1370 1230 1491 1312 captivi
1519 1229 1727 1295 dimittantur
1748 1249 1768 1294 a
1789 1230 1929 1309 victore,
1959 1244 2018 1294 aut
2040 1229 2186 1314 exigitur

189 1318 269 1393 Deo,
293 1317 386 1382 utin
409 1316 545 1382 tutelam
567 1317 671 1398 ipsius
692 1316 815 1400 recepti
837 1335 937 1380 manu
958 1315 1031 1379 eius
1053 1324 1160 1397 prote·
1212 1314 1371 1395 pretium,
1409 1325 1468 1380 aut
1499 1315 1702 1382 conditiones
1734 1314 1775 1380 iis
1808 1336 1925 1398 graves
1957 1316 2185 1399 imponuntur.

189 1421 325 1487 gamm:
357 1424 418 1468 nec
447 1404 618 1485 quisquam
652 1401 756 1482 nobis,
789 1402 853 1466 nisi
886 1401 956 1465 eius
990 1402 1159 1483 permissu,
1211 1398 1304 1464 Nihil
1326 1400 1392 1465 tale
1413 1422 1433 1466 a
1453 1400 1542 1485 Cyro
1563 1402 1685 1467 factum
1708 1412 1765 1467 est.
1801 1401 1897 1467 Unde
1919 1404 2077 1485 sequitur,
2100 1401 2186 1467 hauc

188 1510 305 1554 nocere
326 1491 437 1572 possit.
481 1488 567 1553 Nam
591 1488 618 1553 si
641 1487 848 1569 passerculos
876 1487 1005 1552 iniussu
1033 1487 1103 1552 eius
1124 1486 1160 1550 in
1212 1485 1435 1552 liberationem
1470 1486 1638 1564 divinitus,
1671 1507 1736 1552 non
1770 1485 1811 1551 ab
1839 1485 1984 1553 humana
2012 1486 2185 1553 voluntate

189 1583 310 1640 terram
340 1596 408 1639 non
436 1574 540 1657 cadit,
574 1583 611 1637 ut
636 1574 682 1637 ait
704 1572 870 1652 Christus,
904 1593 947 1636 an
977 1592 1045 1645 nos,
1079 1592 1161 1655 quoe
1212 1570 1375 1636 accidisse.
1423 1570 1598 1653 (inplicitus
1626 1584 1735 1638 autem
1758 1572 1910 1638 hocloco
1931 1572 2104 1640 collective
2125 1591 2184 1657 pre

190 1660 294 1743 pluris
316 1661 476 1736 aestimat,
500 1671 622 1725 temere
644 1659 748 1723 furori
765 1658 909 1723 hostium
927 1665 959 1722 et
976 1657 1160 1722 crudelitati
1211 1657 1350 1738 captivis
1373 1658 1475 1740 accipi
1497 1657 1601 1724 debet.

189 1744 354 1828 exponet?
387 1746 504 1828 Itaque
534 1764 634 1827 quum
657 1743 749 1809 Deus
778 1763 891 1809 omnes
913 1756 1080 1809 creaturas
1102 1763 1160 1808 sua
1297 1742 1349 1808 14.
1371 1741 1441 1828 (Sic
1457 1744 1534 1809 dicit
1549 1743 1690 1894 Ieboeag
1720 1742 1885 1826 Loquitur
1902 1742 2011 1810 adhuc
2028 1743 2072 1808 de
2088 1745 2183 1809 resti·

189 1831 395 1916 providentia
421 1833 544 1906 foveat,
575 1829 743 1895 ecclesiam
773 1850 870 1912 quam
893 1830 954 1894 toti
976 1827 1046 1892 orbi
1068 1841 1158 1895 anm·
1210 1828 1337 1893 tutione
1369 1849 1452 1912 quae
1481 1830 1632 1912 auspiciis
1690 1829 1743 1914 yri
1772 1839 1883 1913 postea
1911 1831 1996 1895 lacta
2024 1838 2095 1894 est:
2129 1829 2184 1896 sed

188 1919 281 2001 ponit
308 1916 473 2001 negligere
496 1937 563 1980 non
585 1924 699 1998 potest.
745 1914 856 1997 Quare
878 1914 1025 1981 adhunc
1051 1916 1159 1998 provi·
1211 1915 1367 1979 memoria
1389 1915 1564 1979 tenendum
1586 1914 1673 1998 quod
1695 1915 1786 1997 prius
1814 1915 1972 1981 diximus:
2006 1916 2089 1982 istas
2111 1936 2184 1999 pre·

189 2003 334 2068 dentiam
366 2003 463 2068 rebus
495 2001 549 2068 vel
583 2001 853 2085 deploratissimis
886 2000 1159 2084 confugiendum:
1211 1999 1382 2065 missiones
1420 2000 1548 2082 longius
1588 2000 1811 2065 extendendas
1844 2021 1924 2066 esse.
1978 2000 2182 2068 Universum

188 2110 292 2171 neque
314 2087 390 2154 ullis
413 2087 657 2166 tentationibus,
679 2088 797 2170 quibus
820 2108 878 2152 nos
898 2087 988 2152 varie
1010 2087 1160 2151 adoritur
1210 2086 1298 2148 onim
1321 2097 1450 2168 tempus
1471 2085 1718 2168 comprehendit
1739 2084 1824 2168 quod
1847 2096 2022 2169 sequutum
2049 2097 2103 2152 est
2130 2108 2183 2153 us·

188 2174 303 2245 Satan,
324 2173 504 2240 cedendum
527 2183 585 2238 est.
1210 2191 1273 2253 que
1295 2169 1335 2236 ad
1359 2169 1484 2238 Christi
1506 2171 1694 2236 adventum.
1733 2170 1829 2251 Quod
1851 2171 1973 2254 siquis
1995 2182 2085 2238 reete
2107 2193 2184 2239 eon·

276 2260 327 2324 13.
349 2257 432 2409 SEyo
453 2257 607 2344 autaei)
644 2258 739 2323 Nunc
762 2258 968 2342 prosequitur
990 2278 1160 2342 argumen-
1211 2256 1339 2332 sideret,
1365 2267 1399 2320 et
1416 2257 1571 2321 usitatum
1590 2256 1766 2339 prophetae
1788 2277 1970 2322 sermonem
1990 2257 2184 2342 perpendat,

189 2358 261 2410 tum
283 2365 348 2428 quo
392 2345 487 2408 initio
509 2343 626 2428 capitis
648 2345 815 2427 ingressus
838 2353 916 2409 erat.
951 2344 1037 2409 Nam
1059 2364 1158 2426 quum
1211 2342 1293 2406 nihil
1325 2341 1533 2407 immodicum
1566 2343 1600 2407 in
1634 2345 1703 2408 eius
1735 2344 1845 2407 verbis
1879 2345 2035 2426 reperiet,
2078 2364 2184 2427 neque

190 2433 250 2496 hoc
271 2431 333 2495 sibi
352 2431 553 2512 proposuerit
570 2430 684 2511 Isaias,
706 2439 743 2494 ut
761 2430 969 2495 afflictionem
992 2439 1158 2512 temperet,
1211 2427 1420 2512 hyperbolice
1453 2428 1622 2510 loquutum
1656 2429 1865 2494 existimabit.
1910 2427 2040 2495 Alludit
2072 2442 2183 2495 antem

189 2537 270 2600 quae
293 2516 376 2581 dura
398 2513 570 2580 admodum
595 2524 691 2598 atque
712 2516 829 2582 acerba
851 2526 931 2592 erat,
946 2528 1056 2597 'spem
1078 2514 1158 2580 libe·
1211 2514 1370 2596 propheta
1391 2513 1432 2577 ad
1455 2524 1605 2596 sumptus
1628 2534 1710 2595 quos
1732 2512 1841 2598 Cyrus
1864 2515 2064 2580 exstruendo
2085 2523 2184 2598 atque

188 2603 325 2667 rationis
347 2601 452 2681 affert,
482 2610 514 2665 et
536 2622 668 2666 manum
691 2600 757 2666 illis
780 2601 926 2685 porrigit,
959 2612 995 2666 ut
1017 2601 1158 2666 certissi·
1212 2600 1356 2664 ornando
1375 2599 1497 2681 templo
1519 2599 1748 2682 suppeditavit.
1783 2599 1875 2664 Tunc
1896 2601 1984 2664 enim
2007 2600 2184 2684 impletum

188 2709 277 2753 mam
298 2686 556 2769 redemptionem
579 2695 784 2770 exspectent:
816 2688 961 2753 Tametsi
984 2685 1160 2752 videamini
1212 2695 1261 2749 est
1300 2684 1384 2767 quod
1425 2685 1518 2762 dicit,
1559 2685 1702 2750 laborem
1741 2686 1887 2769 Aegypti
1922 2705 1960 2751 ae
1998 2687 2182 2753 mercedem

189 2774 339 2857 periisse,
370 2773 532 2838 Dominus
562 2782 670 2838 tamen
695 2793 752 2839 voe
780 2772 821 2839 ab
843 2774 942 2838 exitio
970 2772 1159 2838 vindicabit.
1211 2770 1407 2854 Aethiopiae
1430 2770 1471 2835 ad
1493 2770 1631 2836 Iudaeos
1653 2772 1857 2852 pervenisse:
1880 2771 2032 2854 quoniam
2052 2776 2185 2858 Aegyp

190 2859 356 2939 Quorsum
385 2868 492 2924 autem
522 2859 715 2941 interposita
736 2858 837 2923 fuerit
858 2858 1040 2942 obiurgatio
1061 2880 1159 2940 quam
1211 2865 1265 2921 tus
1287 2863 1321 2922 et
1342 2855 1518 2938 Aethiopia
1538 2855 1730 2922 tributariae
1751 2864 1854 2934 erant,
1884 2864 1918 2920 et
1939 2856 2091 2923 subditae
2113 2859 2184 2941 regi

190 2942 344 3024 vidimus,
373 2964 416 3005 ex
438 2966 472 3007 re
495 2945 564 3025 ipsa
586 2944 736 3026 colligere
768 2953 954 3026 promptum
984 2954 1049 3008 est:
1083 2945 1159 3026 quia
1211 2943 1395 3007 Persarum.
1439 2943 1492 3007 Ex
1521 2942 1586 3006 illis
1617 2942 1748 3007 tributis
1775 2941 1933 3024 templum
1962 2941 2184 3028 lerosolymae

190 3030 252 3092 nisi
276 3029 310 3089 in
333 3047 404 3089 eum
427 3028 563 3109 abrupto
586 3049 735 3092 sermone
758 3027 924 3111 digressus
947 3038 1032 3094 esset
1047 3028 1158 3106 Isaiae,
1211 3029 1433 3092 instauratum
1466 3037 1524 3093 est.
1581 3026 1649 3093 Sed
1682 3027 1956 3110 quemadmodum
1988 3028 2183 3095 instauratio

190 3112 414 3194 impatientiae
443 3133 521 3176 suae
552 3114 677 3176 fervore
699 3111 814 3176 Iudaei
836 3112 877 3176 ad
900 3113 1159 3195 desperationem
1211 3113 1268 3176 illa
1291 3112 1494 3195 praeludium
1510 3113 1736 3178 tantummodo
1752 3114 1814 3178 fuit
1828 3115 1898 3179 eius
1913 3133 1996 3196 quae
2013 3135 2033 3179 a
2049 3114 2184 3182 christo

191 3198 277 3279 rapti
299 3208 419 3260 essent.
465 3198 507 3260 In
528 3197 662 3275 iustitia,
691 3196 885 3262 tantundem
907 3197 995 3263 valet
1017 3219 1054 3263 ac
1076 3199 1159 3263 iuste
1211 3197 1298 3263 facta
1319 3207 1384 3264 est:
1405 3198 1451 3262 ita
1472 3198 1570 3263 etiam
1593 3199 1783 3282 obsequium
1805 3208 1993 3264 exterarum
2011 3200 2183 3267 nationum

192 3293 225 3346 et
258 3280 434 3362 veraciter,
474 3291 506 3345 et
539 3282 673 3346 relative
706 3282 882 3364 accipiunt,
921 3284 996 3365 quia
1028 3302 1159 3348 causam
1211 3302 1295 3365 quae
1323 3282 1443 3368 populo
1472 3283 1537 3349 Dei
1569 3284 1768 3363 servierunt,
1801 3285 1932 3350 initium
1961 3294 2093 3351 tantum
2122 3284 2185 3352 lui:

192 3368 338 3450 assignat
358 3386 416 3431 cur
434 3366 557 3451 Cyrum
580 3367 724 3431 excitare
745 3368 898 3433 statuerit
914 3368 1018 3434 Deus:
1042 3390 1159 3451 nempe
1211 3369 1282 3434 eius
1300 3368 1444 3452 obsequii
1461 3369 1546 3452 quod
1564 3370 1674 3434 variae
1693 3372 1850 3449 nationes,
1872 3378 2043 3454 postquam
2062 3371 2185 3438 mundo

191 3456 269 3536 quie
290 3452 396 3517 fidelis
418 3458 469 3516 est
490 3452 644 3518 ecclesiae
673 3471 751 3517 suae
779 3459 903 3527 custos,
937 3475 998 3520 nec
1019 3453 1159 3521 cultores
1210 3456 1390 3537 patefactus
1410 3462 1460 3518 est
1483 3455 1643 3532 Christus,
1677 3455 1830 3522 ecclesiae
1851 3455 1917 3521 Dei
1938 3458 2183 3538 praestiterunt.

192 3560 268 3604 suos
290 3538 475 3603 frustratur.
520 3537 588 3602 Alii
611 3546 792 3620 exponunt,
822 3539 1012 3617 iniustitia,
1042 3540 1075 3604 id
1098 3550 1158 3619 est,
1212 3540 1395 3618 antsrum,
1418 3539 1478 3605 sub
1500 3542 1632 3607 nomine
1655 3544 1814 3626 Aegypti,
1842 3542 2038 3625 Aethiopiae
2068 3553 2103 3609 et
2126 3542 2184 3610 Sa·

191 3634 228 3688 ut
258 3621 371 3705 puniat
395 3621 592 3688 Chaldaeos:
628 3623 699 3699 alii,
735 3633 773 3689 ιιι
800 3625 906 3691 iustus
937 3634 1068 3710 regnet:
1102 3627 1158 3693 sed
1212 3625 1374 3706 besorum,
1396 3627 1451 3709 qui
1473 3647 1511 3691 eo
1534 3636 1678 3708 tempore
1700 3628 1891 3707 floruerunt,
1919 3628 2062 3711 reliquas
2084 3631 2184 3695 etiam

191 3708 350 3791 propheta
372 3708 454 3771 nihil
477 3708 541 3772 tale
563 3707 677 3774 voluit.
719 3707 856 3793 Saepius
877 3731 956 3776 vero
978 3712 1102 3777 iustitia
1124 3713 1158 3777 in
1211 3713 1357 3777 nationes
1379 3712 1644 3794 comprehendit,
1674 3711 1808 3794 perinde
1830 3732 1868 3777 ac
1889 3714 1919 3778 si
1940 3713 2081 3782 diceret:
2115 3715 2186 3779 Vos

192 3791 363 3876 scripturis
394 3813 452 3874 pro
483 3792 547 3859 fide
576 3793 745 3876 accipitur:
778 3795 863 3878 quod
892 3796 1054 3862 Dominus
1086 3819 1159 3881 pro·
1211 3818 1300 3862 nunc
1322 3797 1497 3877 tyrannide
1520 3798 1702 3862 alienarum
1726 3799 1895 3863 nationum
1918 3801 2067 3883 oppressi
2088 3802 2184 3866 estis:

191 3880 291 3944 missa
321 3878 516 3959 praestando
545 3892 577 3943 et
600 3878 718 3944 tuendo
751 3902 863 3947 servos
896 3903 972 3948 suos
1000 3883 1158 3948 iustitiam
1211 3883 1266 3948 sed
1290 3882 1465 3965 aliquando
1485 3883 1609 3949 accidet
1623 3892 1752 3964 tempus
1769 3903 1832 3966 quo
1849 3885 1941 3951 vobis
1958 3883 2185 3951 subiicientur.

192 3984 286 4030 suam
321 3962 471 4027 declaret.
526 3962 567 4027 Iu
600 3984 637 4027 eo
673 3965 759 4029 enim
818 3967 999 4034 ctissimum
1036 3968 1160 4035 relucet
1210 3970 1284 4035 Hoc
1306 3970 1417 4034 statim
1439 3968 1651 4051 adimpletum
1675 3990 1739 4033 non
1763 3978 1830 4033 est:
1863 3969 1920 4035 sed
1949 3981 2028 4037 tuuc
2050 3969 2183 4037 demum

192 4048 318 4115 iustitia
339 4046 418 4124 Dei,
451 4049 537 4131 quod
565 4069 642 4114 suos
672 3988 831 4116 servando
863 4074 1009 4117 summae
1034 4061 1067 4119 et
1088 4075 1160 4136 per·
1211 4075 1311 4137 quum
1344 4055 1522 4120 adveniens
1555 4054 1707 4119 (lhristus
1739 4055 1868 4138 subegit
1900 4054 1962 4121 sibi
1995 4056 2119 4123 terrm
2152 4067 2186 4123 et

193 4136 295 4202 lectae
316 4133 520 4200 rectitudinis
542 4134 703 4217 specimen
727 4133 810 4201 edet.
842 4136 927 4202 Nam
950 4139 1011 4205 etsi
1032 4140 1159 4204 nullum
1211 4141 1301 4223 prius
1323 4138 1495 4205 indomitas
1517 4140 1651 4216 animas,
1674 4148 1712 4204 ιιι
1732 4141 1974 4206 mansuefactae
1991 4141 2107 4227 iugum
2125 4144 2184 4208 im·

193 4222 237 4286 eit
259 4217 322 4283 Dei
344 4240 425 4301 opus
447 4221 500 4283 cui
527 4240 592 4284 non
626 4219 789 4302 insculpta
821 4222 864 4286 sit
896 4223 1039 4289 iustitiae
1071 4236 1159 4302 nota,
1211 4227 1352 4308 positum
1374 4226 1586 4306 susciperent.
1631 4224 1711 4289 Ideo
1733 4245 1811 4290 vero
1832 4224 1997 4293 Dominus
2026 4247 2069 4311 po
2093 4228 2184 4295 ulum

193 4306 297 4371 multo
330 4304 491 4386 insignius
520 4312 630 4368 tamen
654 4324 691 4370 ae
712 4302 906 4370 luculentius
937 4309 1160 4374 testimonium
1212 4330 1307 4375 suum
1340 4309 1478 4374 redemit
1509 4309 1737 4394 eBabylcne,
1770 4320 1807 4375 ut
1839 4311 1980 4394 aliquam
2014 4250 2186 4380 coedesiam

193 4391 312 4457 visitur
333 4391 366 4453 in
389 4389 542 4454 ecelesiae
564 4389 677 4454 salute.
722 4387 893 4474 Significat
913 4392 1016 4475 igitur
1037 4414 1072 4458 se
1093 4395 1160 4479 Uy·
1212 4406 1420 4460 conservaret
1441 4415 1546 4478 usque
1568 4397 1601 4459 in
1632 4396 1811 4461 adveutum
1835 4395 1976 4478 Christi,
2006 4399 2102 4465 cuius
2122 4399 2186 4464 im·

193 4498 266 4542 rum
296 4475 463 4552 excitasse,
497 4483 533 4538 ut
562 4475 595 4538 in
624 4496 660 4538 eo
687 4474 846 4539 iustitiam
880 4496 973 4541 suam
1002 4477 1159 4544 declaret:
1213 4481 1303 4563 perio
1342 4479 1454 4563 populi
1497 4501 1609 4545 omnes
1645 4481 1860 4546 subiiciendi·
1880 4493 1984 4548 amnt.
2039 4485 2186 4570 Ideoque

194 4583 289 4648 quem
313 4558 430 4643 populo
451 4558 636 4624 reducendo
659 4559 774 4624 ducem
796 4571 895 4643 atque
918 4569 1062 4627 autorem
1086 4584 1160 4629 eon-
1213 4566 1295 4630 nihil
1318 4567 1436 4629 mirum
1458 4565 1487 4629 si
1508 4565 1548 4631 dc
1569 4566 1676 4631 reditu
1699 4567 1812 4651 populi
1835 4566 1936 4633 verba
1963 4570 2089 4637 faciem
2108 4591 2185 4654 pro·

193 4649 310 4716 stituit.
1214 4651 1313 4734 pheta
1335 4650 1376 4714 ad
1397 4652 1496 4714 finem
1527 4659 1560 4715 et
1588 4652 1758 4718 consilium
1782 4652 1846 4717 Dei
1875 4654 1973 4719 simul
2002 4656 2185 4722 orationem

279 4730 410 4817 (Urbem
432 4730 554 4809 meam.)
599 4728 830 4812 ierosolymam
861 4729 1029 4814 intelligit,
1064 4753 1161 4815 quam
1213 4756 1305 4801 suam
1318 4734 1446 4817 dirigat,
1466 4737 1624 4819 faciatque
1635 4738 1767 4804 unicam
1784 4736 2053 4822 redemptionem.
2088 4741 2186 4825 Quod

195 4840 288 4885 suam
310 4825 425 4892 vocat,
458 4814 608 4897 quodibi
631 4814 820 4878 memoriam
856 4816 995 4881 nominis
1018 4817 1070 4881 sui
1090 4820 1161 4884 fieri
1214 4830 1323 4884 autem
1346 4820 1511 4885 Israelitas
1532 4823 1677 4904 gentium
1694 4825 1839 4889 omnium
1856 4825 1934 4891 dicit
1949 4824 2017 4891 sore
2032 4827 2185 4905 victores,

194 4905 360 4982 voluisset,
381 4911 478 4984 atque
496 4899 557 4965 sibi
576 4899 781 4982 peculiariter
799 4908 1033 4965 consecrasset:
1055 4923 1162 4985 quem·
1214 4926 1255 4970 ex
1289 4917 1402 4969 mutua
1431 4908 1544 4987 cepitis
1573 4920 1606 4972 et
1639 4910 1857 4975 membrorum
1891 4914 2186 4980 communicatione

195 4989 370 5055 admodum
400 4989 498 5051 otiam
527 4985 619 5050 Deus
652 4984 721 5066 ipse
751 4996 937 5048 monuerat:
969 4986 1162 5070 Ubicunque
1215 4990 1343 5073 pendet.
1376 4990 1463 5071 Quia
1485 4995 1571 5056 enim
1595 4995 1784 5077 unigenitus
1807 4992 1871 5060 Dei
1893 4997 1981 5063 filius
2002 5000 2051 5064 sic
2072 4999 2187 5065 fideles

194 5074 386 5140 memoriam
414 5072 520 5138 fecero
549 5069 691 5135 nominis
720 5069 797 5143 mei,
829 5069 957 5167 veniam
986 5071 1027 5135 ad
1056 5081 1097 5150 te,
1131 5086 1164 5137 et
1214 5096 1290 5140 suos
1323 5076 1382 5141 sibi
1412 5078 1566 5151 associat,
1600 5087 1637 5141 ιιι
1670 5079 1767 5144 simul
1802 5101 1903 5145 unum
1935 5084 2021 5150 sint:
2055 5086 2186 5168 saepius

195 5158 383 5227 benedicam
407 5157 475 5223 tibi.
518 5155 619 5222 Nolle
640 5162 748 5254 autem
771 5160 842 5252 eret
865 5152 929 5218 alra
950 5156 1036 5254 urbs,
1065 5177 1162 5239 quam
1215 5160 1299 5241 quod
1327 5162 1415 5227 illius
1444 5164 1608 5245 proprium
1638 5173 1688 5228 est
1717 5165 1757 5228 ad
1786 5167 1970 5248 eeclesiam,
2002 5190 2087 5253 quae
2115 5173 2187 5236 eius

195 5245 238 5314 ad
258 5243 415 5311 sacrificia
436 5252 469 5309 et
490 5251 575 5321 vota,
609 5242 651 5308 ad
673 5246 911 5305 invocationem
946 5243 1086 5306 nominis
1114 5245 1162 5308 sui
1216 5264 1333 5327 corpus
1363 5257 1412 5313 est
1446 5269 1484 5313 ac
1516 5248 1807 5334 complementum,
1848 5255 2056 5323 transfertur.
2111 5256 2187 5323 Hoc
