4784 5970
188 339 249 403 691
995 337 1384 408 PRAELacmoNlts
2148 332 2196 397 ⁶92

190 527 283 592 Deus
317 527 385 609 ipae
415 527 612 602 instituerat,
647 536 774 593 utnon
804 537 995 611 agnosceret
1028 527 1089 592 hoc
1111 527 1165 593 vel
1217 526 1297 594 litur
1325 527 1430 593 omnis
1459 526 1663 611 ambiguitas.
1712 525 1860 611 Opponit
1893 524 1993 591 euim
2027 521 2126 588 Deus
2154 521 2196 587 ob

191 613 272 678 illud
296 634 315 678 a
337 634 373 678 se
395 635 465 678 esse
489 623 708 696 praeceptum.
744 612 788 677 Et
810 612 840 678 si
860 611 961 678 verba
984 612 1065 677 haec
1086 614 1166 679 acci·
1217 613 1393 679 ediantiam
1431 613 1614 680 sacrificiis:
1655 613 1746 696 atqui
1784 611 1952 679 sacrificia
1996 617 2104 674 erant
2137 627 2199 691 pars

192 701 299 781 pimus
328 709 366 762 ut
395 709 522 775 sonant,
557 701 691 764 omnino
713 694 803 763 vera‘
820 707 909 778 sunt,
942 699 1052 763 Deum
1082 698 1164 764 nihil
1217 700 1430 766 obedientiae.
1470 698 1684 764 Varumeat:
1708 696 1945 782 sedquoniam
1972 714 2122 761 necesse
2141 710 2200 759 urst

191 784 364 849 mandasse
388 785 428 849 de
451 785 618 850 sacrificiis
640 806 699 869 per
720 805 765 850 ac.
802 783 894 850 Haec
917 783 1082 850 distinctio
1104 785 1166 851 sol·
1217 786 1374 869 populum
1404 786 1519 851 subiici
1548 784 1613 868 legi
1639 786 1673 849 in
1697 791 1811 864 totum,
1844 783 1925 850 binc
1947 781 2116 865 sequitur
2145 778 2199 844 dis

191 872 239 934 vit
261 890 391 934 omnem
414 870 616 952 scrupulum,
638 890 754 953 nempe
776 870 862 952 quod
885 870 977 935 Deus
999 890 1165 953 nunquam
1218 880 1365 954 carptum
1388 870 1429 937 ab
1451 870 1516 935 illie
1538 871 1638 935 fuisso
1660 868 1724 935 Dei
1752 869 1893 949 cultum,
1927 887 2046 952 quum
2082 864 2201 931 nullum

191 955 372 1021 oblectatus
403 956 504 1021 luerit
531 957 708 1039 sacrificiis,
743 954 827 1038 qnod
857 955 999 1021 noluerit
1028 964 1165 1022 externo
1218 966 1305 1022 esset
1326 955 1471 1022 studium
1494 977 1589 1021 verae
1618 956 1759 1040 pietatis.
1804 954 1902 1021 Nunc
1930 963 2036 1019 certo
2060 960 2201 1017 tenemm

191 1042 257 1106 ritu
281 1041 353 1120 coli,
377 1042 459 1125 quod
485 1041 608 1106 nullius
630 1042 726 1125 pretii
748 1042 868 1107 luerint
890 1043 942 1105 vel
965 1041 1164 1122 holocausta,
1216 1041 1396 1127 prophetae
1417 1054 1571 1120 mentem,
1594 1040 1710 1106 deinde
1727 1042 1825 1106 etiam
1843 1050 2019 1116 tenemus,
2044 1035 2202 1104 curDcns

193 1127 244 1192 vel
273 1127 434 1204 victimae,
467 1128 519 1192 vel
549 1128 689 1208 suffitus,
720 1136 753 1192 et
782 1127 846 1191 alia
878 1127 988 1193 omnia
1020 1127 1165 1193 eiusdem
1218 1140 1284 1193 tam
1313 1129 1456 1211 praecise
1485 1127 1610 1193 reiiciat
1639 1127 1807 1194 sacrificia.
1852 1123 1952 1207 Quod
1988 1124 2090 1190 enim
2116 1122 2201 1188 Dem

192 1214 331 1296 generis,
355 1234 412 1296 per
435 1235 479 1278 ss.
524 1214 614 1296 Ergo
646 1233 749 1296 quum
782 1212 940 1278 sacrificia
969 1234 1035 1279 non
1056 1214 1164 1296 place·
1217 1214 1395 1291 coniunxit,
1424 1235 1489 1279 non
1511 1222 1562 1280 eat
1584 1234 1683 1296 penes
1713 1213 1860 1277 homiues
1888 1231 2073 1294 separare.
2117 1208 2201 1273 Hace

192 1309 266 1364 rent
295 1299 358 1363 nisi
391 1310 525 1382 propter
555 1301 656 1364 alium
687 1301 796 1375 finem,
831 1298 892 1363 boo
920 1300 1021 1364 fixum
1045 1310 1165 1377 manet,
1217 1306 1267 1364 est
1287 1300 1388 1382 impia
1405 1299 1567 1366 laceratio.
1601 1299 1701 1381 Atqui
1716 1298 1829 1363 Iudaei
1849 1297 2091 1363 distraxerant
2112 1295 2201 1360 sacri·

192 1383 301 1448 Deum
325 1384 409 1448 nihil
433 1385 471 1448 de
495 1385 662 1451 sacrificiis
684 1384 865 1450 mandasse.
911 1385 1054 1450 Tantum
1079 1387 1164 1450 enim
1217 1386 1331 1451 ficia'a
1353 1404 1413 1450 suo
1435 1395 1523 1451 recto
1552 1393 1584 1449 et
1606 1384 1752 1468 legitimo
1780 1385 1861 1449 fine:
1890 1403 1975 1466 ergo
2009 1382 2079 1447 fuit
2107 1382 2200 1447 sacri·

193 1469 298 1535 voluit
318 1470 456 1535 Iudaeos
480 1472 754 1536 commonefacere
776 1468 817 1535 de
834 1490 892 1535 suo
914 1480 1025 1536 reatu:
1049 1471 1165 1536 deinde
1218 1472 1339 1555 legium
1362 1480 1396 1536 et
1418 1470 1610 1555 profanatio,
1640 1467 1797 1554 quidquid
1827 1469 2016 1534 tentabant.
2066 1466 2144 1533 Iam
2168 1477 2201 1531 ut

195 1556 298 1620 voluit
320 1555 384 1620 illis
407 1557 539 1621 modum
563 1557 835 1622 reconciliationis
857 1556 1037 1622 ostendere.
1069 1557 1166 1623 Vide
1217 1557 1334 1622 melius
1367 1557 1575 1640 proficiamus
1596 1556 1632 1619 in
1655 1555 1716 1621 hac
1739 1554 1894 1632 doctrina,
1930 1552 2126 1619 tenendum
2155 1560 2199 1616 est

194 1663 267 1706 mua
301 1662 378 1725 ergo
411 1651 449 1706 ut
479 1643 569 1707 Deus
603 1644 643 1707 ab
669 1643 764 1707 initio
797 1662 862 1707 non
891 1643 1038 1724 exegerit
1070 1645 1166 1708 sacri·
1218 1643 1424 1726 principium,
1458 1662 1576 1725 nempe
1604 1642 1760 1726 pietatem
1790 1638 1959 1705 fundatam
1988 1659 2070 1704 esse
2091 1639 2129 1703 in
2149 1638 2197 1702 ob

193 1727 275 1803 ficia,
309 1728 462 1809 quoniam
493 1729 603 1810 exegit
624 1729 661 1791 in
683 1727 782 1793 alium
805 1728 920 1793 finem:
955 1729 1165 1810 quomadmo·
1219 1726 1369 1794 odientia.
1415 1728 1486 1794 Nisi
1515 1728 1603 1792 anim
1632 1725 1819 1810 praeluceat
1848 1725 1943 1791 nobis
1972 1723 2078 1789 Dens
2103 1723 2197 1789 verbo

194 1811 272 1876 dum
295 1814 323 1878 ai
345 1812 442 1877 hodie
464 1812 609 1878 dicamne
633 1813 742 1878 Deum
772 1811 855 1877 nihil
878 1813 999 1878 morari
1027 1813 1165 1880 ieiunia:
1218 1834 1289 1891 suo,
1311 1814 1401 1878 nulla
1423 1827 1472 1879 est
1495 1814 1607 1896 pietas,
1637 1811 1694 1878 scd
1716 1833 1806 1877 mera
1829 1811 2003 1876 simulatio
2029 1820 2066 1875 et
2086 1807 2196 1893 super

194 1909 303 1962 tamen
333 1898 455 1965 ecimus
488 1900 610 1964 ieiunia
640 1899 734 1964 nobis
766 1899 994 1964 commendari.
1038 1900 1165 1965 Verum
1218 1900 1305 1965 stitio
1343 1898 1520 1964 duntaxat:
1558 1897 1828 1983 quemadmodum
1864 1896 1999 1980 profani
2040 1895 2197 1975 homines,

192 1994 257 2048 est:
284 1983 429 2048 sednon
453 1995 653 2069 propterea.
698 1984 797 2050 Nunc
819 1994 967 2051 tenemus
990 1984 1166 2068 prophetae
1219 1985 1347 2050 etiamsi
1376 1984 1515 2050 multum
1546 1995 1579 2049 at
1607 1984 1704 2049 anxie
1732 1990 1893 2067 satagant,
1928 1982 2057 2046 ludunt
2091 1993 2196 2047 tamen

193 2068 374 2134 consilium.
420 2070 486 2136 Hic
516 2083 624 2136 autem
656 2069 746 2136 locus
779 2071 925 2137 continet
956 2071 1166 2138 utilissimam
1219 2090 1368 2153 operam,
1401 2080 1435 2136 et
1467 2091 1502 2136 se
1535 2070 1696 2136 inutiliter
1728 2069 1877 2152 fatigant,
1910 2068 2075 2150 quoniam
2110 2066 2196 2132 Deus

194 2154 384 2235 doctrinam,
413 2169 446 2220 et
469 2177 550 2237 quae
572 2176 610 2221 eo
633 2157 739 2240 magis
760 2157 964 2222 observanda
991 2158 1085 2223 nobis
1106 2165 1166 2240 est,
1220 2157 1306 2221 viam
1328 2156 1394 2222 illis
1416 2176 1481 2221 non
1504 2166 1673 2221 monstrat.
1706 2153 1856 2237 Denique
1877 2153 1940 2219 hac
1961 2162 2049 2218 nota
2071 2173 2196 2237 sempe

193 2241 347 2322 quoniam
371 2241 441 2306 eius
463 2250 670 2324 contemptus
703 2241 839 2307 obduxit
871 2240 1043 2308 horribiles
1076 2248 1166 2308 tene·
1220 2242 1358 2307 discerni
1388 2251 1498 2324 potest
1519 2262 1597 2306 vera
1624 2241 1739 2324 religio
1769 2262 1789 2305 a
1818 2237 2132 2321 superstitionibus,
2163 2237 2195 2304 si

193 2325 285 2391 bras:
316 2327 393 2407 quia
415 2328 448 2391 in
473 2338 593 2409 papatu
620 2327 811 2391 existimant
832 2326 942 2392 Deum
972 2327 1035 2392 rite
1056 2337 1089 2392 et
1110 2349 1166 2411 op·
1220 2329 1341 2393 veritas
1363 2326 1428 2391 Dei
1457 2347 1517 2393 nos
1547 2326 1717 2412 gubernat,
1751 2324 1818 2390 illio
1847 2324 1948 2407 proba
1977 2333 2034 2390 est
2065 2324 2195 2409 religio:

195 2413 273 2475 time
295 2412 369 2490 coli,
403 2411 480 2476 dum
503 2413 711 2477 accumulant·
739 2412 860 2477 multas
890 2414 1166 2479 caeremoniarum
1220 2412 1304 2496 quod
1338 2413 1366 2478 si
1398 2424 1553 2495 sequatur
1585 2412 1720 2495 quisque
1753 2411 1918 2493 proprium
1951 2429 2115 2490 sensnm,
2149 2410 2194 2475 rel

193 2516 339 2581 pompas,
371 2518 431 2563 nec
453 2507 559 2580 potest
581 2498 645 2563 illis
668 2497 856 2582 persuaderi
886 2498 947 2564 hoo
969 2502 1075 2564 totum
1097 2520 1167 2565 asse
1219 2500 1306 2564 inter
1328 2519 1363 2564 se
1384 2498 1574 2580 conspirent
1599 2496 1757 2572 homines,
1787 2500 1821 2560 et
1840 2494 1997 2578 opinione
2021 2496 2193 2571 ducantur,

194 2582 359 2647 frivolum.
394 2582 527 2664 Quare?
551 2584 660 2649 Deum
679 2584 764 2649 enim
784 2583 960 2650 aestimant
977 2606 1018 2649 ex
1037 2587 1167 2668 proprio
1219 2584 1356 2667 quisque
1384 2582 1446 2650 sibi
1476 2586 1578 2667 finget
1608 2582 1890 2665 superstitionem:
1922 2579 1982 2645 sed
2015 2581 2104 2646 nibil
2127 2581 2194 2648 Deo

194 2668 336 2752 ingenio,
367 2674 531 2734 ettamen
554 2669 1168 2753 omnescaeremoniaepapaleesunt
1218 2668 1369 2754 placebit.
1412 2669 1485 2736 Hoc
1512 2679 1562 2735 est
1591 2688 1706 2734 unum.
1750 2666 1847 2732 Nunc
1875 2665 2023 2733 secundo
2054 2667 2129 2733 loeo
2149 2668 2193 2732 ri·

194 2756 450 2820 commentitiae:
475 2755 602 2820 nullum
626 2757 713 2821 enim
736 2754 858 2821 babent
881 2756 1103 2822 testimonium
1125 2778 1166 2822 ex
1219 2755 1362 2821 dendum
1395 2764 1446 2820 est
1474 2755 1551 2838 quid
1573 2754 1666 2819 Deus
1698 2754 1839 2818 maxime
1867 2771 1887 2816 a
1912 2752 1981 2818 auis
2012 2752 2194 2818 cultoribus

193 2838 266 2922 lege
289 2846 349 2905 aut
378 2842 558 2926 evangelio.
604 2842 648 2906 Et
670 2861 771 2924 quum
793 2840 884 2907 Deus
912 2843 958 2908 ita
980 2842 1094 2909 acerbe
1115 2843 1166 2908 in·
1218 2841 1375 2923 requirat.
1404 2841 1581 2923 Postquam
1598 2840 1659 2905 hoo
1673 2839 1867 2923 principium
1887 2836 1982 2903 nobie
2002 2858 2193 2921 persuasum

195 2936 307 2991 vectus
329 2927 428 2992 fuerit
446 2928 481 2990 in
499 2929 727 3004 caeremonias,
751 2926 926 3010 dequibus
946 2936 1057 2993 tamen
1076 2948 1168 3013 prae·
1218 2938 1278 3007 ast,
1301 2946 1367 2991 non
1389 2947 1483 3011 possa
1501 2924 1609 2991 Deum
1631 2945 1708 2990 vere
1729 2922 1801 3001 ooli,
1823 2923 1889 2989 nisi
1909 2921 2109 2990 obediamus
2127 2925 2192 2989 voci

194 3022 326 3092 ceperat
349 3022 480 3094 propter
503 3013 603 3076 alium
626 3014 735 3089 finem,
760 3012 838 3096 quid
861 3013 956 3078 hodie
977 3015 1035 3080 fiet
1057 3014 1167 3080 stultis
1219 3015 1297 3089 eius,
1321 3011 1595 3078 considerandum
1618 3019 1677 3088 eet,
1706 3007 1978 3093 quemadmodum
2004 3006 2087 3088 dixi,
2117 3008 2191 3093 quid

194 3094 364 3160 hominum
393 3098 595 3176 commentis,
626 3097 679 3162 ubi
702 3098 816 3163 eadem
839 3100 945 3163 estin
966 3099 1086 3182 populo
1107 3102 1168 3165 im·
1219 3098 1313 3164 Deus
1335 3098 1428 3164 nobis
1451 3118 1530 3164 voce
1551 3118 1611 3163 sua
1633 3096 1818 3179 praecipiat.
1864 3092 1970 3159 Sicuti
2000 3104 2117 3160 autem
2147 3112 2192 3160 eat

195 3182 309 3263 pietas,
333 3203 415 3263 quae
438 3191 515 3246 tunc
535 3183 597 3245 fuit
615 3183 650 3245 in
668 3182 821 3248 Iudaeis?
844 3183 928 3248 Nam
947 3185 1004 3250 ubi
1022 3186 1168 3269 papistae
1220 3185 1364 3266 spiritus,
1386 3184 1433 3248 ita
1456 3183 1592 3266 requirit
1614 3183 1776 3248 sincerum
1798 3178 1904 3245 cordis
1925 3179 2094 3246 affeetum.
2128 3178 2190 3244 Da-

197 3264 340 3331 defuncti
368 3278 448 3331 sunt
475 3267 543 3331 suis
573 3268 680 3350 nugis,
711 3267 767 3333 ubi
793 3270 946 3333 monachi
975 3277 1008 3334 et
1029 3271 1167 3336 sacrifici
1220 3268 1296 3334 inde
1328 3269 1448 3334 scimus
1480 3269 1589 3332 Deum
1623 3269 1669 3333 ita
1703 3266 1743 3331 ad
1776 3287 1835 3331 nos
1867 3264 2008 3348 pmdire,
2044 3276 2080 3331 ut
2116 3264 2191 3332 velit

196 3353 265 3418 suis
292 3352 489 3418 clamoribus
519 3352 690 3434 replerunt
718 3354 850 3437 templa,
881 3354 935 3419 ubi
958 3375 993 3421 se
1016 3374 1168 3422 exercue·
1221 3353 1373 3420 fiduciam
1402 3360 1546 3418 nostram
1569 3355 1603 3417 in
1627 3353 1771 3436 gratuita
1798 3372 1858 3418 sua
1884 3349 2033 3417 bonitate
2063 3371 2191 3434 prorsus

196 3450 275 3502 runt
296 3440 332 3503 in
356 3439 421 3503 illis
443 3438 624 3520 puerilibus
653 3439 800 3522 ineptiis:
830 3439 946 3506 deinde
977 3439 1032 3505 ubi
1054 3461 1090 3508 se
1112 3442 1168 3507 ob·
1220 3440 1331 3520 locari,
1365 3450 1401 3503 ut
1429 3439 1509 3505 velit
1541 3459 1602 3504 nos
1633 3447 1716 3504 totos
1748 3436 1889 3520 pendere
1916 3456 1935 3501 a
1964 3447 2109 3518 paterna
2136 3457 2191 3503 sua

196 3525 361 3590 lactarunt
394 3544 452 3589 sua
475 3524 601 3589 musica
623 3531 656 3588 et
678 3527 799 3604 suffitu,
831 3535 949 3608 putant
970 3525 1043 3592 Deo
1075 3528 1169 3593 eatis·
1221 3524 1401 3605 clementia,
1430 3524 1509 3591 velit
1537 3546 1557 3590 a
1582 3524 1674 3590 nobis
1700 3523 1854 3604 invocari,
1887 3521 1968 3586 velit
2001 3522 2106 3588 etium
2132 3520 2190 3588 sibi

196 3612 318 3677 factum
349 3631 429 3688 esee,
463 3609 613 3692 quamvis
647 3617 715 3675 tota
744 3630 857 3676 eornm
880 3613 950 3677 vita
978 3614 1098 3677 referta
1127 3615 1169 3679 ait
1221 3612 1332 3676 offerri
1353 3613 1547 3678 sacrificium
1570 3609 1684 3676 laudis.
1718 3608 1881 3690 Quoniam
1904 3627 1983 3691 ergo
2001 3605 2100 3674 Deus
2116 3607 2191 3674 msc

196 3697 310 3761 multis
341 3695 506 3779 spurcitiis
536 3701 570 3758 et
592 3694 810 3761 foeditatibus.
855 3694 1092 3764 Obdurnernnt
1120 3709 1168 3764 ta·
1220 3699 1330 3762 omnia
1352 3697 1471 3762 diserte
1493 3696 1593 3762 verbo
1614 3714 1674 3761 suo
1697 3694 1860 3777 exprimit,
1890 3693 1957 3758 iam
1979 3703 2112 3759 certum
2137 3711 2192 3773 est,

196 3804 271 3848 men
306 3780 348 3846 ad
379 3780 463 3846 hano
497 3801 683 3864 perversam
716 3781 960 3860 confidentiam,
994 3804 1058 3866 qua
1091 3794 1169 3851 tunc
1220 3784 1337 3848 merito
1371 3792 1526 3866 tanquam
1551 3784 1683 3847 vitiosos
1710 3779 1799 3846 reiici
1831 3799 1943 3843 omnes
1972 3779 2057 3845 alios
2078 3778 2192 3855 cultus,

195 3869 347 3933 inebriati
381 3868 514 3932 fuerunt
539 3865 662 3931 Iudaei.
706 3868 797 3950 Ergo
825 3888 863 3933 eo
893 3867 1081 3953 diligentius
1111 3893 1168 3934 no·
1221 3869 1275 3935 nbi
1305 3867 1430 3934 scilicet
1458 3868 1548 3933 abest
1577 3867 1667 3946 fides,
1701 3866 1756 3932 nbi
1786 3865 1877 3930 abeat
1904 3865 2080 3945 invocatio,
2114 3885 2193 3948 quae

197 3953 297 4019 tanda
319 3959 369 4017 est
392 3952 486 4017 nobie
516 3950 597 4016 haec
627 3951 781 4032 doctrina,
816 3953 900 4036 quod
933 3953 1056 4020 scilicet
1078 3953 1169 4022 Deus
1221 3956 1398 4037 primatum
1432 3962 1547 4020 tenent
1573 3954 1609 4017 in
1633 3972 1710 4018 vero
1739 3960 1773 4016 et
1800 3949 1946 4033 legitimo
1980 3950 2085 4016 cultu.
2131 3950 2193 4016 Hic

197 4038 401 4123 spiritualem
425 4038 550 4103 cultum
572 4039 620 4102 ita
641 4037 763 4120 probet,
786 4050 822 4103 ut
840 4037 964 4121 reliqua
981 4039 1092 4104 omnia
1110 4061 1169 4125 pro
1221 4060 1308 4105 unus
1330 4040 1419 4104 locus
1441 4044 1550 4122 posset
1577 4039 1728 4103 dirimere
1750 4033 1908 4118 quidquid
1931 4046 1983 4101 est
2003 4035 2105 4101 hodie
2127 4058 2193 4103 cer·

196 4125 300 4190 nihilo
323 4123 430 4200 ducat,
454 4143 572 4206 nempe
596 4123 650 4188 ubi
673 4133 868 4207 separantur
885 4125 1024 4191 acordis
1041 4126 1168 4193 affectu.
1222 4126 1383 4191 taminum
1411 4125 1444 4188 in
1468 4124 1598 4190 mundo.
1643 4122 1729 4187 Nam
1751 4123 1780 4187 ai
1802 4121 1862 4186 hoc
1892 4119 2111 4187 admitterent
2139 4143 2193 4205 pa·

198 4212 272 4277 Noa
295 4211 443 4292 praecepi
471 4228 543 4290 erpo
570 4208 717 4290 putribus
743 4211 863 4289 sabb,
895 4228 992 4292 neque
1019 4212 1170 4278 madoci
1221 4213 1335 4294 pistae,
1366 4209 1438 4274 Deo
1466 4209 1571 4291 pluria
1600 4230 1671 4274 esse
1699 4206 1914 4273 obedientiam
1949 4226 2050 4289 quam
2084 4208 2195 4273 omum

197 4319 256 4382 qao
285 4296 336 4360 die
366 4295 462 4360 educi
490 4296 559 4360 idos
585 4300 708 4360 eterra
730 4295 877 4380 Aegypti.
921 4296 1068 4363 Revocat
1095 4318 1170 4380 pro·
1222 4296 1390 4375 sacrificia,
1419 4295 1513 4360 facilc
1541 4295 1710 4360 internos
1733 4292 1929 4359 conveniret.
1975 4291 2122 4359 Possant
2142 4293 2195 4359 de-

197 4384 297 4468 pheta
319 4379 457 4445 Iudaeos
476 4381 516 4444 ad
535 4381 676 4462 primum
695 4381 850 4447 ecclesiae
867 4381 1047 4447 exordium.
1075 4383 1171 4448 Tam·
1222 4381 1299 4447 inde
1328 4385 1455 4447 certare
1483 4380 1522 4446 de
1543 4381 1682 4464 singulis
1714 4378 1890 4462 capitibus:
1923 4377 1981 4443 aed
2014 4395 2197 4444 muscosus

198 4470 259 4534 etsi
282 4469 370 4533 enim
394 4465 486 4530 Deus
515 4468 684 4549 pepigerat
715 4466 827 4532 foedus
850 4486 945 4531 suum
968 4486 1041 4533 oum
1065 4468 1171 4533 Abra·
1223 4476 1334 4533 tamen
1363 4476 1473 4550 posset
1497 4467 1647 4543 inveniri,
1676 4465 1704 4530 si
1726 4464 1793 4541 Dei
1813 4462 1910 4528 verbo
1939 4463 2139 4547 simpliciter
2165 4476 2196 4529 et

198 4557 292 4631 ham,
326 4553 418 4618 Isaac
452 4560 485 4616 et
518 4552 629 4629 Iacob,
668 4562 779 4616 tamen
812 4551 968 4617 formavit
999 4553 1059 4619 sibi
1095 4561 1171 4620 tunc
1224 4552 1346 4635 absque
1361 4553 1583 4618 controversia
1597 4551 1845 4617 subscriberent.
1871 4548 1916 4613 Et
1932 4547 2197 4616 vidamuaeliam

199 4642 331 4706 demum
354 4637 533 4713 ecclesiam,
556 4637 609 4700 val
630 4638 799 4719 expolivit,
822 4657 922 4719 quum
945 4638 998 4703 lex
1021 4639 1082 4704 tuit
1101 4660 1173 4722 pro
1224 4638 1436 4722 pertinaciter
1463 4637 1498 4701 in
1528 4636 1589 4703 boc
1617 4636 1775 4721 principio
1807 4635 1895 4717 ipsos
1927 4633 2098 4711 insistere,
2131 4655 2198 4702 nou

199 4725 359 4809 mulgata.
404 4722 497 4788 Deua
519 4742 597 4805 ergo
628 4730 705 4789 tunc
735 4723 877 4788 ostendit
907 4722 983 4805 quid
1013 4724 1072 4789 sibi
1103 4725 1171 4807 pla·
1224 4723 1377 4789 standum
1400 4742 1481 4799 esee,
1504 4742 1610 4804 neque
1627 4720 1894 4804 acquiescendum
1912 4717 2106 4801 verboDei,
2123 4723 2198 4804 quia

199 4821 301 4888 cerat,
334 4819 457 4875 certam
486 4809 623 4872 formam
654 4809 879 4890 praescripsit,
914 4829 997 4891 quae
1026 4820 1111 4876 esset
1138 4810 1172 4874 in
1224 4809 1307 4874 nihil
1330 4819 1452 4873 certum
1476 4808 1518 4871 sit
1541 4807 1624 4872 illic:
1658 4806 1729 4872 ideo
1752 4806 1856 4889 pluris
1877 4806 2056 4870 aestimant
2079 4808 2196 4873 doctri·

199 4899 346 4962 futurum
386 4905 514 4976 tempus
549 4893 640 4975 quasi
673 4893 871 4959 inviolabilis
909 4894 1030 4977 regula.
1087 4894 1173 4975 Quia
1225 4916 1301 4958 nam
1338 4903 1468 4976 patrum
1506 4903 1539 4958 et
1576 4902 1767 4975 perpetuum
1809 4911 2002 4957 consensum
2043 4894 2198 4958 ecclesiae

199 4982 315 5048 Iudaei
338 5001 403 5044 non
427 4988 612 5061 sequuntur
634 4978 719 5044 hanc
743 5000 905 5055 normam,
937 4980 1095 5062 propheta
1124 4982 1172 5044 in·
1225 4979 1411 5059 catholicae,
1434 4988 1472 5042 ut
1489 4989 1619 5058 vocant,
1641 4999 1739 5060 quam
1763 4987 1795 5041 et
1818 4977 1931 5060 legem,
1953 4990 1986 5039 et
2008 4978 2197 5062 prophetas,

200 5070 264 5133 fert
287 5067 395 5130 Deum
418 5066 535 5129 vitiose
557 5074 590 5129 et
612 5084 780 5146 perperam
804 5066 844 5129 ab
867 5065 946 5148 ipsis
968 5066 1039 5131 coli.
1081 5065 1173 5131 Haec
1226 5073 1259 5130 et
1285 5064 1502 5146 evangelium.
1547 5065 1659 5146 Neque
1689 5064 1776 5128 enim
1806 5064 1925 5126 audent
1954 5064 2135 5146 congredi:
2168 5077 2198 5128 et

200 5153 285 5217 ratio
309 5156 369 5231 est,
392 5172 451 5216 cur
473 5150 592 5215 diserte
614 5149 668 5215 hic
691 5149 942 5214 deliberatione
972 5161 1101 5234 patrum
1126 5151 1172 5214 lo·
1226 5151 1285 5214 hoc
1308 5150 1486 5232 prudenter
1508 5150 1642 5228 faciunt,
1668 5151 1744 5232 quia
1765 5149 1793 5213 si
1816 5148 1898 5225 lites,
1922 5169 2004 5229 quaa
2026 5151 2117 5216 inter
2140 5172 2198 5215 nos

203 5246 333 5322 quatur.
377 5236 497 5300 Postea
518 5236 664 5318 sequitur
683 5236 800 5299 clarior
822 5237 1002 5319 explicatio,
1026 5257 1090 5318 qua
1112 5236 1172 5301 tol·
1226 5247 1318 5311 sunt,
1353 5235 1581 5300 dirimerentur
1615 5256 1655 5298 ex
1685 5235 1746 5299 Dei
1781 5235 1889 5316 verbo,
1922 5235 2198 5316 quemadmodum
