4784 5970
199 364 260 430 637
934 363 984 430 ΙΝ
1006 363 1256 429 raesulem.
1301 362 1400 429 OAP.
1423 362 1466 427 V.
2129 363 2192 429 638

200 574 275 618 nem
298 551 535 637 tergiversandi
553 571 677 616 ansam.
711 551 830 617 Postea
845 550 979 634 propius
994 571 1049 617 eos
1064 558 1169 635 urget,
1222 572 1320 634 opum
1342 573 1486 617 suerum.
1531 550 1598 619 Sed
1621 551 1781 636 propheta
1802 551 1857 617 hic
1887 551 2013 619 deridet
2039 552 2190 618 stolidam

199 638 287 721 quod
309 638 432 705 scilicet
453 639 584 719 quisque
606 637 771 718 adspicim
815 637 901 702 Nam
925 637 985 703 boo
1006 638 1170 722 signifieat
1222 636 1313 701 illam
1346 637 1549 718 iactantiam,
1582 660 1620 705 ac
1653 637 1745 717 dicit,
1785 638 1870 703 Ecce
1903 638 2015 723 magni
2047 649 2126 704 sunt
2157 642 2191 703 in

200 725 336 790 verbum
370 738 462 807 nter,
495 722 661 804 adspiciet:
692 732 798 788 mutat
831 722 961 806 quidem
985 743 1169 801 numerum,
1222 722 1360 802 mundo,
1392 733 1425 787 et
1446 721 1518 788 ideo
1542 723 1657 790 volunt
1678 746 1713 789 se
1736 723 1936 809 magnifieri:
1971 724 2044 800 sed,
2076 724 2192 807 inquit,

200 810 256 877 sed
278 831 394 877 sensas
416 829 483 873 non
506 806 657 873 redditur
685 807 859 874 obscurior.
904 807 1084 890 Adspicere
1114 831 1170 872 eu·
1223 809 1307 874 ancti
1328 812 1403 873 sent
1423 813 1451 874 et
1471 809 1580 887 ditati,
1615 810 1676 876 hoe
1699 820 1764 889 est,
1793 811 1820 874 si
1843 810 1915 891 quis
1937 809 2082 876 exentiat
2103 831 2192 875 nuno

199 906 265 962 tem
289 896 343 960 hic
364 893 558 960 tantundem
581 892 669 959 velet
692 904 789 976 atque
818 893 983 959 insidiari:
1018 895 1172 977 adspiciet
1223 914 1337 959 eornm
1360 895 1481 971 domos,
1508 896 1648 978 reperiet
1670 893 1798 979 quidem
1822 897 1944 962 multos
1966 894 2088 972 titulos,
2118 895 2192 977 qui·

199 1003 288 1066 ergo,
310 981 371 1046 boe
393 990 455 1060 est,
489 980 627 1062 quisque
649 1001 760 1044 eorum
782 979 917 1045 insidias
940 978 1054 1060 tendit,
1084 980 1170 1046 acsi
1222 980 1283 1046 bus
1306 981 1415 1047 fucum
1439 980 1564 1047 iaciunt
1593 1001 1702 1047 coram
1729 982 1946 1065 simplicibus:
1980 981 2037 1048 sed
2066 981 2193 1046 interea

199 1068 372 1132 tenderent
394 1066 568 1148 decipulas,
597 1064 868 1148 quemadmodum
892 1065 999 1130 solent
1020 1085 1170 1148 aucupes.
1223 1075 1302 1131 sunt
1323 1066 1468 1149 rapinae,
1490 1077 1567 1132 sunt
1588 1067 1837 1150 praedassent
1858 1066 1996 1145 frendes,
2019 1075 2097 1132 sunt
2118 1088 2191 1150 spo·

200 1154 319 1218 Postea
341 1150 420 1217 dicit
441 1171 496 1217 eos
523 1152 644 1234 laqueis
670 1151 835 1218 instinctos
863 1171 944 1231 esee,
974 1152 1086 1232 qndns
1107 1157 1172 1216 tro·
1223 1152 1283 1229 lia,
1317 1165 1395 1218 suut
1416 1151 1521 1230 furta,
1553 1164 1631 1218 sunt
1660 1153 1800 1236 denique
1822 1151 2001 1220 latrocinia.
2045 1151 2118 1219 Hoc
2140 1153 2191 1217 in-

198 1238 274 1304 irent
303 1239 346 1304 cd
373 1239 532 1303 interitum
561 1237 716 1317 hemines,
746 1241 911 1319 postquam
943 1257 994 1302 eos
1026 1239 1170 1317 ceperint.
1223 1237 1342 1322 telligit
1363 1238 1565 1321 simpliciter.
1609 1240 1730 1306 Postea
1753 1239 1852 1317 addit,

200 1322 332 1407 Species
365 1324 419 1388 bic
452 1344 511 1406 pro
545 1343 663 1407 genere
695 1324 837 1404 ponitur.
893 1323 977 1387 Nam
1011 1323 1171 1405 propheta

199 1409 314 1475 docere
335 1410 408 1475 vult
429 1410 554 1475 nullam
577 1421 655 1474 tunc
676 1408 777 1473 fuisse
800 1410 834 1472 in
852 1407 970 1490 populo
985 1408 1093 1486 fidem,
1115 1408 1169 1473 vel
1307 1408 1358 1475 28.
1393 1408 1590 1493 Impingnati
1617 1416 1690 1476 serti
1720 1410 1810 1496 (nam
1840 1423 1919 1477 rtet!
1948 1408 2120 1474 deducitur
2151 1409 2191 1474 ab

198 1496 441 1579 integritatem,
475 1496 625 1579 quoniam
649 1495 786 1576 quisque
809 1495 977 1560 fraudibus
1007 1505 1038 1558 et
1061 1496 1170 1576 pravis
1222 1494 1312 1576 oleo,
1341 1493 1464 1577 perfusi
1486 1505 1564 1560 sunt
1586 1497 1802 1580 pinguedine,
1832 1495 1861 1562 si
1882 1495 1983 1559 latine
2005 1505 2039 1559 et
2061 1497 2191 1579 proprie

199 1582 328 1648 astutiis
351 1583 550 1663 opprimeret
571 1581 744 1663 simplices.
789 1579 900 1659 Quum
931 1600 1010 1664 ergo
1040 1581 1084 1643 ita
1114 1580 1169 1644 alii
1221 1580 1357 1646 reddere
1380 1580 1550 1667 velimus),
1578 1588 1688 1663 posteo
1717 1583 1814 1648 nitent
1842 1580 1907 1664 (vel
1937 1591 2015 1646 sunt
2043 1581 2191 1647 candidi:

198 1668 271 1732 aliis
295 1668 435 1732 invicem
465 1667 580 1750 perfidi
611 1678 737 1743 esseut,
772 1667 889 1731 merito
919 1675 1087 1748 comparat
1115 1686 1169 1731 eos
1221 1666 1337 1731 alludit
1359 1665 1400 1730 ad
1424 1668 1560 1750 pingues
1582 1683 1615 1732 et
1638 1668 1718 1732 bene
1741 1669 1918 1752 saginatos,
1946 1686 2084 1749 quoram
2108 1669 2192 1733 cotis

197 1752 385 1836 aucupibus,
404 1754 459 1835 qui
478 1753 602 1836 laqueis
617 1751 881 1817 circumveniunt
896 1751 1059 1834 simplices
1074 1770 1169 1816 aves:
1220 1762 1270 1817 est
1292 1751 1417 1833 nitida),
1441 1755 1534 1818 etiarn
1556 1755 1703 1820 merdant
1724 1752 1789 1838 (vel
1812 1751 1962 1836 quamvis
1978 1752 2191 1838 excesserint)

197 1850 230 1904 et
253 1839 313 1904 boe
335 1837 455 1904 clarius
478 1837 594 1904 deinde
617 1840 761 1920 exponit,
1219 1837 1313 1903 cebo
1334 1838 1427 1919 impii
1449 1837 1524 1923 (hec
1538 1850 1596 1916 est,
1619 1839 1742 1906 scelera
1757 1837 1961 1923 impiorum):
1984 1858 2113 1905 cassem
2127 1858 2192 1903 nen

1220 1923 1369 1997 indicant,
1392 1944 1521 1990 conscm
1536 1925 1666 2007 pupilli,
1688 1930 1716 1990 et
1732 1929 1972 2008 prosperantur,
1994 1929 2023 1988 et
2036 1925 2189 1991 indiciam

282 2010 334 2074 27.
359 2008 462 2074 Sicuti
483 2030 576 2075 muca
591 2009 689 2091 piena
710 2015 755 2074 est
775 2029 831 2074 aee
853 2007 927 2095 (hoe
949 2019 1007 2084 est,
1030 2008 1168 2094 avibus),
1215 2029 1393 2091 pauperem
1413 2030 1478 2074 non
1499 2010 1649 2077 indicant.

196 2096 242 2161 sic
264 2096 376 2160 demas
397 2115 503 2160 mrum
519 2095 632 2178 pbnce
655 2100 727 2160 sant
747 2095 877 2177 frande:
893 2099 1063 2178 propterea
1084 2096 1169 2161 ancti

195 2186 271 2246 snnt
291 2187 319 2246 et
338 2181 441 2246 ceni.
1306 2179 1372 2244 Hic
1394 2181 1553 2264 propbeta
1576 2181 1765 2266 aggreditur
1788 2203 1859 2261 eos,
1893 2183 1947 2264 qui
1977 2191 2009 2248 et
2032 2182 2191 2265 dignitate

1221 2274 1255 2331 et
1288 2267 1393 2350 gratia
1424 2278 1457 2331 et
1490 2269 1604 2349 opibus
1637 2267 1817 2352 pollebant:
1852 2267 1970 2334 deinde
2002 2268 2058 2350 qui
2091 2269 2192 2333 etiam

284 2353 500 2435 Prosequitur
532 2372 626 2417 suam
659 2352 841 2418 doctrinam
872 2351 1038 2416 Ieremias.
1083 2351 1168 2415 Nam
1223 2351 1377 2417 volebant
1410 2373 1480 2418 esse
1512 2354 1726 2433 sacrosancti,
1758 2364 1931 2437 propterea
1964 2353 2049 2437 quod
2083 2363 2193 2420 essent

199 2459 276 2506 usus
294 2440 401 2503 fuerat
419 2437 633 2504 similitudine
647 2458 821 2520 aucupum,
844 2448 880 2501 ut
895 2458 1001 2519 nuper
1017 2436 1168 2504 diximus.
1221 2437 1334 2520 populi
1363 2439 1606 2521 gubernatores.
1651 2441 1822 2523 Loquutus
1851 2439 1959 2505 fuerat
1988 2441 2022 2504 in
2052 2458 2191 2524 genere:

198 2525 269 2590 lem
298 2523 518 2590 accommodat
551 2524 799 2589 similitudinem
833 2523 924 2587 illam
957 2523 997 2586 ed
1021 2522 1168 2600 Iudaeos,
1221 2522 1278 2588 sed
1300 2544 1387 2588 nunc
1409 2528 1510 2589 sumit
1524 2525 1609 2607 quod
1625 2534 1696 2590 erat
1711 2527 1815 2608 magis
1831 2526 1990 2590 eximium
2006 2528 2041 2589 in
2060 2525 2190 2609 popolo,

196 2612 280 2692 qued
304 2610 428 2676 scilieet
448 2611 559 2675 domne
580 2629 684 2674 eornm
700 2609 814 2689 plenae
835 2608 1036 2683 asceterio,
1064 2628 1169 2690 qnem-
1221 2629 1338 2691 nempe
1370 2610 1571 2676 consiliarios
1593 2612 1696 2694 regis,
1737 2610 1939 2689 sacerdotes,
1977 2611 2117 2689 iudices,
2158 2622 2192 2676 et

196 2697 364 2761 admodum
395 2714 486 2760 cavea
521 2693 589 2779 (alii
618 2703 752 2760 vertunt
778 2692 973 2778 canistrum)
999 2694 1098 2775 plena
1125 2705 1169 2759 est
1221 2694 1377 2777 quidquid
1400 2696 1576 2760 autoritate
1599 2706 1670 2761 erat
1690 2697 1884 2779 praeditum.
1928 2694 2019 2762 Dicit
2041 2718 2119 2780 ergo
2141 2697 2191 2780 ip·

197 2781 316 2846 aeibns.
351 2781 437 2845 Nem
460 2799 602 2862 aucupes
618 2800 718 2863 quum
734 2789 906 2856 venantur,
930 2779 1043 2843 ferunt
1057 2801 1168 2844 secum
1220 2801 1273 2845 sos
1297 2780 1488 2864 pinguedine
1515 2786 1650 2866 tergere,
1683 2782 1761 2847 dicit
1788 2802 1854 2847 esee
1881 2782 2014 2859 nitidos,
2047 2783 2192 2865 quamvis

196 2867 248 2932 vel
271 2887 390 2942 saccos,
413 2866 465 2930 vel
489 2885 615 2944 caveas,
638 2865 691 2932 vel
714 2867 865 2930 canistra.
910 2862 968 2930 Sic
998 2865 1100 2948 igitur
1123 2865 1168 2929 di·
1219 2867 1413 2932 excesseint.
1469 2866 1629 2932 Videmus
1661 2876 1698 2932 ut
1730 2869 1900 2934 confirmet
1938 2867 2025 2949 qued
2060 2869 2190 2934 brevius

197 2955 242 3019 eit
263 2953 420 3019 Ieremias
442 2950 516 3017 illos
538 2951 684 3034 undique
706 2971 897 3016 coacervare
919 2951 1091 3034 praedam,
1121 2953 1168 3015 ita
1220 2953 1389 3035 attigerat:
1426 2973 1526 3034 quum
1549 2954 1635 3018 enim
1657 2953 1706 3018 illi
1728 2975 1764 3019 se
1785 2961 1997 3037 protegerent
2019 2961 2190 3036 praetextu

197 3047 235 3103 nt
262 3038 376 3104 domus
405 3058 516 3103 eorum
547 3037 663 3120 plenae
692 3039 760 3103 sint
789 3035 968 3103 fraudibus.
1012 3034 1078 3102 Sed
1109 3057 1168 3118 per
1219 3057 1354 3102 suarum
1377 3059 1484 3121 opum,
1507 3061 1549 3103 ne
1572 3038 1782 3106 traherentur
1804 3040 1846 3104 ad
1869 3038 2068 3105 reddendam
2091 3041 2190 3105 ratio·

196 3124 343 3190 fraudem
365 3123 419 3190 hic
441 3123 596 3207 intelligit
618 3122 738 3205 spolia,
772 3144 855 3206 quae
883 3122 944 3189 sibi
967 3123 1168 3205 quaerebant
1219 3145 1312 3204 nem,
1345 3122 1424 3189 dicit
1445 3145 1504 3206 per
1530 3123 1662 3189 modum
1691 3126 1924 3206 concessionis,
1957 3125 2097 3202 Fateor,
2131 3147 2190 3191 vos

197 3210 291 3274 malis
323 3210 457 3274 artibus.
500 3210 618 3274 Posset
644 3210 748 3291 primo
776 3209 898 3274 intuitu
929 3208 1067 3273 obscura
1096 3228 1167 3274 esse
1219 3209 1298 3274 estis
1320 3209 1416 3275 nitidi
1444 3220 1477 3274 et
1505 3209 1682 3293 splendidi,
1717 3210 1858 3294 denique
1888 3211 1948 3277 toti
1975 3211 2055 3276 estis
2082 3212 2188 3277 aurei:

197 3296 356 3378 loquutio:
379 3294 435 3360 scd
457 3296 484 3359 si
508 3295 684 3377 accipimus
706 3315 825 3359 nomen
841 3308 934 3361 nete
955 3296 1093 3376 passive,
1116 3293 1167 3358 ni·
1219 3293 1275 3360 sed
1306 3294 1393 3360 unde
1421 3295 1474 3361 hio
1506 3296 1683 3379 splendor?
1719 3298 1805 3361 unde
1833 3297 1915 3362 haec
1944 3310 2013 3361 tam
2044 3297 2190 3380 speciosa

197 3381 244 3445 hil
267 3383 329 3446 erit
350 3380 550 3465 ambiguum.
595 3380 670 3446 Non
692 3401 769 3463 ergo
796 3380 874 3447 dicit
902 3380 1062 3463 propheta
1090 3401 1167 3463 pro·
1218 3381 1332 3460 facies,
1367 3401 1450 3463 quae
1473 3381 1583 3448 oeulos
1614 3383 1808 3466 perstringit
1836 3380 2057 3464 simplicibus?
2091 3381 2189 3446 nitidi

196 3468 267 3551 pris
289 3466 467 3550 loquendo,
501 3466 612 3532 domos
633 3487 745 3532 eorum
773 3487 844 3532 esse
874 3467 986 3549 plenas
1014 3465 1087 3531 dolo
1114 3465 1166 3531 vel
1219 3467 1299 3531 estis
1322 3475 1354 3530 et
1376 3467 1523 3549 pingues,
1545 3469 1691 3549 quemvis
1712 3469 1901 3551 transgressi
1923 3467 1995 3532 sitis
2015 3468 2109 3532 cerba
2131 3468 2189 3532 ins·

196 3552 320 3632 fraude,
350 3552 407 3618 sed
431 3552 572 3635 praedis,
601 3553 765 3636 quaesibi
792 3551 1013 3633 acquisierant
1039 3552 1111 3616 dolo
1133 3562 1167 3616 et
1211 3553 1275 3633 pii,
1298 3551 1360 3617 hoo
1382 3560 1441 3629 est,
1463 3554 1545 3630 vias,
1568 3552 1676 3618 studia
1694 3563 1727 3618 et
1744 3553 1880 3619 consilia
1901 3552 2085 3635 impiorum.
2123 3553 2189 3618 De·

195 3638 317 3704 fraude.
350 3638 438 3719 Quid
463 3659 540 3722 ergo
562 3639 718 3721 intelligit
739 3659 798 3721 per
819 3635 991 3702 fraudem?
1013 3635 1166 3720 iutelligit
1219 3639 1316 3720 nique
1338 3637 1501 3721 significat
1524 3638 1607 3703 nihil
1629 3638 1746 3703 debere
1775 3639 1837 3704 hoc
1865 3637 1974 3721 impiis
2004 3637 2189 3788 suffragari,

196 3725 308 3807 spolia,
341 3726 458 3805 quibus
481 3725 573 3788 ditati
597 3724 738 3807 inerant,
768 3722 1040 3806 quemadmodum
1071 3721 1167 3804 paulo
1217 3722 1303 3805 quod
1325 3721 1480 3804 adspectu
1502 3744 1561 3788 suo
1583 3743 1697 3790 omnes
1718 3724 1881 3801 territant,
1904 3723 1987 3806 quod
2014 3724 2106 3790 conci
2120 3726 2190 3789 iant

197 3821 271 3893 pest
304 3830 339 3874 se
372 3809 516 3892 exponit.
572 3810 670 3875 Nunc
701 3829 781 3891 ergo
812 3819 961 3873 tenemus
991 3809 1168 3891 prophetae
1216 3808 1279 3874 sibi
1301 3829 1455 3892 magnam
1478 3810 1694 3875 reverentiam
1716 3812 1785 3876 suis
1812 3808 1950 3884 divitiis,
1983 3809 2069 3892 qood
2101 3811 2189 3874 deni·

196 3915 342 3968 sensum,
368 3915 487 3977 nempe
509 3916 573 3959 uon
596 3895 691 3979 longe
712 3893 930 3977 quaerendam
953 3914 1024 3958 esse
1053 3894 1166 3977 proba·
1217 3915 1282 3977 que
1305 3901 1463 3959 terrorem
1485 3895 1637 3961 omnibus
1652 3896 1824 3960 incutiunt.
1858 3893 2016 3962 Concedit
2031 3896 2191 3978 propbeta

196 3982 331 4057 tionem,
353 4001 395 4045 an
416 3979 531 4045 Iudaei
553 3981 678 4047 insidiis
700 3980 960 4047 circumveniant
982 3981 1116 4069 miseros
1134 3990 1168 4045 et
1217 3981 1283 4045 illis
1312 3980 1461 4056 honores,
1497 3980 1706 4063 opulentiam,
1733 3980 1948 4063 splendorem,
1979 3981 2190 4046 existimatio-

196 4087 372 4150 panperes,
399 4066 552 4149 quoniam
580 4065 696 4132 domus
723 4087 834 4132 eorum
858 4066 997 4131 refertae
1018 4066 1085 4129 sint
1106 4065 1166 4132 hoo
1217 4086 1291 4130 nem
1315 4076 1347 4131 st
1368 4066 1499 4144 lamam,
1522 4065 1780 4149 amplitudinem,
1811 4066 2013 4150 dignitatem,
2043 4080 2075 4131 et
2096 4066 2188 4150 quid-

197 4173 317 4238 genere
339 4151 544 4234 praedarum,
567 4153 655 4218 unde
674 4162 828 4236 appareat
850 4153 860 4216 i
885 4172 995 4217 sorum
1013 4152 1166 4233 pravitas,
1218 4151 1295 4235 quid
1317 4151 1384 4215 tale
1404 4161 1469 4216 est:
1492 4153 1626 4232 interea,
1650 4154 1763 4235 inquit,
1786 4155 1974 4236 transgressi
1994 4155 2069 4219 estis
2087 4173 2190 4218 annm

197 4239 282 4322 quod
305 4238 429 4305 scilicet
450 4236 593 4320 undique
615 4239 811 4304 corraseriot
832 4173 894 4304 sibi
910 4235 1049 4310 divitias,
1072 4246 1106 4301 et
1120 4237 1168 4302 ita
1217 4238 1287 4301 eice
1315 4237 1493 4318 impiorum.
1538 4238 1624 4302 Nam
1651 4249 1764 4320 postca
1791 4238 1879 4319 ipsos
1908 4241 2072 4323 coarguit,
2107 4238 2189 4317 qnod

197 4323 349 4391 exuerint
374 4327 510 4390 miseros
544 4335 577 4388 et
606 4344 764 4408 pauperes
791 4345 851 4389 sua
883 4322 1076 4389 substantia.
1121 4323 1167 4387 Et
1217 4342 1278 4388 nen
1298 4321 1435 4387 indicent
1455 4323 1617 4389 indicium.
1662 4324 1707 4387 Et
1730 4323 1973 4407 hincapparet,
2003 4346 2068 4389 ηοη
2091 4343 2188 4405 agere

198 4412 258 4476 hec
282 4410 407 4474 ratione
429 4409 587 4494 adiungit,
623 4409 725 4492 Super
745 4410 808 4493 ltec,
838 4410 955 4492 inquit,
984 4408 1067 4473 ancti
1095 4413 1167 4473 eun
1217 4406 1409 4491 prophetam
1433 4429 1506 4474 cum
1531 4410 1638 4493 vulgo,
1663 4420 1719 4474 eut
1740 4430 1814 4475 com
1836 4411 1975 4492 privatis
1994 4409 2188 4489 hominibus,

197 4503 224 4561 et
244 4496 347 4561 ditati.
391 4494 475 4560 Nam
499 4495 666 4578 probabile
688 4507 753 4571 est,
788 4496 944 4579 gloriatos
971 4495 1070 4560 luisse
1098 4495 1166 4559 suis
1217 4494 1274 4560 sed
1297 4493 1431 4577 aggredi
1453 4495 1573 4577 palam,
1596 4506 1629 4559 et
1651 4517 1692 4559 ex
1712 4495 1855 4577 professo
1878 4497 1965 4579 regis
1987 4494 2188 4561 consiliarios

196 4582 320 4665 opibus,
342 4580 616 4663 quemadmodum
638 4580 832 4664 praedones,
862 4581 917 4663 qui
947 4589 1050 4645 totum
1072 4600 1166 4643 mun·
1218 4589 1250 4645 et
1271 4580 1411 4645 indices:
1448 4579 1521 4644 Non
1543 4581 1692 4660 incinunt,
1714 4580 1831 4663 inquit,
1854 4581 2015 4657 indicium,
2045 4580 2106 4646 hec
2128 4591 2186 4656 est,

197 4668 276 4732 dum
299 4666 492 4747 exspoliant.
537 4668 603 4733 Ubi
625 4669 712 4731 enim
735 4668 822 4732 aucti
848 4671 942 4742 sunt,
976 4666 1167 4730 existimant
1218 4665 1309 4730 nulle
1340 4675 1390 4730 est
1422 4664 1487 4731 illis
1521 4686 1599 4732 cura
1631 4667 1819 4749 aequitatis,
1857 4667 1913 4734 sed
1946 4669 2078 4749 impune
2111 4666 2187 4730 licet

197 4774 232 4820 se
254 4761 382 4817 evectos
405 4772 475 4816 esse
496 4772 594 4833 supra
624 4773 829 4817 communem
858 4751 977 4816 aleam:
1011 4751 1166 4834 quomad-
1217 4753 1358 4835 grassari
1380 4773 1438 4834 per
1458 4750 1636 4828 latrocinia,
1660 4762 1693 4816 et
1707 4753 1849 4837 rapinas.
1882 4753 2074 4836 Exaggerat
2089 4752 2186 4814 etiem

196 4840 330 4904 modum
353 4836 460 4913 aulici,
483 4838 538 4902 ubi
560 4848 592 4902 et
614 4839 738 4922 rapinis
760 4847 792 4903 et
814 4837 983 4903 fraudibus
1005 4848 1038 4902 et
1057 4849 1168 4921 tyren·
1217 4838 1279 4902 hec
1307 4838 1447 4903 crimen:
1482 4836 1576 4913 dicit,
1613 4837 1686 4904 Non
1707 4839 1849 4905 indicant
1877 4838 2032 4909 indicium
2054 4836 2186 4918 pnpilli.

197 4928 270 4991 nica
291 4922 449 4989 violentia
471 4928 644 4988 traxerunt
665 4924 742 4990 hine
764 4923 840 4989 inde
862 4923 985 4988 alienas
1003 4942 1097 5005 opes:
1120 4924 1167 4987 ita
1217 4923 1302 4987 Nam
1338 4922 1561 4989 misericordia
1594 4944 1672 5008 erga
1705 4925 1843 5007 pupillos
1883 4925 1981 4988 etiam
2021 4923 2114 5006 viget
2151 4923 2186 4986 in

197 5021 235 5076 ut
256 5031 341 5075 unus
362 5010 551 5091 acquisierit
572 5009 635 5074 sibi
663 5031 808 5075 annuum
839 5020 1033 5090 proventum
1062 5030 1166 5090 usque
1218 5009 1329 5073 multis
1352 5008 1472 5091 alioqui
1494 5008 1695 5075 crudelibus:
1729 5022 1818 5075 aetas
1845 5009 1933 5074 enim
1961 5009 2034 5085 illa,
2069 5008 2186 5074 deinde

197 5096 238 5161 ad
260 5096 434 5178 sexaginta
455 5095 575 5174 millia,
605 5095 688 5161 alter
710 5117 811 5178 usque
835 5094 875 5160 ad
898 5104 1029 5160 centum
1051 5095 1166 5179 millis,
1217 5094 1304 5177 quod
1339 5094 1452 5160 nudati
1485 5104 1563 5159 sunt
1599 5096 1688 5161 omni
1729 5095 1905 5179 praesidio,
1945 5095 2044 5159 afficit
2082 5095 2187 5178 magis

197 5194 275 5246 tunc
296 5204 334 5246 eo
357 5181 462 5265 magis
484 5182 654 5258 ferociunt,
683 5183 846 5264 quianon
870 5188 986 5263 putant
1008 5181 1069 5245 sibi
1092 5181 1166 5245 red·
1218 5192 1345 5246 nostros
1367 5200 1492 5247 sensus.
1527 5180 1592 5245 Ubi
1614 5201 1693 5266 ergo
1715 5181 1832 5265 pupilli
1847 5181 2026 5264 spoliantur
2042 5179 2186 5264 impune,

197 5266 335 5332 dandam
358 5269 534 5333 rationem:
569 5276 784 5334 excaecantur
806 5268 894 5334 enim
916 5267 972 5332 illo
994 5266 1167 5352 splendore
1218 5275 1250 5332 et
1275 5266 1357 5331 nibil
1388 5265 1501 5332 auxilii
1530 5268 1699 5349 reperiunt
1728 5269 1763 5332 in
1793 5267 1872 5350 ipsis
1900 5265 2075 5347 iudicibus,
2107 5265 2185 5331 hinc
