4784 5970
193 398 255 462 591
996 392 1381 460 Pssaauuortottlts
2145 384 2216 450 592

194 587 316 649 trustra
336 582 473 646 Iudaeos
504 602 617 646 causas
642 601 774 645 suarum
804 581 1026 648 calamitatum
1057 593 1164 645 trans·
1218 581 1282 646 illis
1310 594 1483 664 torporem.
1529 579 1586 645 Sic
1612 580 1810 661 interpretor
1838 577 1925 644 hune
1953 577 2083 654 locum,
2116 576 2212 658 quod

194 670 280 733 ferre
304 667 368 731 hue
391 668 442 733 vel
461 667 547 744 illuc,
570 667 724 747 quoniam
749 675 817 730 tota
839 668 935 748 eulpa
957 687 1055 747 penes
1077 666 1165 748 ipsos
1216 666 1374 747 propheta
1396 687 1463 731 non
1484 665 1615 749 privato
1642 663 1753 729 dolore
1781 664 1895 748 lugeat
1920 661 2050 729 cladem
2086 660 2211 744 populi

193 754 348 830 resideat,
382 764 415 815 et
449 753 508 834 ipsi
543 752 776 814 fabricaverint
808 752 871 817 sibi
903 753 1071 816 interitum
1104 770 1165 814 sua
1216 750 1276 827 sni,
1309 752 1366 815 sed
1399 749 1486 832 quod
1518 749 1636 832 spiritu
1674 749 1864 830 prophetico
1895 756 2083 831 exaggeret
2118 766 2210 829 quac

193 839 363 919 impietate
386 845 419 900 ct
441 837 509 901 suis
532 835 717 900 sceleribus.
751 835 793 899 In
816 835 958 901 secunda
981 842 1073 918 parte
1096 856 1166 899 ver·
1216 840 1292 899 ante
1326 834 1450 900 docuit:
1484 836 1562 916 quia
1594 833 1717 900 scilieet
1747 833 1877 900 videbat
1907 833 1957 898 vel
1991 852 2057 915 pro
2094 830 2210 896 nihilo

195 943 251 987 sus
281 936 330 998 ιιι
348 936 379 989 ’2
397 936 442 989 tn
460 936 501 1003 ι),
531 933 590 985 eto.
614 921 777 1004 significat
800 921 969 1003 propheta,
992 926 1165 1002 quantum·
1217 919 1300 999 duci,
1322 920 1374 985 vel
1398 940 1463 985 non
1485 920 1605 985 habere
1627 920 1707 984 satis
1731 919 1882 1002 ponderis
1902 917 1943 983 ad
1965 918 2103 983 animos
2126 937 2208 999 per-

195 1009 248 1072 vis
270 1008 335 1072 illis
358 1006 510 1072 acerbum
539 1008 582 1070 sit
605 1018 636 1069 et
667 1016 816 1086 penetret
848 1027 950 1088 usque
973 1004 1014 1070 ad
1036 1027 1092 1070 cor
1114 1006 1163 1068 in·
1216 1005 1403 1069 movendos.
1454 1004 1581 1072 Viscera
1608 1024 1695 1084 mec,
1729 1005 1845 1087 inquit
1895 1003 2024 1068 Infixus
2063 1002 2208 1085 quidem

192 1094 309 1156 timum
335 1092 492 1174 quidquid
523 1093 696 1172 patientur,
728 1101 836 1155 tamen
862 1092 922 1157 hoo
944 1092 1025 1174 ipsis
1047 1089 1165 1154 debere
1188 1104 1192 1183 t
1217 1090 1370 1154 haerebat
1403 1089 1494 1155 dolor
1526 1092 1560 1154 in
1594 1091 1663 1154 eius
1698 1089 1893 1171 visceribus,
1930 1088 2092 1169 quoniam
2127 1095 2210 1153 erat

193 1176 340 1242 adscribi.
375 1176 491 1242 Solent
513 1178 599 1239 enim
624 1177 813 1258 hypocritae
836 1178 903 1241 suis
921 1176 1072 1241 lamentis
1090 1196 1163 1240 oon·
1215 1176 1397 1239 membrum
1420 1176 1544 1258 populi:
1568 1173 1625 1238 sed
1648 1195 1735 1239 nune
1757 1183 1936 1239 tractamus
1957 1170 1999 1237 de
2020 1173 2099 1238 eius
2119 1192 2208 1238 oon·

192 1264 272 1326 flare
291 1261 361 1325 Deo
384 1262 551 1337 invidiam,
576 1261 626 1324 vel
649 1261 766 1325 saltem
788 1263 943 1345 conqueri
965 1261 1004 1327 de
1022 1262 1163 1326 fortuna.
1216 1261 1296 1336 silio,
1320 1261 1373 1325 vel
1397 1262 1430 1325 in
1454 1281 1550 1342 quom
1571 1262 1671 1324 finem
1694 1261 1742 1324 ita
1771 1260 1927 1342 loquutus
1945 1258 1997 1323 sit.
2044 1257 2125 1323 Non
2153 1267 2209 1322 est

191 1347 358 1428 Propheta
380 1347 440 1411 has
463 1347 754 1429 tergiversationes
776 1347 904 1423 refellit,
927 1347 1046 1412 docens
1064 1366 1163 1428 quan·
1215 1346 1318 1429 igitur
1336 1344 1416 1411 haec
1437 1347 1540 1410 oratio
1562 1346 1682 1428 privati
1705 1344 1824 1427 luctus,
1846 1342 1904 1408 aad
1923 1344 2034 1425 potius
2053 1363 2207 1427 exagge-

191 1433 312 1497 tumvis
330 1433 484 1497 acerbum
504 1434 547 1495 sit
562 1430 720 1512 quidquid
740 1432 910 1513 patiuntur
925 1431 1047 1506 Iudaei,
1067 1433 1162 1495 etiam
1215 1432 1306 1506 ratio,
1330 1440 1368 1495 ut
1388 1431 1509 1496 seilicet
1536 1429 1694 1508 doctrina,
1724 1450 1822 1513 quam
1851 1428 2004 1511 vidimus,
2035 1429 2205 1494 vulneret

191 1519 219 1582 si
253 1519 414 1581 Dominus
448 1519 534 1597 ipsos
568 1520 696 1598 penitus
733 1516 910 1593 confodiat,
949 1528 980 1581 et
1015 1527 1164 1599 penetret
1215 1517 1347 1598 penitus
1368 1536 1480 1581 eorum
1504 1516 1640 1594 animos,
1668 1517 1724 1596 qui
1746 1536 1858 1581 secure
1883 1513 2035 1579 ridebant
2058 1512 2128 1579 Dei
2154 1513 2206 1577 iu-

192 1622 292 1683 usque
315 1602 355 1666 ad
374 1605 510 1677 viscera,
533 1613 566 1665 et
587 1601 684 1665 corda
706 1602 862 1683 ipsorum,
886 1612 995 1666 tamen
1018 1623 1074 1667 eos
1093 1621 1164 1665 esse
1216 1600 1345 1665 dicium.
1392 1601 1512 1666 Postea
1540 1600 1706 1684 adiungit,
1743 1599 1985 1679 Tumultuatar,
2005 1597 2064 1663 vel
2088 1608 2204 1665 sonat.

190 1687 350 1751 malorum
374 1688 518 1751 omnium
542 1687 604 1750 sibi
627 1695 764 1750 autores.
809 1686 928 1752 Postea
950 1687 1109 1770 adiungit,
1215 1685 1300 1749 Nam
1323 1685 1384 1752 hoo
1406 1687 1541 1752 verbum
1560 1685 1722 1770 signifieat
1744 1706 1912 1751 resonare:
1937 1682 2072 1748 atinde
2094 1684 2205 1748 etiam

1216 1771 1437 1852 metaphorice
1458 1772 1616 1853 accipitur
1638 1790 1698 1852 pro
1720 1769 1923 1835 tumultuari.
1963 1769 2136 1852 Loquitur
2160 1768 2205 1832 de

279 1857 328 1922 19.
364 1857 492 1921 Viscera
524 1876 609 1936 meo,
643 1857 765 1921 nucero
798 1877 866 1922 meo
898 1857 997 1938 doleo,
1024 1857 1165 1937 parietes
1215 1855 1427 1938 palpitatione
1444 1856 1561 1939 cordis,
1584 1876 1666 1939 quae
1683 1854 1830 1921 accidere
1849 1855 1932 1920 solet
1949 1854 1985 1919 in
2003 1852 2203 1936 pavoribus.

191 1943 295 2007 cordia
323 1944 385 2006 mei
418 1941 649 2027 (adverbum,
681 1940 743 2006 hoo
764 1952 830 2018 est,
860 1941 1048 2023 praecordia
1069 1940 1165 2025 mea),
1216 1939 1283 2005 Sed
1306 1952 1399 2004 vocat
1420 1942 1574 2017 sonitum,
1597 1940 1651 2004 vel
1674 1939 1872 2005 tumultum:
1895 1939 1989 2022 quasi
2010 1938 2143 2004 diecret
2165 1959 2203 2003 se

190 2046 241 2090 cor
257 2046 360 2090 meum
382 2026 592 2090 tumultuatur
614 2025 691 2088 resti
713 2024 788 2110 (hoo
807 2035 867 2106 est,
889 2027 976 2091 intra
997 2024 1080 2111 me):
1103 2047 1165 2091 uest
1215 2026 1278 2089 iam
1302 2047 1365 2090 non
1389 2047 1460 2090 esse
1486 2037 1668 2110 compotem
1698 2026 1758 2098 sui,
1790 2033 1827 2090 ut
1855 2034 1987 2089 maneat
2014 2023 2136 2089 sedato
2168 2032 2204 2087 et

190 2111 298 2193 tacebo,
332 2112 480 2192 quoniam
509 2131 611 2175 uocem
632 2111 723 2175 tuboe
754 2110 819 2195 (vel
843 2113 1030 2195 clangorem
1053 2110 1163 2195 tubae)
1215 2110 1392 2193 tranquillo
1414 2111 1532 2187 animo,
1562 2112 1714 2193 quoniam
1737 2109 1828 2175 Dens
1850 2130 1906 2175 cor
1935 2111 2004 2174 eius
2034 2108 2204 2192 percellat

189 2197 313 2260 audivit
342 2195 409 2280 (vel
438 2195 608 2281 audivisti)
641 2197 749 2260 aalma
778 2216 865 2261 meo:
900 2202 928 2261 et
952 2197 1071 2260 eleum
1091 2197 1165 2260 delli
1216 2195 1378 2260 horrenda
1400 2196 1581 2261 formidine.
1626 2197 1744 2262 Postea
1764 2194 1864 2273 addit,
1888 2193 1962 2260 Non
1982 2195 2096 2268 meede,
2119 2195 2203 2277 quta

188 2282 317 2346 auditos
335 2286 379 2345 eat
401 2280 476 2364 (vel,
500 2282 673 2346 clamorem
691 2280 769 2345 belli
791 2280 917 2346 audivit
940 2281 1050 2346 anima
1068 2282 1162 2366 mea).
1214 2299 1313 2344 eoem
1344 2281 1444 2364 tuboe,
1475 2280 1528 2346 vel
1561 2281 1747 2363 clangorem
1779 2281 1918 2362 audiat,
1946 2278 2001 2344 vel
2036 2278 2202 2344 audivisti

1214 2366 1326 2430 animo
1354 2386 1432 2449 mea,
1463 2370 1491 2430 et
1518 2367 1682 2432 summm
1709 2365 1835 2447 proclii.
1878 2364 1964 2430 Nam
1993 2347 2113 2432 nottho
2146 2363 2203 2430 hie

277 2448 374 2530 Quod
398 2451 590 2514 existimant
607 2449 739 2531 quidam
758 2449 953 2533 interpretes
970 2449 1163 2532 prophetam
1215 2450 1323 2530 potius
1345 2452 1503 2532 accipitur
1522 2471 1582 2533 pro
1601 2450 1734 2532 proelio.
1774 2451 1864 2515 Dicit
1880 2469 1914 2515 ae
1929 2469 1993 2516 aee
2009 2450 2199 2529 ιαιίιιινιιιιι,

190 2533 244 2599 hio
267 2537 359 2617 tangi
382 2535 490 2599 dolore
512 2535 714 2613 humanitus,
737 2535 797 2599 hoe
819 2542 878 2612 est,
900 2535 1052 2616 quoniam
1076 2534 1163 2599 vide
1213 2535 1359 2616 quoniam
1380 2535 1497 2601 clamor
1517 2537 1551 2599 tu
1568 2537 1661 2602 corde
1678 2537 1746 2601 clas
1762 2539 1919 2617 personet
1952 2534 2044 2602 Hine
2066 2535 2198 2620 colligi·

189 2619 245 2684 bat
268 2620 440 2702 populares
463 2641 536 2685 suos
556 2619 652 2701 paulo
680 2628 754 2700 post
783 2621 953 2701 perituros,
984 2620 1091 2685 neseio
1120 2642 1161 2684 an
1215 2640 1285 2685 mus
1307 2621 1407 2684 etiam
1429 2641 1495 2685 non
1514 2619 1627 2704 lugere
1646 2641 1687 2685 ex
1704 2642 1803 2686 seusu
1820 2619 1955 2686 humani
1978 2619 2114 2702 doloris,
2139 2622 2199 2685 sed

187 2706 318 2768 firmum
343 2706 395 2768 sit.
430 2704 553 2768 Verum
577 2702 705 2785 quidem
725 2712 783 2782 est,
807 2704 982 2788 prophetas
1000 2705 1045 2769 ita
1062 2704 1163 2770 fuisse
1214 2716 1378 2786 praestare
1405 2705 1492 2787 quod
1522 2705 1630 2770 iussus
1658 2707 1765 2769 luerat
1786 2726 1807 2770 a
1827 2704 1908 2770 Deo.
1952 2704 2083 2769 Fuerat
2105 2707 2199 2771 enim

188 2809 335 2866 severos,
369 2791 495 2871 quoties
529 2789 768 2853 denuntiabant
802 2789 977 2854 vindictam
1013 2790 1094 2864 Dei,
1125 2801 1163 2853 ut
1214 2789 1336 2855 electus
1351 2811 1468 2872 praeco
1487 2792 1558 2856 eius
1573 2789 1745 2865 vindictas,
1761 2810 1844 2872 quae
1859 2790 1990 2855 tametsi
2007 2793 2200 2873 propinqua

189 2880 300 2936 tamen
323 2895 389 2937 non
412 2875 565 2937 exuerint
584 2875 958 2940 humanitatis-sensum.
992 2873 1046 2938 Ita
1066 2894 1163 2957 saepe
1214 2886 1294 2952 erat,
1328 2884 1437 2939 tamen
1470 2895 1534 2939 non
1569 2874 1774 2939 metuebatur
1807 2896 1826 2939 a
1856 2874 1995 2940 Iudaeis.
2048 2874 2197 2956 Quidam

188 2957 351 3021 dederunt
380 2959 498 3033 clades,
537 2958 576 3021 de
604 2959 722 3039 quibus
751 2968 861 3022 tamen
891 2958 1162 3024 vaticinabantur.
1214 2958 1269 3024 hio
1291 2959 1482 3024 existimant
1504 2961 1580 3041 poni
1603 2980 1721 3024 nomen
1742 2961 1870 3024 animae
1892 2980 1950 3042 pro
1974 2959 2094 3043 spiritu
2120 2983 2197 3044 pro·

188 3042 233 3105 Et
255 3042 317 3105 hoe
339 3044 458 3106 clarius
479 3041 660 3106 videbimus
682 3064 741 3106 suo
762 3043 840 3109 loeo.
885 3045 1061 3128 Prophetis
1084 3065 1162 3127 ergo
1215 3044 1353 3126 phetico,
1388 3044 1464 3125 quia
1493 3045 1637 3110 nondum
1675 3045 1871 3128 clangebant
1900 3044 2013 3127 tubae,
2046 3047 2197 3112 nondum

189 3126 253 3190 fuit
281 3126 402 3207 duplex
433 3147 558 3190 sensus.
610 3127 693 3190 Nam
725 3148 826 3209 quum
860 3138 954 3192 erant
987 3148 1163 3211 praecones
1215 3129 1337 3195 elamor
1364 3129 1477 3212 proelii
1506 3130 1708 3194 audiebatur.
1760 3129 1961 3194 Existimant
1984 3129 2089 3212 igitur
2120 3130 2198 3196 suh-

190 3210 354 3275 vindictae
377 3210 449 3287 Dei,
475 3232 604 3274 neeesse
627 3224 697 3273 erat
723 3214 810 3293 ipsos
839 3212 987 3278 oblivisci
1015 3215 1162 3277 omnium
1215 3234 1286 3278 esse
1316 3213 1503 3291 antithesin,
1534 3214 1618 3297 quod
1651 3215 1807 3279 Ieremias
1839 3215 2025 3297 clangorem
2058 3216 2197 3281 auribus

190 3295 373 3360 affectuum.
418 3296 591 3361 Caeterum
614 3297 742 3358 interea
764 3317 829 3360 non
850 3296 998 3362 obstabat
1015 3296 1072 3363 illa
1093 3319 1162 3362 ma·
1216 3298 1284 3362 suis
1306 3320 1372 3364 non
1396 3300 1585 3380 perciperet,
1609 3298 1666 3364 sed
1688 3297 1794 3379 corde,
1824 3302 1981 3381 quoniam
2003 3298 2197 3366 admonitas

187 3381 388 3464 gnanimitas
414 3382 493 3462 quin
518 3382 728 3446 deflecterent
757 3385 882 3446 animos
911 3402 987 3447 suos
1009 3381 1050 3447 ad
1074 3381 1162 3446 dolo·
1215 3385 1322 3447 fuerat
1344 3382 1384 3447 de
1407 3383 1527 3467 iudicio
1550 3385 1613 3448 Dei
1642 3384 1778 3450 occulto.
1824 3384 1890 3451 Sed
1913 3384 2021 3449 nescio
2044 3406 2089 3449 an
2113 3386 2197 3450 haec

189 3486 258 3529 rem
280 3487 321 3529 ex
343 3467 506 3532 communi
530 3484 644 3530 sensu:
677 3467 831 3549 quoniam
853 3468 924 3531 lieri
947 3488 1013 3532 non
1035 3475 1165 3550 poterat
1216 3470 1345 3551 argutia
1378 3471 1552 3534 conveniat
1592 3469 1770 3551 prophetae
1802 3468 1921 3535 verbis.
1978 3468 2052 3553 Ego
2082 3471 2197 3554 itaque

190 3551 269 3632 quin
300 3552 487 3632 sympathia
516 3550 647 3616 illorum
677 3553 804 3616 animos
834 3552 1033 3635 vulneraret,
1063 3573 1163 3636 quum
1215 3574 1280 3618 non
1303 3553 1426 3630 dubito,
1457 3556 1536 3636 quin
1558 3555 1722 3639 significet
1743 3554 1900 3620 Ieremias
1929 3573 1964 3618 se
1985 3554 2075 3637 loqui
2096 3558 2196 3634 serio,

189 3634 340 3698 viderent
372 3639 488 3700 fratres
522 3646 553 3699 et
587 3657 719 3700 earnem
752 3658 845 3703 suam
879 3638 924 3702 ita
957 3639 992 3701 in
1026 3637 1163 3702 exitium
1215 3639 1371 3720 quoniam
1401 3661 1465 3704 non
1495 3660 1587 3704 secus
1617 3638 1776 3722 adspiciat
1803 3639 1867 3704 Dei
1893 3638 2074 3706 vindictam
2105 3643 2196 3706 acsi

190 3719 287 3782 trahi.
345 3719 409 3784 Sed
443 3721 504 3784 hoe
541 3721 610 3783 loco
644 3743 710 3783 non
742 3732 809 3786 tam
843 3723 974 3805 videtur
1007 3723 1164 3805 propheta
1215 3725 1280 3788 iarn
1311 3730 1446 3807 pateret.
1491 3725 1536 3788 Et
1565 3726 1625 3790 hoo
1656 3745 1720 3789 non
1748 3744 1866 3808 parum
1889 3724 1994 3789 valuit
2022 3724 2065 3789 ad
2092 3726 2195 3791 fidem

190 3804 304 3886 lugere
322 3803 446 3867 cladem
471 3806 591 3886 populi,
614 3827 711 3886 quam
732 3807 849 3889 figuris
872 3808 930 3886 uti,
952 3816 989 3871 ut
1006 3829 1163 3891 experge-
1215 3807 1381 3872 doctrinae
1403 3809 1649 3888 conciliandam,
1672 3817 1711 3874 ιιι
1728 3811 1851 3875 seirent
1867 3808 1980 3873 Iudaei
1999 3808 2108 3891 ipsum
2129 3832 2196 3875 non

191 3888 290 3952 faeiat
323 3890 453 3952 illorum
484 3903 660 3970 stuporem,
689 3891 840 3971 quoniam
869 3892 1000 3956 videbat
1028 3913 1163 3974 prorsus
1215 3893 1346 3972 referre,
1369 3893 1643 3975 quemadmodum
1665 3894 1773 3959 solent
1794 3892 1969 3960 histriones
1998 3896 2033 3958 in
2063 3893 2196 3961 theatro

190 3993 261 4035 esse
284 3974 437 4054 torpidos,
460 3994 520 4037 nec
538 3974 646 4037 Deum
666 3982 821 4054 metuere,
839 3997 943 4057 neque
961 3979 1059 4040 etiam
1078 3976 1163 4040 allici
1215 3998 1313 4060 agere
1328 3999 1499 4059 personam
1513 3979 1573 4044 sibi
1589 3979 1788 4062 impositam:
1805 3987 1844 4043 ut
1858 3981 1979 4044 scirent
1990 3999 2070 4063 ergo
2083 3980 2198 4062 ipsum

190 4056 314 4138 pudore
337 4058 413 4120 ullo.
459 4059 570 4137 Quum
593 4079 670 4138 ergo
694 4058 769 4122 talis
787 4070 872 4124 esset
889 4062 923 4125 in
948 4060 1069 4143 populo
1089 4082 1163 4142 per·
1216 4082 1280 4125 non
1299 4062 1422 4126 reterre
1445 4063 1529 4143 quod
1552 4065 1643 4129 Deus
1664 4066 1950 4147 pronuntiaverat:
1973 4061 2032 4128 sed
2053 4064 2102 4128 ita
2125 4086 2197 4131 asse

190 4140 322 4214 vinacia,
345 4162 476 4206 necesse
498 4143 560 4205 fuit
583 4151 614 4205 et
636 4142 805 4218 Ieremias,
828 4153 861 4208 ιι
879 4145 952 4209 aliis
974 4147 1037 4209 Dei
1058 4147 1164 4210 servis
1217 4146 1279 4209 Dei
1306 4166 1506 4227 praeconem,
1530 4157 1567 4211 ut
1590 4159 1679 4212 metu
1701 4150 1836 4214 territus
1857 4147 1986 4212 audiret
2014 4147 2052 4212 in
2081 4153 2197 4216 animo

188 4244 305 4290 ornare
328 4245 417 4288 suam
440 4229 627 4303 orationem,
652 4238 688 4290 ut
707 4248 772 4290 uon
791 4229 982 4310 simpliciter
1001 4228 1163 4312 docerent,
1216 4250 1276 4293 suo
1294 4229 1345 4293 vel
1365 4230 1461 4296 corde
1480 4234 1656 4298 tumultum
1672 4233 1756 4312 belli,
1777 4244 1810 4298 et
1825 4234 1978 4299 tubarum
1992 4231 2196 4318 clangorem.

190 4309 246 4374 sed
270 4310 480 4374 vehementia
496 4320 528 4374 et
546 4313 670 4393 impetu
690 4313 904 4392 percellerent
921 4314 1072 4379 socordes
1089 4314 1163 4378 illos
1217 4311 1380 4396 Sequitur,

190 4395 324 4459 animos.
369 4394 441 4458 Hac
464 4397 589 4458 ratione
611 4397 714 4478 igitur
737 4397 824 4475 dicit,
863 4398 990 4464 Viscera
1010 4419 1089 4480 esee,
1118 4399 1164 4462 ui·

188 4500 277 4545 acero
308 4500 376 4543 meo
404 4480 497 4544 doleo.
550 4479 635 4544 Nam
666 4479 849 4546 videbimus
879 4484 950 4546 aliis
979 4484 1059 4548 loeis
1089 4503 1163 4565 pro·
1303 4484 1355 4548 20.
1385 4483 1527 4565 Afflt'ett‘o
1556 4507 1652 4569 super
1680 4489 1881 4570 afflictionem
1904 4493 2011 4555 omae
2032 4492 2088 4572 eat,
2118 4510 2199 4573 quo·

190 4564 324 4647 phetam
347 4566 393 4628 ita
415 4564 596 4643 lamentari,
625 4565 681 4629 uhi
712 4567 824 4649 agitur
853 4565 892 4630 de
914 4567 1094 4650 Babylone,
1125 4566 1164 4631 de
1216 4568 1305 4633 amm
1333 4570 1460 4648 perdta
1489 4575 1535 4635 eat
1572 4574 1673 4639 emata
1704 4579 1806 4656 terra,
1842 4573 1944 4639 sabito
1968 4573 2099 4656 pecta
2128 4576 2197 4661 (vel

190 4651 296 4714 Edem
320 4659 353 4713 et
375 4650 447 4713 aliis
470 4648 616 4713 hostibus
638 4653 765 4733 populi:
789 4663 821 4716 et
845 4652 1021 4733 quorsum?
1051 4652 1166 4734 Neque
1217 4653 1392 4727 destructa,
1420 4661 1470 4719 est
1499 4654 1585 4721 idem
1608 4658 1757 4745 verbum)
1786 4664 1859 4726 attat
1883 4657 2085 4724 tabenaculo
2114 4680 2198 4744 mea,

190 4738 277 4800 enim
308 4734 469 4817 propheta
497 4734 627 4817 privato
663 4736 773 4801 dolore
810 4737 946 4802 affectus
976 4736 1038 4801 fuit
1065 4757 1164 4819 quum
1219 4743 1341 4818 repente
1363 4740 1501 4806 cortinae
1521 4762 1617 4806 meae.
2007 4760 2011 4765 ’

190 4820 318 4885 audiret
341 4822 502 4902 perituros
525 4819 724 4884 Chaldaeos:
755 4843 852 4902 quum
881 4822 979 4884 etiam
1009 4821 1093 4887 idem
1118 4822 1165 4884 illi

191 4916 331 4970 testatus
368 4919 454 4970 esset
490 4905 581 4968 Deus
618 4905 658 4968 de
691 4908 835 4986 profanis
876 4905 1043 4988 gentibus,
1082 4927 1165 4988 quae
1304 4906 1518 4989 Prosequitur
1540 4911 1677 4975 eandem
1696 4914 1909 4979 sententiam:
1933 4912 1989 4978 sed
2013 4915 2198 4997 amplificat

192 4990 355 5054 hostiliter
388 5001 604 5072 persequutae
644 4990 776 5054 lucrant
809 4992 964 5075 populum
998 5000 1164 5055 sanctum:
1217 4999 1375 5056 terrorem
1408 5014 1493 5059 nova
1526 4996 1783 5077 circumstantia,
1824 4998 1909 5082 quod
1942 4998 2067 5064 seilicet
2100 4999 2199 5066 Deus

192 5075 247 5138 sed
270 5075 543 5157 quemadmodum
571 5075 633 5139 iam
665 5075 743 5153 dixi,
773 5078 925 5157 quoniam
954 5085 1166 5156 praetercunt
1218 5076 1402 5141 accumulet
1434 5079 1520 5142 mala
1552 5081 1662 5157 malis,
1696 5092 1728 5145 et
1760 5084 1885 5150 frustra
1912 5083 2026 5148 Iudaei
2059 5097 2199 5166 sperent

191 5180 304 5224 secure
327 5160 474 5225 homines
491 5160 647 5242 quidquid
669 5160 734 5224 illis
752 5161 898 5225 minatur
917 5160 1007 5224 Deus
1030 5182 1047 5223 e
1068 5160 1165 5235 coelo,
1217 5163 1328 5225 statim
1350 5164 1448 5227 finem
1470 5164 1589 5229 adfore.
1634 5165 1744 5245 Quum
1775 5169 1861 5250 dicit,
1893 5167 2069 5235 Catamitus
2099 5191 2199 5254 super

192 5264 322 5310 neeesse
357 5258 407 5310 est
438 5245 571 5329 adiungi
605 5247 687 5312 tales
720 5246 874 5328 impetus,
908 5247 963 5327 qui
997 5245 1166 5309 excutiant
1217 5246 1433 5330 calamitatem,
1457 5249 1619 5332 signifieat
1638 5252 1737 5317 finem
1755 5256 1854 5319 unius
1873 5254 1953 5319 mali
1969 5254 2103 5320 initium
2130 5258 2200 5323 lore
