4784 5970
188 333 251 397 615
998 334 1384 402 Pasnnucrlouns
2139 329 2205 395 616

187 547 260 593 6666
286 526 423 591 nimium
447 546 602 592 severus:
636 529 713 609 quia
734 528 805 593 fieri
828 548 893 592 non
916 534 1054 612 poterat,
1086 525 1165 608 quin
1218 522 1334 609 iugum
1356 523 1521 590 abiecisse.
1557 521 2045 609 Nequeenimpoteratidem
2069 518 2202 584 616166

189 622 372 679 extremam
407 611 588 677 vindictam
627 615 773 698 exigeret
810 612 851 678 de
883 613 1009 698 6666116
1043 611 1101 677 1116
1133 619 1166 676 61
1218 610 1364 693 profanis
1393 611 1555 695 gentibus.
1600 612 1725 676 Verum
1755 611 1883 693 quidem
1906 617 1966 688 est,
1999 626 2125 674 omnes
2160 605 2175 688 (

189 698 362 780 desperato
396 697 526 780 666616.
570 699 686 781 Neque
719 699 910 784 simpliciter
939 707 1036 765 vocat
1065 695 1166 763 scele-
1220 696 1413 779 respieimus
1442 696 1482 762 ad
1505 695 1651 784 initium)
1684 696 1872 763 deiectionis
1905 715 2001 778 posse
2032 693 2199 768 damnari,

189 795 276 849 ratos
299 784 352 848 vel
376 793 556 867 apostatas:
592 786 648 849 aed
680 786 758 850 dicit
789 784 906 850 6161166
935 804 999 850 esee
1024 786 1167 866 ipsorum
1218 783 1370 865 quoniam
1405 790 1438 846 et
1459 781 1552 847 Adae
1583 792 1616 848 61
1638 783 1713 849 liliis
1735 781 1807 848 Noe
1828 780 1920 847 Deus
1941 802 1977 846 se
2001 778 2199 844 manifesta·

188 869 381 951 iniquitates
405 869 456 935 vel
476 870 613 934 scelera:
636 875 664 935 61
680 871 864 953 defectiones
882 889 949 937 6666
971 876 1089 937 666166.
1121 867 1166 932 lte
1219 879 1327 933 verat:
1365 876 1398 931 et
1429 888 1529 950 quum
1568 870 1708 952 prolapsi
1744 877 1823 933 sunt
1857 866 1898 932 ad
1930 862 2199 949 superstitiones,

190 955 336 1022 secunda
358 975 437 1019 voce
468 956 646 1038 amplificat
676 957 930 1022 damnationem.
975 954 1060 1020 Nam
1083 966 1164 1019 tam·
1218 951 1354 1018 inerunt
1376 963 1550 1036 apostatae.
1580 953 1646 1022 Sed
1667 954 1803 1020 66166116
1820 953 1930 1037 666611
1947 949 2072 1016 1666161
2093 949 2199 1014 multo

189 1043 249 1106 etsi
274 1052 348 1116 11116
372 1063 437 1104 666
459 1042 652 1123 simpliciter
680 1042 842 1127 significet
876 1041 1074 1125 delinquere,
1108 1038 1166 1105 sed
1218 1048 1288 1103 erat
1310 1041 1479 1116 recentior,
1507 1050 1541 1103 61
1562 1043 1670 1106 minus
1692 1039 1884 1106 tolerabilis:
1907 1038 1972 1102 imo
1995 1057 2105 1120 quum
2128 1034 2198 1118 glo·

190 1128 349 1193 scelerate
371 1147 485 1211 agere:
521 1139 632 1192 tamen
666 1127 802 1194 deficere
824 1149 843 1192 a
865 1128 938 1191 Deo
959 1134 1011 1192 est
1032 1127 1166 1211 gravius
1217 1126 1383 1190 riareutur
1404 1146 1439 1190 66
1454 1147 1523 1191 6666
1538 1125 1603 1192 1161
1623 1126 1790 1210 populum,
1813 1124 1886 1209 quis
1908 1133 2038 1207 poterat
2060 1119 2198 1186 obtendi

190 1223 224 1279 et
245 1214 397 1277 atrocius.
441 1212 539 1279 Unde
561 1213 756 1298 colligimus,
785 1215 821 1278 in
844 1213 976 1279 Iudaeis
997 1214 1052 1279 hic
1074 1212 1164 1277 dam·
1218 1221 1407 1292 praetextus
1436 1211 1662 1296 ignorantiae?
1696 1210 1794 1277 Nunc
1826 1230 1905 1294 ergo
1932 1208 2088 1273 videmus
2120 1206 2198 1288 quid

189 1300 261 1364 nari
286 1303 411 1362 tantam
435 1300 642 1380 pravitatem,
674 1320 757 1381 quae
779 1321 853 1364 uon.
867 1299 1016 1364 debuerit
1045 1297 1165 1381 corrigi
1218 1297 1382 1381 intelligat
1409 1296 1569 1380 propbeta
1589 1318 1691 1381 quum
1714 1297 1793 1364 dicit
1814 1295 1974 1380 apopulo
1998 1293 2198 1358 derelictum

189 1385 381 1468 vulgaribus
404 1385 567 1463 remediis,
593 1393 650 1449 aut
672 1385 784 1467 poenis
807 1385 1001 1450 mitioribus.
1045 1385 1165 1449 Postea
1218 1381 1319 1448 inisse
1343 1381 1454 1449 Decem.
1500 1384 1620 1449 Postea
1650 1382 1755 1461 addit,
1788 1382 1946 1448 Iararuat
1970 1381 2006 1446 16
2029 1399 2095 1444 noa
2120 1375 2198 1443 Dec.

188 1469 288 1548 addit,
1098 1493 1099 1496 ¹
1219 1465 1487 1553 Syneodocbicbis
1529 1471 1691 1554 significat
1732 1478 1922 1550 corruptum
1961 1477 1995 1531 et
2034 1465 2198 1564 vitiatum

1190 1490 1194 1628 1
1219 1554 1319 1619 161666
1341 1555 1465 1620 cultum
1487 1555 1561 1621 Dei.
1606 1555 1690 1620 Nam
1714 1552 1947 1631 iusiurandum,
1969 1559 2006 1616 ut
2026 1551 2108 1615 herr
2132 1549 2198 1616 dtu·

276 1642 304 1706 t.
335 1641 491 1722 Qeeomodo
512 1641 679 1724 66666166
695 1661 831 1725 parcam
848 1640 906 1707 1111
927 1640 1075 1726 (666661,
1095 1659 1166 1723 666·
1218 1648 1289 1704 tum
1311 1641 1382 1717 fuit,
1413 1661 1490 1724 pars
1513 1641 1564 1706 vel
1587 1637 2006 1723 66661666616611661161.
2052 1634 2199 1716 Quoties

188 1746 314 1793 cerem:
347 1748 424 1791 nam
448 1727 544 1791 debet
566 1728 688 1792 resolvi
718 1728 867 1792 futurum
890 1735 1019 1809 tempus
1040 1726 1074 1790 in
1097 1746 1164 1791 mo·
1218 1726 1305 1790 enim
1328 1727 1474 1793 iuramus
1496 1727 1637 1809 perDei
1661 1746 1793 1804 nomen,
1822 1726 2014 1809 profitemur
2033 1740 2105 1787 nos
2128 1741 2200 1786 6666

191 1811 269 1877 dnm
295 1813 523 1895 potentialem:
558 1813 727 1895 quomodo,
762 1813 879 1895 iuquit,
913 1833 1078 1894 parcerem
1106 1812 1167 1876 tibi
1219 1810 1280 1877 sub
1303 1812 1374 1877 eius
1396 1832 1504 1890 manu,
1526 1833 1631 1895 noque
1653 1832 1748 1895 posse
1769 1812 1903 1893 impune
1924 1808 2018 1886 elabi,
2046 1808 2081 1872 si
2106 1827 2199 1872 meu·

191 1919 291 1980 super
313 1897 411 1983 hoc)?
434 1898 495 1979 6111
518 1901 564 1963 tal
586 1900 815 1981 dereliquerant
834 1918 899 1964 616.Ι
920 1900 1113 1963 discursat
1134 1897 1168 1961 ia
1219 1898 1334 1961 timur:
1363 1896 1479 1963 deinde
1500 1898 1674 1963 tribuimus
1694 1900 1724 1962 ei
1747 1898 1882 1981 gloriam
1906 1893 2069 1973 666116116,
2100 1893 2200 1957 tertio

190 2004 250 2048 noa
279 1982 367 2048 Deo:
401 2004 453 2066 epo
483 1990 585 2050 661661
614 1986 759 2050 66166661
787 2004 849 2065 666,
883 1989 910 2049 61
937 1985 1064 2049 66661611
1095 1987 1170 2048 6661
1220 1984 1316 2047 etiam
1341 1992 1499 2049 testamur
1520 1983 1614 2049 illum
1637 1983 1720 2048 nibil
1742 1984 1865 2067 fugere,
1887 1980 1942 2045 661
1964 1980 1994 2044 61
2012 1978 2105 2044 61611
2128 1998 2201 2043 esse

191 2069 315 2153 (tamen
345 2070 479 2135 scortati
502 2069 593 2154 sunt)
623 2075 652 2135 et
672 2072 783 2136 6166666
810 2071 981 2136 6666161616
1005 2089 1169 2152 66666666-
1220 2068 1456 2134 absconditum.
1487 2069 1577 2153 Ergo
1598 2090 1698 2152 quum
1717 2069 1769 2134 hie
1787 2066 1867 2133 dicit
1883 2068 2011 2132 iurasse
2022 2063 2200 2129 Israeliten

189 2160 349 2220 66666166
372 2154 489 2239 (66116
509 2157 641 2220 domum
660 2156 855 2222 meretricis:
879 2157 928 2220 ita
947 2155 1169 2221 subaudienda
1219 2155 1255 2218 16
1276 2174 1338 2218 666
1359 2154 1437 2234 1166,
1466 2155 1628 2238 signifieat
1649 2176 1684 2220 se
1706 2155 1879 2237 spoliatum
1905 2152 2007 2217 161666
2026 2170 2092 2215 666
2117 2152 2198 2214 iure.

191 2241 371 2305 6611111666
395 2254 415 2307 3
440 2241 597 2321 66661116).
1221 2241 1329 2304 lirant
1352 2241 1482 2322 quidem
1506 2240 1580 2305 aliis
1602 2239 1777 2307 sceleribus
1804 2238 1966 2304 obstricti:
1995 2236 2054 2302 666
2080 2256 2199 2319 quem·

1222 2324 1395 2390 admodum
1419 2326 1542 2392 dictum
1565 2327 1635 2405 fuit,
1665 2327 1726 2391 sub
1747 2347 1814 2390 una
1835 2325 1942 2407 speeie
1963 2321 2200 2405 complectitur

278 2412 345 2476 Hic
367 2422 417 2476 est
440 2413 703 2495 communicatio,
732 2412 831 2478 sicuti
858 2412 1038 2495 loquuntur
1060 2411 1169 2476 616616-
1221 2411 1382 2494 propheta
1403 2411 1561 2494 quidquid
1586 2422 1665 2477 tuuc
1692 2413 1756 2477 1611
1784 2410 2056 2494 superstitionum
2081 2407 2118 2470 in
2141 2427 2200 2489 po·

192 2518 254 2562 res.
288 2498 377 2561 Deus
402 2499 489 2562 enim
514 2498 568 2561 hic
590 2497 828 2579 quodammodo
850 2508 976 2580 partem
1000 2497 1168 2563 adversam
1221 2496 1306 2580 pulo.
1340 2497 1483 2562 Perinde
1506 2497 1608 2582 igitur
1627 2506 1677 2562 est
1693 2518 1731 2562 ac
1749 2498 1777 2562 si
1795 2497 1918 2562 diceret
1938 2494 2081 2561 coluisse
2100 2491 2199 2568 idola,

192 2603 267 2649 cum
292 2603 355 2665 qna
378 2584 502 2666 litigat,
533 2583 1168 2650 661116661661616616666666166-
1221 2582 1455 2665 6166666666
1483 2585 1544 2648 sibi
1572 2583 1718 2649 fabricati
1753 2584 1891 2648 fuerant.
1936 2579 2106 2662 Adiungit
2134 2579 2200 2642 cir-

192 2688 288 2751 quam
313 2670 392 2734 satis
413 2669 546 2752 liquida.
576 2670 650 2735 Η66
669 2679 778 2735 autem
798 2681 847 2735 est
865 2672 997 2754 signum
1020 2667 1166 2735 fiduciae.
1219 2671 1464 2749 oumstantiam,
1496 2690 1580 2752 quae
1609 2670 1715 2734 scelus
1744 2687 1857 2733 eorum
1889 2678 2080 2748 exaggerat.
2128 2662 2200 2747 Epo

192 2756 238 2820 Et
260 2755 331 2819 ideo
355 2776 454 2837 quum
478 2755 627 2821 rhetores
650 2756 767 2821 volunt
797 2756 968 2821 ostendere
990 2754 1073 2820 nihil
1096 2776 1168 2821 esse
1219 2759 1330 2833 661661,
1352 2755 1469 2837 166611,
1495 2756 1639 2820 66116661
1659 2751 2072 2837 66661666616111666661.
2118 2750 2199 2815 Ele-

194 2840 394 2924 ambiguum,
418 2840 471 2904 vel
490 2841 672 2914 obscurum,
697 2841 880 2907 deliberant
901 2861 976 2907 cum
998 2851 1093 2924 parte
1115 2839 1169 2905 ad·
1220 2860 1302 2923 gans
1321 2849 1432 2905 tamen
1450 2848 1501 2906 est
1518 2842 1752 2923 paronomasia,
1775 2858 1857 2922 quae
1876 2856 1943 2902 nou
1961 2836 2059 2901 debet
2079 2835 2200 2900 omitti.

192 2947 305 2992 versa:
342 2925 453 3007 Quid?
488 2948 548 3010 ego
581 2928 789 2992 familiariter
821 2924 979 2993 tibi'rem
1013 2946 1167 3010 propono.
1220 2926 1359 2991 Dixerat
1382 2927 1673 3004 imminuerunt:
1708 2946 1797 2992 nuno
1819 2923 1899 2989 dicit
1920 2935 2026 3002 63611,
2057 2943 2121 3006 ego
2143 2941 2198 2986 sa·

193 3012 348 3076 Habesne
382 3012 467 3093 quod
502 3011 612 3077 dicas?
647 3014 745 3076 etiam
770 3014 797 3078 si
820 3014 879 3077 tibi
902 3020 989 3077 66661
1018 3013 1167 3090 liberum,
1221 3013 1343 3078 iuravi:
1367 3018 1497 3077 tantum
1515 3010 1690 3078 discrimen
1708 3016 1758 3077 661
1776 3011 1810 3077 16
1829 3019 1959 3093 puncto.
1986 3008 2198 3091 Numquam

194 3108 226 3160 et
249 3106 343 3160 tuum
367 3107 453 3161 esset
475 3097 657 3173 arbitrium,
680 3117 790 3162 nonne
813 3099 895 3163 ratio
919 3107 951 3163 16
969 3105 1100 3183 cogeret
1123 3100 1168 3163 ita
1220 3106 1380 3181 puuctum
1402 3098 1537 3180 ponitur
1558 3097 1593 3163 in
1616 3098 1748 3163 sinistro
1770 3116 1880 3173 corun,
1910 3095 2078 3179 significat
2105 3102 2198 3159 satu·

195 3181 433 3263 pronuntiare?
457 3179 513 3246 Sic
536 3184 632 3246 etiam
657 3204 744 3247 nuuc
759 3181 852 3248 Deus
875 3183 1018 3248 ostendit
1039 3205 1075 3248 se
1093 3204 1169 3265 qua·
1221 3205 1311 3248 rare:
1346 3203 1447 3265 quum
1481 3184 1613 3266 ponitur
1646 3184 1679 3247 in
1710 3182 1843 3260 dextro,
1875 3180 2039 3265 significat
2074 3181 2198 3244 iurare.

196 3269 271 3331 dam
293 3267 488 3332 necessitate
511 3268 707 3350 constringi,
738 3278 775 3330 ut
797 3277 863 3331 tam
887 3289 1018 3333 severas
1048 3289 1169 3351 poenas
1220 3269 1311 3351 Ergo
1333 3267 1492 3350 propheta
1513 3268 1592 3333 dicit
1613 3288 1664 3333 666
1685 3269 1820 3351 iurasse,
1841 3271 1991 3332 61166166
2018 3264 2124 3347 fuisse
2146 3284 2200 3330 66·

196 3355 308 3437 exigat
326 3352 365 3419 de
380 3353 524 3418 ludaeis:
548 3373 585 3418 ae
603 3353 665 3417 sibi
682 3355 848 3437 integrum
868 3375 938 3419 6666
956 3364 1057 3438 negat
1075 3353 1169 3419 aliter
1219 3359 1347 3419 iuratos.
1392 3354 1457 3419 Η16
1487 3353 1632 3419 ostendit
1653 3353 1747 3419 Dens
1775 3373 1873 3436 quam
1903 3350 1999 3416 16666
2028 3357 2064 3415 61
2094 3351 2198 3434 impia

194 3441 311 3506 iacere.
356 3440 394 3504 Si
417 3460 476 3522 ego
499 3459 571 3503 sum
602 3439 700 3504 iudex
730 3438 861 3522 mundi,
890 3440 1011 3522 inquit,
1042 3459 1084 3504 an
1106 3439 1168 3504 im·
1220 3440 1320 3504 inerit
1336 3439 1448 3522 populi
1465 3439 1675 3523 ingratitudo,
1694 3438 1779 3521 quod
1795 3438 1835 3504 ad
1851 3438 2033 3504 sabetatem
2054 3439 2200 3503 refertus

195 3548 283 3609 pune
306 3525 465 3609 effugient
487 3527 541 3606 qui
564 3527 609 3589 ita
634 3526 724 3590 velut
752 3546 793 3589 ex
815 3527 959 3608 66616666
989 3536 1169 3610 provocant
1220 3524 1372 3592 omnibus
1396 3525 1494 3602 bonis,
1528 3533 1637 3590 tamen
1662 3545 1726 3589 non
1749 3524 1921 3609 agnoverit
1942 3523 2051 3588 Deum
2087 3543 2198 3599 snum,

195 3612 271 3677 me?
311 3632 419 3676 nonne
457 3611 597 3675 ludibrio
632 3632 829 3694 exponerem
863 3632 969 3678 meam
1005 3610 1167 3696 gloriam?
1219 3613 1274 3695 qni
1297 3616 1364 3676 tam
1388 3611 1534 3676 liberalis
1556 3632 1593 3676 ac
1614 3611 1778 3676 beneficus
1800 3616 1872 3675 erat
1896 3620 1996 3691 pater.
2043 3605 2118 3693 Epo
2147 3610 2199 3673 in·

195 3717 306 3762 nonne
329 3701 426 3761 etiam
445 3718 498 3760 me
518 3718 670 3762 exuerem
694 3698 782 3763 iusta
800 3695 966 3779 potentia?
988 3698 1168 3765 desinerem
1220 3698 1846 3782 6611,66666166661.·61666616116661.
1879 3693 1986 3760 Docet
2007 3693 2199 3759 6616661616

195 3804 265 3847 esse
300 3784 356 3863 qui
390 3782 506 3860 debeo,
547 3793 580 3846 61
612 3783 808 3864 abnegarem
846 3784 1082 3865 quodammodo
1116 3804 1168 3847 me
1219 3784 1320 3860 locus,
1352 3805 1390 3849 eo
1419 3784 1524 3866 magis
1553 3784 1705 3865 indignos
1736 3801 1807 3846 esse
1832 3782 1929 3847 venia
1957 3779 2013 3861 qui
2043 3788 2200 3862 peccant,

195 3870 315 3952 ipsum,
350 3869 413 3932 nisi
437 3888 597 3931 sumerem
621 3887 743 3949 poenas
775 3866 815 3932 de
838 3875 904 3933 tam
937 3869 1102 3935 sceleratis
1135 3878 1169 3934 et
1221 3870 1277 3934 ubi
1300 3869 1393 3934 Deus
1415 3890 1468 3933 eos
1490 3868 1620 3934 allicere
1642 3867 1747 3931 voluit
1770 3877 1906 3949 paterna
1930 3865 2142 3949 indulgentia
2165 3872 2200 3930 et

196 3955 342 4036 perditis.
389 3955 552 4016 Tenemus
576 3974 653 4035 ergo
677 3954 848 4017 consilium
872 3954 1060 4037 prophetae.
1100 3953 1168 4018 Alii
1220 3955 1400 4018 dulcedine.
1427 3955 1491 4020 Ubi
1510 3975 1587 4037 ergo
1605 3953 1753 4018 homiues
1770 3954 1817 4018 ita
1835 3952 2008 4017 lasciviunt
2031 3951 2200 4018 adversus

197 4038 395 4103 subaudiunt
418 4053 440 4134 1,
472 4048 503 4102 61
526 4053 559 4104 ttt
583 4039 748 4118 accipiunt
773 4053 915 4128 6661616
945 4039 1073 4105 611666
1095 4061 1167 4104 ver·
1220 4039 1338 4115 Deum,
1362 4060 1464 4122 quum
1486 4040 1566 4120 ipsis
1588 4039 1765 4104 clementer
1786 4037 1945 4122 indulget,
1968 4056 2034 4100 non
2060 4037 2199 4103 dubium

197 4133 286 4200 tunt,
320 4123 395 4186 Non
419 4145 518 4204 super
541 4123 610 4187 hoc.
657 4121 722 4188 Sed
745 4127 821 4204 quia
850 4124 941 4189 nulla
970 4126 1053 4189 ratio
1082 4128 1168 4208 cogit
1220 4133 1270 4189 est
1293 4126 1372 4206 quin
1393 4125 1454 4188 sibi
1477 4124 1561 4187 iram
1590 4125 1809 4189 thesaurisant
1837 4125 1871 4186 in
1895 4123 1947 4186 die
1968 4123 2047 4197 irae,
2080 4145 2198 4206 quem·

197 4208 320 4291 aliquid
345 4220 479 4285 mutare,
502 4208 652 4272 etmulti
675 4209 709 4271 16
729 4207 814 4273 hauc
836 4211 1070 4292 expositionem
1093 4230 1167 4274 uon·
1219 4209 1395 4273 admodum
1417 4209 1496 4274 dicit
1514 4209 1638 4275 Paulus
1660 4208 1942 4293 6666611166.
1963 4206 2069 4293 (ab).
2104 4208 2199 4294 Ergo

196 4295 353 4367 sentiunt,
378 4314 437 4375 ego
460 4293 547 4357 malo
569 4294 661 4373 sequi
683 4292 768 4376 quod
791 4295 895 4376 magis
917 4308 1083 4377 receptum
1107 4305 1165 4360 est.
1220 4294 1394 4359 videndum
1413 4300 1464 4358 est
1481 4297 1668 4378 quantisper
1681 4297 1773 4362 Deus
1791 4294 1883 4359 uobis
1901 4296 1993 4376 quasi
2011 4293 2197 4371 blanditur,

196 4378 1167 4465 66166116616116661Η61666666666661611666666
1221 4379 1462 4461 66166166616
1491 4379 1708 4445 blandiamur:
1742 4385 1776 4445 et
1803 4382 1875 4465 1666
1906 4379 2111 4462 prosperitas
2135 4401 2197 4446 nos

197 4487 375 4549 66666666
398 4464 567 4546 quomodo.
599 4465 715 4546 Neque
737 4466 825 4528 euim
848 4464 900 4531 bic
922 4463 962 4531 de
980 4467 1049 4532 loco
1073 4466 1168 4531 debet
1220 4465 1260 4529 ad
1283 4465 1449 4529 lasciviam
1473 4466 1629 4548 impellat.
1663 4466 1728 4532 1166
1752 4466 1903 4548 quoniam
1925 4466 1971 4529 ita
1993 4465 2136 4530 comiter
2160 4487 2198 4532 ac

196 4553 345 4636 intelligi,
374 4550 431 4615 sed
455 4551 494 4613 de
518 4571 561 4612 re.
605 4551 761 4631 Quomodo
782 4550 885 4634 igitur
905 4570 999 4631 super
1021 4551 1076 4616 1666
1091 4571 1167 4633 666
1220 4553 1366 4616 suaviter
1387 4571 1445 4616 nos
1466 4553 1506 4616 ad
1529 4572 1564 4616 se
1586 4551 1678 4618 Deus
1707 4553 1845 4627 invitat,
1880 4551 2041 4616 discamus
2075 4561 2198 4635 sponte

191 4641 296 4724 611166
326 4657 423 4702 essem
444 4635 526 4699 tibi?
560 4635 676 4716 inquit.
722 4635 882 4700 Videmus
912 4646 950 4699 ut
973 4637 1063 4702 Deus
1093 4657 1167 4702 cnm
1220 4657 1279 4701 nos
1311 4638 1341 4701 ei
1374 4636 1547 4717 subiicere,
1587 4644 1620 4701 et
1652 4636 1730 4702 dum
1764 4636 1935 4702 amabilem
1968 4657 2003 4701 se
2036 4636 2197 4715 ostendit,

197 4727 336 4790 adversa
358 4732 451 4805 parte
475 4720 640 4801 deliberet,
664 4723 728 4784 imo
752 4721 877 4785 deierat
898 4721 1069 4786 iudicium:
1103 4722 1167 4784 Dic
1220 4742 1329 4786 amare
1351 4722 1443 4786 illum
1466 4723 1640 4788 discamus.
1685 4723 1771 4787 Dicit
1794 4727 1940 4788 scortator
1961 4741 2035 4788 6666.
2078 4722 2198 4788 Ρο1661

198 4822 244 4891 16,
278 4808 427 4874 etiamsi
451 4808 509 4872 tibi
532 4806 740 4870 concederem
770 4813 899 4871 tantum
934 4807 1083 4871 licentiae
1112 4814 1168 4871 aut
1220 4808 1280 4872 boc
1300 4807 1519 4889 metaphorice
1539 4811 1653 4891 accipi:
1677 4808 1733 4872 sed
1752 4810 1904 4891 quoniam
1923 4809 2075 4890 proximo
2093 4830 2196 4874 versu

197 4898 290 4978 iuris,
325 4903 360 4959 ut
382 4894 441 4957 tibi
472 4912 609 4975 poenam
640 4901 808 4967 statueres,
843 4913 884 4955 an
907 4913 967 4975 ego
990 4894 1043 4973 qui
1067 4893 1167 4956 iudex
1192 4910 1194 5005 q
1219 4893 1389 4958 invehitur
1412 4904 1523 4956 contra
1543 4915 1642 4976 vagas
1664 4914 1775 4957 eornm
1799 4893 1950 4958 libidines
1968 4897 2002 4957 61
2019 4894 2196 4973 adulteria,

198 5005 272 5050 sum
295 4980 409 5047 mundi
432 4981 497 5042 iam
521 4978 579 5042 tibi
602 4996 769 5059 parcerem
791 4978 826 5041 iu
848 4979 948 5041 tantis
971 4976 1167 5042 sceleribus?
1219 4978 1291 5043 ideo
1314 4989 1421 5060 posset
1450 4978 1503 5042 hio
1525 4980 1614 5044 locus
1643 4979 1833 5063 simpliciter
1855 4987 1888 5043 et
1909 4979 1949 5043 ad
1972 4978 2104 5044 literam
2137 5002 2196 5044 ex·

200 5069 282 5134 Filii
312 5069 393 5132 enim
422 5067 470 5129 161
498 5064 724 5146 dereliquerunt
744 5083 800 5127 me.
846 5063 918 5126 Η66
947 5066 1088 5145 primum
1119 5008 1194 5129 6611
1220 5066 1305 5147 6661,
1329 5070 1367 5127 61
1390 5065 1516 5129 dicunt:
1541 5086 1600 5147 ego
1622 5074 1732 5128 tamen
1756 5067 1907 5131 existimo
1930 5085 2000 5129 esse
2022 5067 2198 5148 metapho-

199 5158 338 5235 crimen‚
367 5151 459 5216 Deus
482 5160 590 5214 autem
614 5148 668 5212 nbi
692 5149 900 5228 conqueritur
922 5172 956 5213 se
979 5169 1049 5213 esse
1076 5150 1166 5213 dere·
1221 5171 1302 5229 ram,
1334 5150 1418 5230 quod
1443 5151 1664 5232 666616116161,
1695 5172 1811 5233 nempe
1841 5153 1917 5232 quia
1939 5150 2030 5214 nulla
2055 5154 2089 5215 in
2114 5155 2199 5235 ipsis

198 5240 323 5317 lictum,
357 5239 519 5321 signifieat
550 5236 705 5318 populum
737 5232 832 5314 ultro,
865 5245 898 5296 et
926 5245 1015 5300 certa
1045 5235 1168 5298 malitia
1221 5237 1281 5300 1611
1312 5236 1490 5316 spiritualis
1522 5237 1669 5313 castitas,
1702 5259 1803 5319 quum
1837 5247 1946 5301 tamen
1979 5237 2072 5303 Deus
2107 5242 2200 5324 ipsos
