4784 5970
196 371 258 437 365
1066 371 1216 438 CAPUT
1244 372 1318 437 LX.
2126 375 2189 440 366

195 562 361 644 integrum
384 572 417 624 et
438 558 604 623 meliorem
628 569 747 624 statum
779 562 866 641 ipsos
895 581 1009 624 rursus
1040 560 1166 642 erigere
1218 562 1332 638 fuerat,
1356 582 1420 623 non
1444 560 1566 624 frustra
1583 560 1699 626 eleetos
1722 562 1820 626 luisse
1838 560 1985 637 Iudaeos,
2009 562 2084 644 quia
2099 574 2189 627 oerta

196 649 227 712 ei
250 645 344 711 faoile
361 654 439 710 erat.
476 642 514 711 Si
533 644 606 726 quis
624 645 765 722 obiioiat,
787 645 872 709 hane
890 646 1166 729 magnifioentiam
1219 646 1420 728 experientia
1442 645 1582 709 sentient
1605 645 1742 710 salutem
1773 667 1865 710 suam
1894 668 1990 711 ouras
2012 667 2083 712 esse
2104 646 2186 713 Deo.

197 732 350 798 eooleeiae
370 730 556 794 diuturnam
575 750 641 794 non
663 730 770 809 luisse,
792 732 958 814 responsio
976 731 1084 796 brevis
1102 741 1166 795 est:
1218 730 1339 811 Quaeri
1364 743 1486 812 potest:
1517 752 1627 795 annon
1655 731 1753 795 etiam
1776 733 1929 795 noverint
1951 743 2122 814 antequam
2146 733 2187 797 ab

197 817 328 882 tametsi
351 816 441 880 varie
471 816 603 879 attritus
630 815 729 879 fuerit
757 816 897 898 populus
926 828 999 898 post
1026 816 1166 880 reditum
1218 816 1332 881 exsilio
1355 815 1596 881 reducerentur.
1640 817 1841 898 Respondoo,
1868 817 2018 882 exsilium
2041 818 2119 881 illud
2143 820 2186 882 si-

196 923 303 980 suum,
324 921 384 965 neo
405 901 500 965 edam
524 899 702 965 ohristiana
723 901 858 966 ecelesia
876 900 932 965 diu
950 901 1168 982 permanserit
1218 902 1295 965 mile
1317 901 1415 966 luisse
1434 902 1579 967 obseuris
1602 903 1754 980 tenebris,
1784 900 1903 983 quibus
1924 903 2021 966 etiam
2052 903 2083 966 id
2115 924 2185 985 pro·

197 989 231 1052 in
265 1007 324 1052 sua
353 986 524 1069 dignitate,
557 996 668 1050 tamen
696 986 831 1069 impleta
860 1008 930 1051 esse
958 1006 1167 1069 quaeeunque
1218 986 1317 1070 pheta
1339 988 1433 1050 initio
1454 988 1570 1069 eapitis
1592 987 1688 1052 buius
1708 990 1917 1070 comparavit.
1955 986 2063 1067 Quum
2085 989 2186 1071 igitur

196 1072 358 1156 praedixit
381 1070 547 1154 propheta.
585 1071 654 1136 Sub
677 1092 771 1136 oruoe
794 1073 879 1135 enim
902 1071 1025 1137 relueet
1042 1069 1167 1136 Christi
1219 1074 1278 1136 sub
1301 1071 1383 1136 dura
1404 1071 1461 1136 illa
1490 1072 1666 1155 tyrannide
1694 1073 1965 1153 magnificentiam
1989 1072 2052 1136 Dei
2074 1087 2108 1137 et
2130 1095 2185 1158 po·

197 1157 311 1242 gloria,
343 1158 388 1221 ita
414 1167 452 1221 ut
486 1177 602 1221 nomeu
631 1156 694 1220 Dei
721 1161 862 1234 maneat,
892 1162 999 1238 sitque
1029 1157 1167 1239 populus
1219 1167 1369 1221 testatam
1403 1157 1524 1221 intueri
1556 1179 1619 1221 non
1654 1169 1799 1239 possent,
1832 1158 1997 1222 Dominus
2030 1160 2134 1241 ipsos·
2149 1161 2185 1223 in

197 1243 312 1326 aliquis
345 1243 399 1325 qui
430 1242 536 1324 ipsum
565 1240 628 1306 fide
656 1243 794 1307 invooet.
839 1243 900 1307 Est
928 1243 1027 1308 etiam
1057 1243 1166 1306 obser·
1219 1254 1364 1325 apertam
1382 1242 1485 1307 lnoem
1507 1241 1635 1306 eduxit:
1660 1263 1725 1307 non
1743 1243 1826 1325 quod
1846 1253 1950 1309 aesset
1968 1243 2047 1308 fides
2070 1246 2104 1308 in
2127 1265 2185 1308 an-

198 1327 341 1394 vandum
375 1347 435 1391 nos
467 1327 609 1391 lruotum
646 1326 783 1392 istarum
815 1328 1067 1409 promissionum
1101 1347 1166 1391 nou
1218 1329 1346 1412 gustiis,
1375 1326 1430 1392 sed
1454 1328 1537 1410 quod
1561 1329 1645 1392 alins
1667 1329 1709 1393 sit
1737 1328 1822 1405 fidei,
1853 1329 1935 1393 alius
1965 1331 2186 1412 experientiae

196 1415 363 1497 peroipere
384 1412 425 1477 ob
446 1411 715 1495 ingratitudinem
739 1421 894 1478 nostram.
932 1413 1167 1495 Abrumpimus
1218 1435 1342 1479 sensus.
1393 1411 1502 1492 Quum
1537 1414 1684 1478 videmur
1712 1414 1840 1495 perditi,
1875 1414 1955 1478 fides
1988 1435 2057 1479 sese
2088 1416 2186 1498 erigit

198 1499 285 1565 enim
308 1517 440 1563 oursum
458 1518 593 1579 operum
611 1499 672 1563 Dei
691 1519 815 1580 nosque
831 1499 919 1580 ipsos
934 1519 1044 1563 eorum
1061 1500 1165 1562 fruetu
1218 1512 1313 1563 extra
1335 1509 1536 1580 praesentem
1560 1511 1679 1563 statum
1701 1508 1734 1563 et
1756 1497 1872 1564 densas
1895 1499 2045 1564 tenebras
2069 1501 2184 1582 quibus

197 1583 324 1648 malitia
357 1593 468 1648 nostra
501 1583 679 1665 privamus.
723 1584 826 1648 Porro
855 1605 982 1666 semper
1010 1584 1167 1647 memoria
1218 1584 1431 1650 obvolvimur.
1477 1582 1572 1663 Quod
1602 1586 1629 1648 si
1651 1582 1741 1648 Deus
1771 1586 1805 1648 in
1832 1586 1995 1667 integrum
2024 1587 2184 1663 restituat,

198 1680 346 1751 repetere
375 1671 528 1733 eonvenit
554 1668 638 1750 quod
669 1670 764 1734 toties
786 1670 863 1744 dixi,
893 1692 955 1733 non
986 1669 1025 1734 de
1055 1668 1167 1751 paneis
1218 1680 1296 1735 tune
1319 1690 1385 1733 non
1402 1669 1503 1734 oeulis
1524 1669 1611 1751 fidei,
1634 1669 1690 1734 sed
1706 1670 1908 1752 experientia
1928 1670 1998 1751 ipsa
2019 1690 2089 1733 rem
2111 1691 2184 1752 per-

199 1754 294 1820 ennis
309 1753 361 1818 vel
376 1753 495 1836 exiguo
514 1764 658 1836 tempore
675 1755 765 1835 loqui
782 1753 983 1836 prophetam,
1005 1753 1062 1818 sed
1080 1773 1165 1817 eom·
1217 1756 1380 1837 spicimus.
1424 1755 1533 1836 Atque
1562 1752 1642 1821 haee
1683 1767 1730 1818 est
1771 1766 1883 1836 aperta
1922 1756 2011 1819 notio
2050 1756 2089 1821 de
2122 1777 2187 1840 qna

197 1840 294 1922 pleoti
316 1849 420 1904 totum
451 1839 684 1921 redemptionis
713 1839 909 1904 eurrioulum
931 1861 951 1904 a
972 1840 1039 1903 fine
1060 1838 1167 1903 exsilii
1217 1840 1374 1922 loquitur:
1407 1861 1444 1904 ao
1473 1842 1500 1905 si
1523 1839 1653 1917 dieeret,
1683 1838 1752 1904 Vos
1781 1861 1833 1903 me
1858 1861 1894 1904 re
1923 1842 2003 1923 ipsa,
2037 1840 2091 1905 ubi
2120 1853 2186 1906 tam

197 1924 238 1989 ad
260 1924 422 2008 evangelii
444 1925 746 2007 promulgationem,
772 1936 805 1989 et
834 1925 965 1990 demum
994 1945 1097 2006 usque
1126 1923 1165 1987 ad
1220 1926 1396 1989 liberaliter
1429 1945 1507 2008 erga
1541 1945 1597 1989 vos
1630 1945 1735 2007 egero,
1769 1925 2007 2008 redemptorem
2041 1936 2187 1991 vestrum

197 2012 297 2075 finem
320 2010 413 2093 regni
436 2009 569 2076 Christi.
1217 2012 1408 2094 agnosoetis.
1473 2009 1672 2075 Nominatim
1711 2021 1849 2091 usurpat
1891 2011 2032 2094 elogium
2076 2012 2187 2078 Fortis

285 2095 335 2160 16.
365 2094 425 2180 (Et
444 2114 537 2178 mages
558 2094 629 2179 loo.)
674 2096 837 2177 Loquitur
866 2094 906 2160 de
936 2095 1166 2177 propagatione
1217 2096 1331 2176 Iaoob,
1369 2097 1444 2178 quia
1479 2097 1609 2178 saepius
1641 2117 1676 2160 se
1713 2096 1810 2160 talem
1847 2098 2064 2178 praestiterat.
2118 2097 2186 2162 Neo

199 2180 367 2260 eoelesiae,
401 2183 493 2246 ouius
523 2192 619 2245 antea
647 2181 711 2245 iam
741 2182 936 2246 mentionem
968 2181 1053 2245 feeit.
1100 2177 1165 2244 Sed
1218 2181 1313 2246 modo
1346 2180 1442 2246 Iaoob
1473 2182 1572 2246 variis
1604 2180 1710 2245 modis
1743 2192 1898 2263 expertus
1930 2197 1998 2246 erat
2029 2183 2185 2247 virtutem

198 2265 310 2331 eadem
333 2267 463 2347 saepius
484 2266 587 2348 repeti
609 2287 725 2348 operae
746 2267 886 2349 pretium
909 2265 984 2330 fnit:
1008 2263 1093 2348 quod
1115 2265 1165 2328 in·
1216 2265 1296 2330 Dei:
1326 2265 1382 2331 sed
1412 2267 1532 2349 posteri
1556 2285 1681 2348 quoque
1710 2267 1744 2329 in
1773 2267 1843 2331 eius
1872 2269 1979 2350 gratia
2009 2268 2088 2332 setis
2116 2288 2186 2332 esse

198 2350 351 2426 eredibile
373 2350 540 2416 videretur
561 2351 739 2428 eoolesiam,
769 2354 804 2416 in
833 2357 882 2417 tot
909 2362 1081 2433 tantasque
1110 2371 1166 2413 an·
1215 2352 1368 2434 praesidii
1399 2362 1628 2435 eognoverant.
1680 2351 1812 2416 Fortem
1847 2372 1923 2435 ergo
1952 2374 1986 2417 se
2015 2364 2118 2433 voeat,
2148 2362 2187 2417 ut

198 2439 323 2520 gustias
341 2435 514 2510 redactam,
535 2440 720 2502 restitutum
739 2447 835 2519 atque
853 2458 911 2519 per
932 2449 1034 2501 totum
1053 2434 1164 2500 orbem
1216 2445 1394 2520 agnosoant
1410 2437 1516 2501 Deum
1538 2457 1617 2518 erga
1639 2457 1674 2502 se
1698 2438 1795 2501 talem
1819 2437 1885 2501 fore
1907 2437 2059 2520 deinoeps
2080 2439 2185 2521 qualis

198 2521 353 2587 diffusum
385 2522 437 2586 iri.
494 2522 670 2603 Deplorata
703 2536 774 2587 orat
806 2524 875 2588 eius
907 2522 1065 2587 eonditio:
1106 2520 1162 2586 sed
1214 2544 1291 2606 erga
1312 2533 1420 2604 patres
1442 2522 1520 2586 olim
1541 2522 1656 2587 fuerat.

198 2607 329 2672 tandem
359 2627 400 2671 ex
433 2608 585 2671 tenuibus
613 2607 678 2671 illis
707 2608 863 2690 reliquiis,
894 2628 976 2688 quae
1005 2607 1093 2672 velut
1122 2626 1163 2670 ex
1302 2608 1352 2671 17.
1386 2606 1464 2693 (Pro
1493 2604 1586 2691 aare.)
1630 2606 1760 2671 Alludit
1780 2606 1820 2670 ad
1843 2616 2040 2673 struoturam
2070 2607 2186 2688 templi

197 2691 346 2758 inoendio
369 2702 498 2774 ereptae
520 2701 605 2768 sunt,
637 2713 755 2775 magna
775 2694 919 2756 omnium
949 2691 1164 2756 admiratione
1216 2694 1347 2769 veteris,
1370 2705 1467 2773 atque
1490 2694 1597 2773 ipsum
1619 2711 1693 2755 oum
1716 2693 1846 2756 coelesti
1869 2702 1902 2756 et
1924 2692 2086 2774 spirituali
2108 2713 2185 2758 oon·

197 2779 378 2842 instaurata
398 2785 459 2856 est,
481 2777 614 2860 eiusque
628 2798 740 2843 semen
754 2798 811 2859 per
825 2797 937 2842 omnes
952 2778 1039 2842 orbis
1055 2788 1164 2860 partes
1216 2779 1296 2841 fert:
1319 2798 1356 2842 ae
1378 2779 1406 2842 si
1429 2777 1558 2857 diaeret,
1589 2775 1700 2856 Quum
1722 2776 1851 2841 abducti
1874 2778 1965 2842 eritis
1988 2780 2020 2842 in
2050 2777 2186 2860 eaptivi-

196 2862 294 2945 longe
323 2862 449 2944 lateque
473 2861 663 2943 dispersum.
706 2862 849 2928 Perinde
876 2863 978 2944 igitur
1006 2871 1056 2927 est
1077 2881 1114 2926 ao
1136 2860 1164 2924 si
1216 2872 1327 2943 tatem,
1350 2862 1557 2945 deplorabitis
1581 2863 1707 2926 ruinam
1738 2862 1865 2944 templi:
1895 2864 1951 2929 sed
1981 2864 2120 2929 elfieiam
2148 2871 2186 2927 ut

197 2947 336 3014 dieeret:
366 2948 510 3012 Tametsi
533 2950 680 3031 angustis
704 2949 825 3013 finibus
852 2947 1002 3012 oonolusa
1031 2968 1076 3026 es,
1105 2968 1164 3011 neo
1217 2947 1321 3013 multo
1342 2949 1561 3031 praestantius
1583 2969 1602 3010 a
1626 2947 1716 3012 vohis
1743 2959 1942 3013 exstruatur.
1986 2950 2103 3031 Itaque
2125 2969 2184 3032 pro

196 3033 265 3098 ulla
287 3033 347 3098 tibi
368 3054 442 3098 oum
464 3034 615 3117 gentibus
644 3034 743 3098 luerit
771 3033 1032 3110 eommunieatio,
1062 3032 1164 3096 abiis
1217 3055 1291 3098 aere
1314 3055 1438 3109 aurum,
1463 3054 1521 3116 pro
1544 3033 1629 3097 ferro
1651 3042 1835 3116 argeutum,
1857 3054 1916 3115 pro
1935 3035 2022 3118 ligno
2039 3055 2103 3114 aes,
2126 3055 2184 3117 pro

197 3128 307 3184 tamen
322 3120 444 3184 lruotus
460 3119 641 3184 uberrimos
657 3120 821 3201 pereipies.
854 3118 921 3183 Per
942 3118 992 3182 lae
1009 3128 1042 3183 et
1061 3137 1163 3182 mam·
1216 3118 1377 3201 lapidibus
1404 3118 1528 3184 ferrum
1558 3117 1735 3184 addueam:
1763 3119 1796 3182 id
1826 3128 1884 3198 est,
1912 3120 2010 3202 plena
2038 3120 2185 3202 magnifi-

189 3200 305 3269 'millas
339 3204 420 3268 nihil
453 3204 541 3268 aliud
574 3204 728 3287 intelligit
757 3225 854 3286 quam
884 3204 1100 3268 ministerium
1132 3210 1165 3268 et
1216 3205 1341 3270 sentiae
1374 3213 1408 3269 et
1441 3203 1623 3286 splendoris
1655 3212 1754 3268 erunt
1785 3206 1894 3270 omnia
1925 3206 1960 3269 in
1993 3226 2031 3270 eo
2064 3205 2186 3287 templo

197 3289 397 3372 obsequium,
427 3290 511 3371 quod
534 3298 648 3372 gentes
670 3289 873 3355 exhibiturae
895 3301 989 3354 erant
1011 3289 1165 3354 eoelesiae
1216 3289 1302 3373 quod
1325 3290 1357 3354 in
1380 3289 1496 3372 prioris
1518 3289 1623 3354 looum
1644 3288 1801 3354 suooedet.
1840 3290 1970 3356 Scimus
1992 3306 2100 3355 autem
2125 3290 2186 3355 hoo

197 3374 237 3440 ad
260 3373 401 3440 sobolem
424 3377 495 3440 eius
516 3372 675 3440 alendam.
709 3375 793 3439 Nam
813 3396 913 3457 quum
935 3376 1024 3459 prius
1045 3373 1167 3438 dixerit
1215 3376 1407 3440 vatioinium
1446 3395 1615 3456 nunquam
1647 3375 1816 3456 impletum
1850 3376 1947 3439 fuisse
1981 3377 2013 3439 in
2048 3386 2187 3439 externa

198 3479 264 3524 uno
287 3471 382 3541 partu
401 3459 561 3524 edituram
579 3461 683 3525 foetus
701 3461 900 3541 innumeros,
922 3479 1011 3524 nuno
1028 3460 1078 3524 lae
1100 3460 1165 3524 illis
1216 3461 1272 3525 illa
1294 3460 1405 3543 populi
1428 3460 1642 3537 restitutione,
1665 3459 1717 3524 vel
1746 3460 1832 3524 inter
1854 3461 1925 3524 eius
1947 3460 2096 3524 exordia:
2120 3460 2186 3524 imo

197 3545 343 3628 assignat
363 3546 398 3609 in
421 3545 620 3624 alimentum,
644 3546 743 3611 doneo
761 3545 955 3610 adolescant.
990 3545 1039 3608 Ae
1062 3547 1164 3609 nomi·
1217 3558 1292 3612 tuno
1315 3555 1456 3611 ereetum
1479 3545 1586 3609 denuo
1614 3543 1770 3626 templum
1799 3545 1905 3627 priore
1929 3545 2023 3628 longe
2051 3545 2186 3611 inferius

197 3632 298 3695 natim
331 3631 475 3712 loquitur
505 3630 544 3695 de
573 3630 719 3714 regibus:
753 3632 904 3713 quoniam
939 3629 971 3694 id
1004 3629 1165 3696 diffieilius
1216 3632 1325 3697 luisse.
1381 3629 1537 3712 Sequitur
1570 3651 1646 3713 ergo
1686 3629 1876 3711 prophetam
1909 3631 1960 3693 oui
1999 3630 2102 3696 solida
2134 3651 2185 3695 re-

197 3716 321 3781 oreditu
343 3725 423 3781 erat.
467 3717 646 3781 Morientur
666 3717 763 3782 etiam
786 3717 892 3781 obiter
920 3716 973 3779 hie
1002 3737 1095 3798 reges
1116 3717 1162 3780 of·
1218 3716 1358 3799 demptio
1379 3717 1414 3779 in
1437 3717 1550 3798 spiritu
1567 3717 1731 3796 proposita
1745 3729 1825 3794 erat,
1840 3736 1904 3779 non
1921 3720 2050 3780 tantum
2065 3714 2186 3781 referre

197 3801 263 3866 fieii
292 3803 343 3865 sui
365 3822 428 3883 quo
458 3805 486 3865 si
512 3812 600 3866 reete
628 3801 761 3884 defungi
785 3802 895 3878 velint,
924 3801 1078 3867 aeolesias
1105 3802 1164 3864 mi·
1217 3801 1293 3884 quid
1317 3803 1460 3866 futurum
1480 3800 1521 3864 sit
1540 3800 1649 3864 statim
1672 3822 1692 3863 a
1713 3801 1822 3883 populi
1846 3801 1960 3878 reditu,
1984 3801 2040 3865 sed
2059 3802 2185 3866 eoueio·

198 3888 319 3952 nistros
340 3906 410 3950 esse
433 3907 562 3951 neeesse
585 3897 642 3951 est.
685 3887 814 3969 Alioqui
836 3885 1000 3952 Dominus
1022 3886 1062 3951 ab
1085 3887 1165 3968 ipsis
1216 3888 1289 3951 nari
1313 3886 1352 3950 de
1382 3886 1579 3968 praestantia
1602 3885 1712 3967 templi
1746 3886 1942 3968 spiritualis:
1975 3888 2035 3952 hoe
2065 3896 2115 3951 est
2145 3886 2183 3951 de

197 3972 356 4037 rationem
379 3980 532 4054 reposcat.
566 3971 611 4035 ut
627 3971 774 4038 videmus
796 3973 874 4055 quid
893 3971 1027 4055 deipsis
1042 3972 1165 4036 Prata
1216 3971 1351 4037 ecelesia
1380 3971 1519 4036 Christi.
1562 3970 1677 4052 Itaque
1705 3971 1746 4036 ad
1776 3971 1944 4037 Christum
1978 3993 2078 4054 usque
2107 3993 2183 4036 oon·

197 4057 241 4143 (v.
266 4056 320 4141 10)
356 4057 463 4120 David
493 4059 692 4138 pronuntiet.
747 4056 813 4123 Sed
843 4058 1000 4140 quomodo
1029 4058 1164 4122 eoelesia
1217 4060 1308 4122 tinua
1330 4057 1414 4121 serie
1437 4056 1551 4121 venire
1573 4077 1703 4121 neeesse
1726 4065 1785 4134 est,
1816 4059 1843 4121 si
1866 4057 2069 4141 prophetiam
2100 4056 2183 4123 hano

197 4145 248 4209 lae
270 4154 304 4208 et
325 4142 487 4207 mamillas
509 4142 657 4225 gentium
679 4153 773 4225 sugat
791 4142 965 4226 diligenter
987 4142 1163 4207 tenendum
1216 4153 1327 4207 tenere
1359 4141 1507 4206 velimus.
1558 4141 1597 4204 In
1629 4142 1698 4205 eius
1727 4162 1829 4226 regno
1859 4141 1939 4207 haee
1968 4142 2093 4207 abunde
2122 4145 2183 4206 im·

198 4238 256 4294 est.
299 4228 372 4293 Hoo
394 4228 485 4301 enim,
504 4227 566 4309 ipsi
589 4248 652 4290 non
671 4228 857 4293 coneeditur
877 4239 913 4293 ut
931 4228 1029 4293 totius
1051 4226 1163 4291 mundi
1216 4229 1304 4312 plata
1325 4238 1409 4304 sunt,
1444 4240 1477 4292 et
1497 4226 1613 4310 prioris
1643 4229 1756 4311 templi
1779 4227 1919 4310 dignitas
1940 4248 2061 4311 magno
2083 4229 2182 4292 inter·

197 4313 366 4379 iaoultates
390 4313 570 4391 exhauriat,
600 4311 655 4376 sed
678 4324 715 4376 ut
736 4323 856 4377 statum
879 4334 971 4378 suum
999 4315 1164 4397 integrum
1217 4313 1301 4378 vallo
1340 4322 1490 4394 superata
1530 4322 1595 4377 est:
1636 4314 1710 4395 quia
1743 4312 1906 4376 Dominus
1946 4313 2060 4377 effudit
2099 4312 2183 4376 dona

198 4408 296 4481 atque
335 4398 529 4462 ineolumem
568 4408 744 4463 oonservet.
807 4399 894 4478 Quid
934 4400 1019 4463 enim
1060 4399 1163 4480 magis
1215 4400 1349 4482 spiritus
1370 4399 1484 4480 saneti,
1507 4417 1588 4481 qnae
1611 4419 1699 4481 auro,
1722 4408 1856 4480 argento
1879 4408 1911 4462 at
1934 4400 2071 4482 gemmis
2090 4419 2182 4480 prae·

198 4485 341 4551 alienum
370 4484 410 4547 ab
439 4483 591 4549 ecelesiae
619 4495 736 4548 natura
768 4503 865 4566 quam
896 4485 924 4548 si
957 4484 1164 4565 inexplebilis
1215 4485 1375 4549 stantiora
1408 4495 1492 4549 sunt.
1546 4483 1748 4548 Instruotum
1782 4505 1859 4566 ergo
1898 4505 1983 4548 nune
2021 4483 2183 4565 lapidibus

197 4570 296 4635 fuerit
325 4588 453 4651 gurges,
485 4579 583 4650 atque
615 4570 761 4633 omnium
791 4589 867 4651 opes
900 4568 940 4632 ad
970 4590 1004 4634 se
1030 4567 1163 4633 trahat?
1215 4570 1364 4653 pretiosis
1382 4569 1538 4651 templum
1558 4569 1667 4633 videre
1688 4569 1778 4632 lieet:
1801 4570 2072 4651 quemadmodum
2094 4571 2183 4651 prius

198 4656 289 4720 Haeo
311 4653 413 4736 igitur
435 4653 474 4716 ad
496 4654 697 4734 spiritualem
725 4656 794 4720 eius
823 4663 941 4719 statum
973 4655 1085 4719 referri
1109 4654 1162 4719 de·
1215 4675 1283 4737 oap.
1306 4654 1350 4717 54
1371 4652 1491 4718 dietum
1514 4665 1573 4719 eet.

199 4741 285 4818 bent,
313 4749 351 4802 ut
384 4736 476 4803 Deus
503 4740 536 4802 in
569 4760 608 4804 ea
638 4760 720 4822 pure
752 4740 883 4815 dolatur,
918 4751 953 4805 ut
985 4741 1095 4824 vigeat
1127 4759 1164 4805 ae
1300 4737 1570 4823 (Proefmlurom.)
1625 4739 1692 4804 Alii
1725 4739 1880 4804 tributum
1910 4743 2053 4805 vertunt.
2108 4739 2182 4803 Non

198 4828 313 4892 floreat
335 4824 548 4888 ministerium
570 4825 673 4903 verbi,
702 4833 740 4889 ut
761 4835 909 4890 servetur
929 4826 1038 4908 aliqua
1066 4824 1162 4891 disoi-
1216 4824 1328 4890 dubito
1349 4825 1428 4906 quin
1451 4824 1609 4905 propheta
1638 4823 1764 4907 oblique
1791 4827 1938 4890 oonlerre
1961 4823 2100 4889 voluerit
2122 4825 2182 4887 mi-

198 4913 298 4996 plina,
321 4930 386 4991 qua
405 4909 505 4973 veluti
524 4911 633 4975 fraeno
651 4931 763 4976 omnes
781 4910 999 4976 oohibeantur.
1033 4911 1164 4975 Interea
1215 4931 1321 4976 seram
1344 4910 1455 4992 populi
1484 4909 1683 4985 servitutem,
1714 4911 1773 4975 sub
1796 4931 1860 4992 qua
1883 4909 2074 4974 detinendus
2102 4921 2181 4987 erat,

198 4996 409 5063 meminerint
430 4994 541 5058 fideles
563 4995 688 5059 beatius
704 5017 773 5060 osse
791 4996 868 5060 dare
886 5017 981 5077 quam
1001 4997 1161 5077 aooipere:
1215 5018 1289 5061 eum
1313 4995 1478 5077 praeclara
1501 4993 1657 5077 dignitate
1688 5016 1786 5078 quam
1816 5008 1926 5077 postea
1956 4997 2092 5076 adeptus
2122 5006 2181 5060 eet.

199 5096 295 5165 atque
318 5085 362 5145 ita
386 5081 545 5162 patienter
563 5080 727 5145 ferendam
745 5101 815 5146 esse
832 5082 985 5163 inopiam,
1007 5088 1046 5144 ut
1068 5081 1162 5164 spiri·
1216 5082 1298 5146 Pani*
1317 5083 1403 5144 enim
1427 5092 1461 5144 et
1482 5080 1626 5144 iustitiae
1647 5081 1781 5162 opponit
1810 5084 1987 5161 praefectos
2010 5081 2067 5160 qui
2088 5101 2181 5145 exer·

198 5168 341 5234 tualibus
364 5167 454 5230 bonis
476 5164 580 5230 ditent
601 5184 638 5228 eo
664 5165 863 5247 locupletent
885 5165 973 5230 alios.
1018 5165 1163 5230 Tandem
1216 5176 1350 5230 onerant
1372 5166 1524 5229 iniustam
1549 5164 1810 5247 dominationem,
1838 5167 1913 5228 dum
1937 5185 2034 5229 avare
2057 5179 2088 5228 et
2110 5186 2182 5230 oru-

199 5253 346 5336 adiungit
369 5251 476 5334 palam
507 5252 572 5315 lore
601 5250 685 5333 quod
715 5251 756 5314 ad
785 5261 911 5335 tempus
939 5249 1163 5315 absoonditnm
1216 5250 1332 5316 deliter
1351 5252 1458 5315 vexati
1481 5250 1612 5315 fuerant
1634 5273 1653 5316 a
1674 5250 1873 5334 Babyloniis.
1917 5250 2012 5315 Nune
2034 5252 2182 5331 ostendit,
