4784 5970
195 342 258 406 123
1071 337 1122 402 IN
1143 334 1308 403 Isalcas
2125 329 2189 396 124

189 530 320 594 nomine
341 529 503 613 significat
524 548 559 593 se
581 526 897 593 administrationem
917 526 1037 592 habere
1056 524 1158 592 tctim
1209 525 1387 591 autetiam
1415 523 1603 589 hominibus
1632 521 1772 607 singulis
1793 530 1969 588 venturum
1998 520 2053 587 eit
2097 518 2186 584 Nem

189 615 313 691 mnndi,
337 633 395 679 nec
417 613 594 696 quidquam
616 633 687 678 esse
707 634 772 678 non
795 613 857 678 sibi
875 612 1067 680 subiectum.
1102 609 1158 678 Sic
1208 609 1257 674 illi
1279 607 1412 675 modum
1434 609 1598 676 excedunt
1618 617 1652 673 et
1668 609 1771 693 signis
1788 608 1985 674 abutuntur:
2005 624 2095 689 quae
2116 624 2185 669 non

190 700 277 764 enim
300 700 446 782 potentia
463 697 527 763 Dei
544 719 619 764 cum
642 699 741 765 verbo
763 700 865 782 ipsius
886 698 1041 781 coniungi
1063 696 1159 762 debet
1209 715 1249 760 ea
1278 695 1403 760 ratione
1430 696 1551 760 dantur
1579 702 1616 760 ut
1649 694 1741 759 uobis
1769 694 1836 759 sint
1868 693 2038 777 praesagia
2071 709 2185 756 mrum

190 798 226 849 ut
249 805 417 867 nunquam
438 794 639 866 separentur.
1209 782 1405 846 futurarum.
1455 781 1579 845 Fateor
1605 778 1737 862 quidem
1769 800 1828 844 nos
1856 777 2050 845 coelestibus
2079 775 2183 860 signis

274 868 326 935 25.
349 868 538 954 (Dissipcas
558 868 673 955 equo.)
715 867 788 935 Hoc
811 869 1005 934 nominatim
1034 867 1159 933 addidit
1209 865 1375 931 interdum
1403 865 1586 940 admoneri,
1623 875 1661 928 nt
1689 872 1897 947 provocatam
1927 884 1948 928 a
1975 861 2072 928 nohis
2098 861 2183 926 ham

190 955 366 1039 propheta,
398 955 481 1038 quod
511 953 661 1039 Babylon
691 975 757 1019 non
787 954 890 1020 solum
921 954 954 1018 vi
982 973 1159 1031 armornm,
1210 951 1345 1016 Domini
1368 961 1426 1017 aut
1448 949 1673 1035 impendentia
1693 949 1825 1035 flagella
1848 948 2103 1033 conspiciamus:
2125 943 2183 1011 sed

190 1041 293 1123 copiis
314 1045 348 1105 et
370 1039 539 1122 praesidiis
561 1050 705 1105 caeterae
727 1039 876 1105 nationes
904 1039 1068 1105 anteibat:
1102 1038 1158 1103 sed
1212 1058 1277 1102 non
1300 1051 1338 1101 ut
1359 1037 1490 1122 singula
1510 1058 1552 1101 ex
1574 1036 1615 1102 iis
1637 1035 1775 1101 definire
1801 1044 1861 1100 aut
1890 1043 2035 1100 statuere
2064 1031 2181 1098 andea

191 1131 289 1190 etiam
322 1125 480 1209 singulari
508 1125 649 1208 quadam
676 1125 865 1207 prudentia,
898 1145 964 1207 qua
991 1124 1026 1188 in
1054 1124 1160 1190 coelos
1210 1143 1293 1201 mus,
1316 1129 1414 1206 atque
1435 1120 1516 1187 adeo
1539 1142 1591 1186 ree
1611 1141 1746 1187 arcanas
1775 1129 1808 1185 et
1828 1120 1970 1186 occultas
1992 1138 2074 1202 quae
2095 1136 2182 1184 scru-

191 1232 292 1294 usque
313 1220 485 1293 penetrare
506 1211 685 1275 videbatur.
728 1209 817 1290 Quid
845 1210 933 1276 enim
962 1209 1159 1274 incommodi
1211 1209 1274 1272 tari
1307 1216 1340 1273 ιι
1371 1207 1572 1292 investigare
1603 1207 1696 1272 nefas
1728 1207 1860 1271 omnino
1892 1214 1950 1272 est
2000 1203 2182 1286 Praecipue

191 1296 335 1363 accidere
357 1306 485 1378 poterat
504 1296 545 1361 iis
567 1298 622 1379 qui
652 1297 761 1363 futura
790 1295 887 1379 longe
917 1294 1159 1378 praevidebant,
1211 1302 1323 1358 mmen
1345 1293 1489 1358 notanda
1512 1299 1563 1358 est
1583 1291 1760 1374 impietatis
1786 1311 1884 1358 eausa
1911 1300 1945 1356 et
1971 1290 2082 1374 origo:
2108 1288 2181 1372 quia

191 1394 224 1446 et
244 1381 388 1464 pericula
409 1382 616 1446 imminentia
637 1381 740 1460 facile,
770 1395 807 1445 nt
827 1380 927 1466 vulgo
950 1381 1159 1446 existimaba·
1212 1378 1309 1445 simul
1332 1399 1370 1444 ac
1391 1378 1534 1443 invaluit
1555 1397 1647 1442 error
1669 1377 1734 1457 ille,
1765 1387 1927 1443 astrorum
1955 1375 2096 1457 imperio
2125 1392 2180 1458 gu·

194 1480 261 1544 tur,
290 1476 442 1549 poterant
465 1466 649 1532 declinare?
683 1486 759 1531 nam
788 1466 961 1549 astrologi,
989 1467 1046 1550 qui
1073 1464 1159 1548 apud
1211 1464 1342 1529 bernari
1365 1465 1541 1530 bominum
1557 1463 1670 1538 vitam,
1693 1463 1856 1528 evertitur
1876 1460 1942 1525 Dei
1962 1459 2118 1537 tribunal,
2140 1478 2180 1524 nc

193 1553 281 1635 ipsos
303 1551 446 1618 celebres
467 1563 570 1631 erant,
592 1552 702 1616 omnia
723 1550 962 1635 praedicebant
1007 1551 1059 1616 Ab
1080 1551 1160 1634 ipsis
1212 1549 1326 1615 mundi
1348 1550 1393 1614 sit
1413 1550 1511 1615 iudex
1532 1550 1567 1614 in
1589 1549 1702 1629 poenis
1723 1547 1919 1632 infligendis,
1937 1546 1990 1611 vel
2008 1565 2069 1610 sua
2086 1544 2180 1610 mise·

194 1638 282 1703 enim
305 1646 377 1700 orta
398 1650 449 1703 est
470 1636 646 1721 astrologia
671 1636 871 1720 adulterina,
900 1658 997 1720 quam
1026 1636 1160 1702 iudicia·
1212 1634 1350 1701 riccrdia
1368 1634 1512 1718 perditos
1530 1636 1562 1699 in
1581 1634 1684 1698 vitam
1702 1634 1863 1699 restituat
1894 1632 1982 1697 Nam
2000 1630 2059 1713 qui
2076 1629 2181 1696 sidera

192 1724 275 1790 riam
298 1735 429 1800 vocant,
452 1744 517 1806 qua
541 1723 721 1787 etiamnum
743 1722 909 1806 praeclara
933 1723 1065 1806 ingenia
1087 1744 1161 1804 per·
1211 1720 1417 1786 irrevocabili
1437 1718 1528 1785 motu
1556 1741 1614 1787 suo
1643 1721 1774 1784 trabere
1801 1718 1970 1783 hominum
1990 1718 2097 1781 vitam
2126 1736 2180 1781 ex·

192 1807 298 1872 multa
329 1817 596 1890 corrumpuntur.
650 1808 861 1890 Usurparunt
892 1817 1001 1873 autem
1039 1807 1161 1872 mathe-
1211 1808 1367 1885 istimant,
1396 1806 1493 1870 simul
1519 1805 1736 1874 obdurescunt
1757 1804 1798 1869 ad
1823 1803 2091 1888 imaginationem
2111 1800 2181 1881 isti,

192 1893 383 1958 maticorum
407 1913 536 1973 nomen,
558 1914 620 1976 quc
638 1914 673 1958 se
688 1893 792 1976 magis
806 1893 926 1977 populo
941 1891 1159 1959 venditarent.
1213 1902 1250 1956 ut
1282 1892 1347 1954 iam
1377 1891 1449 1956 Deo
1481 1891 1564 1955 nihil
1593 1891 1754 1974 reliquum
1787 1890 1915 1955 faciant
1956 1887 2012 1952 Ita
2043 1885 2180 1970 sepultis

193 1979 274 2043 Eius
297 1979 450 2043 scientiae
472 1987 602 2044 autores
616 2000 651 2043 se
667 2000 739 2044 esse
753 1978 979 2062 gloriabantur
993 1978 1160 2062 Aegyptii,
1214 1978 1275 2042 Dei
1297 1976 1424 2041 iudiciis
1449 1978 1670 2061 exstinguitur
1696 1977 1810 2060 pietas,
1839 1984 1874 2040 et
1901 1973 2048 2040 aboletur
2076 1971 2181 2036 omnis

192 2063 277 2146 quod
294 2063 492 2146 antiquiores
507 2071 623 2141 ιιιιιι,
646 2085 782 2147 eamque
797 2065 921 2148 priores
937 2063 1159 2129 tradidissent:
1212 2063 1383 2127 invocatio.
1429 2062 1592 2144 Sapientes
1613 2067 1641 2130 et
1660 2063 1830 2140 ιιίιιιίαιι,
1858 2080 1916 2142 per
1936 2057 2180 2124 concessionem

193 2149 251 2214 sed
281 2149 329 2213 eis
357 2169 452 2214 suum
482 2158 645 2214 certamen
680 2148 912 2232 relinquamus.
957 2148 1089 2213 Certum
1112 2158 1162 2214 est
1213 2157 1314 2227 vocat,
1336 2150 1487 2231 quoniam
1505 2147 1554 2212 illi
1569 2150 1747 2232 sapientiae
1762 2146 1857 2211 titulo
1872 2143 2047 2210 admodum
2062 2142 2181 2227 gloria·

194 2233 377 2300 Chaldaeos
399 2234 557 2299 eiusmodi
579 2243 681 2299 artem
711 2236 775 2299 iam
805 2235 845 2299 ah
874 2234 967 2298 initio
996 2244 1161 2309 tractasse,
1213 2235 1341 2312 bantur,
1370 2255 1470 2315 quum
1499 2236 1685 2316 proferrent
1712 2254 1752 2298 ea
1784 2251 1866 2315 qnae
1897 2252 1941 2295 ex
1972 2229 2072 2295 astris
2104 2225 2183 2291 didi·

194 2334 292 2403 atque
320 2318 351 2383 ei
380 2319 557 2401 plurimum
589 2319 754 2399 tribuisse,
787 2319 832 2382 ita
857 2332 895 2384 ut
924 2318 1161 2385 Chaldaeorum
1213 2330 1334 2397 serant,
1357 2339 1395 2385 ac
1412 2321 1439 2383 si
1455 2319 1489 2383 in
1504 2320 1676 2385 consilium
1692 2319 1757 2383 Dei
1772 2327 1879 2384 essent
1893 2314 2036 2380 admissi.
2073 2311 2183 2397 Signi·

195 2426 312 2470 nomen
335 2404 494 2470 eiusmodi
517 2404 689 2488 astrologis
716 2414 787 2469 tum
818 2404 1013 2486 aGraecis,
1042 2414 1111 2469 tum
1143 2424 1163 2468 a
1215 2409 1290 2473 ficat
1310 2425 1389 2489 ergo
1407 2407 1520 2469 inanes
1539 2406 1618 2470 istas
1634 2406 1812 2489 sapientiae
1830 2403 1938 2468 larvas
1952 2398 2185 2483 impedimento

194 2490 325 2555 Latinis
345 2489 488 2555 inditum
511 2490 563 2556 sit.
608 2489 717 2570 Quum
739 2490 841 2573 igitur
862 2490 1003 2554 multum
1025 2489 1164 2555 fiduciae
1215 2513 1280 2558 non
1304 2492 1373 2554 lore
1395 2492 1567 2573 quominus
1589 2512 1718 2556 omnem
1740 2510 1852 2556 eorum
1878 2496 1999 2552 statum
2021 2484 2184 2550 Dominus

194 2586 354 2658 ponerent
376 2576 412 2639 in
434 2595 473 2641 ea
490 2575 642 2653 scientia,
676 2574 839 2640 Dominus
867 2575 977 2640 omnia
1008 2596 1091 2659 quae
1122 2575 1163 2640 ad
1215 2587 1358 2644 evertat:
1380 2595 1454 2640 nam
1477 2578 1588 2640 omnia
1616 2596 1728 2641 eorum
1757 2572 1892 2641 consilia
1920 2582 1953 2636 et
1981 2570 2122 2636 astutiae
2150 2570 2184 2634 in

194 2663 298 2746 ipsam
322 2660 496 2743 pertinent,
520 2682 554 2726 se
577 2661 808 2743 dissipaturum
830 2659 1012 2726 denuntiat.
1216 2664 1356 2728 nihilum
1379 2660 1578 2746 redigentur.

279 2744 418 2832 (Sigeo.)
457 2745 530 2812 Hoc
553 2746 684 2811 nomine
706 2754 798 2810 notat
820 2747 953 2829 positus,
976 2767 1164 2826 concursus,
1301 2748 1352 2813 26.
1385 2745 1567 2832 (Secuta
1585 2745 1733 2832 cabum)
1776 2746 1872 2811 Nunc
1901 2740 2062 2826 propheta
2089 2740 2185 2806 insti·

197 2844 230 2896 et
264 2834 373 2897 varios
406 2841 555 2914 aspectus
587 2831 748 2909 siderum,
788 2832 828 2895 de
860 2831 977 2915 quibus
1010 2832 1164 2915 astrologi
1216 2842 1289 2899 tuto
1319 2852 1379 2898 suo
1407 2834 1629 2899 accommodat
1658 2831 1690 2896 id
1720 2831 1808 2914 quod
1836 2830 1926 2913 prius
1954 2827 2048 2893 dixit.
2092 2827 2187 2891 Dam-

194 2917 482 3000 philcsophantur:
509 2926 620 2999 postea
642 2939 677 2981 se
699 2937 755 2981 eos
777 2917 937 2982 infatuare
959 2918 1046 2984 dicit.
1087 2930 1164 2985 ῦῆὶ
1217 2921 1276 2984 etsi
1299 2918 1387 2984 enim
1415 2918 1612 2999 generaliter
1641 2918 1795 3001 loquutus
1826 2926 1885 2993 est,
1918 2922 2045 2980 certum
2076 2920 2185 2977 tamen

196 3001 359 3083 accipiunt
382 3000 531 3065 nonnulli
559 3021 617 3083 pro
647 3002 831 3079 mendaciis,
860 3002 952 3084 quasi
981 3003 1101 3067 diceret
1129 3001 1168 3065 in'
1216 3024 1350 3087 scopum
1383 3003 1511 3078 babuit,
1545 3013 1582 3068 ut
1614 3004 1655 3068 ad
1688 3002 1869 3085 praesentis
1900 3018 2016 3066 musae
2047 3000 2186 3064 circum·

199 3085 467 3161 divinationibus,
502 3107 581 3168 quas
614 3086 766 3170 astrologi
796 3086 978 3165 venditant,
1008 3108 1073 3151 non
1101 3086 1165 3151 nisi
1217 3089 1371 3153 stantiam
1400 3094 1528 3171 aptaret
1557 3088 1712 3171 quidquid
1742 3087 1877 3166 dicebat,
1907 3106 1949 3150 ne
1976 3082 2103 3150 scilicet
2130 3103 2186 3166 po·

196 3192 304 3235 merae
325 3192 396 3235 esse
418 3171 631 3252 imposturas:
660 3171 717 3235 sed
744 3171 829 3235 malo
859 3172 1004 3253 accipere
1031 3192 1089 3252 pro
1117 3171 1165 3236 di·
1217 3173 1315 3256 pulus
1347 3171 1429 3237 falsa
1461 3171 1519 3237 illa
1551 3172 1790 3240 Chaldaeorum
1823 3170 1984 3254 sapientia
2017 3169 2187 3251 perturba·

197 3257 295 3333 vinis,
328 3255 600 3338 quemadmodum
632 3256 759 3338 saepius
792 3256 826 3319 in
859 3277 898 3320 ea
929 3257 1166 3340 significatione
1217 3269 1326 3336 retur,
1368 3267 1425 3321 aut
1461 3257 1624 3324 dubitaret
1655 3260 1734 3343 quin
1767 3257 1859 3323 Deus
1890 3258 1977 3339 ipsos
2009 3252 2187 3338 aliquande

196 3341 367 3424 reperitur.
412 3339 590 3420 Quaeritur
620 3362 661 3404 an
690 3339 928 3406 Chaldaeorum
958 3341 1165 3425 astrologiam
1218 3355 1304 3410 esset
1324 3343 1531 3408 liberaturus.
1575 3343 1684 3410 Vanae
1708 3363 1786 3428 ergo
1807 3362 1918 3408 eorum
1948 3338 2188 3424 praedictiones

195 3428 232 3493 in
254 3427 444 3492 universum
467 3424 607 3503 damnet,
635 3446 677 3489 an
700 3427 839 3492 abusum
867 3435 901 3492 ιι
927 3425 1166 3510 corruptelam?
1218 3428 1486 3512 promissionibus
1515 3430 1574 3495 Dei
1604 3430 1746 3514 opponit,
1776 3450 1818 3494 ne
1845 3426 2068 3492 monarchiam
2096 3424 2188 3489 illam

196 3511 401 3595 Respondeo,
434 3510 489 3575 hie
520 3510 711 3594 simpliciter
741 3511 889 3577 damnari
918 3513 1012 3596 signa
1041 3511 1097 3577 illa
1126 3532 1168 3577 ex
1219 3516 1259 3581 ab
1277 3516 1367 3580 omni
1384 3514 1530 3600 periculo
1546 3517 1728 3581 immunem
1746 3535 1816 3580 esse
1833 3513 2070 3579 existimarent.
2100 3509 2189 3575 'Palis

197 3599 314 3682 quihus
338 3597 599 3663 vaticinabantur
622 3596 787 3674 Chaldaei,
817 3605 851 3661 et
872 3618 906 3663 se
936 3598 1046 3663 lutura
1074 3619 1168 3665 nosse
1219 3611 1329 3666 autem
1362 3611 1432 3666 erat
1463 3602 1649 3683 promissio:
1683 3600 1834 3685 Babylon
1867 3607 2011 3673 corruet,
2047 3594 2189 3679 populus

200 3683 444 3748 existimabant:
488 3703 526 3747 ea
565 3684 652 3747 enim
691 3682 866 3748 vanissima
905 3704 975 3749 esse
1007 3682 1169 3749 Dominus
1220 3708 1298 3752 vero
1320 3708 1412 3752 meus
1430 3688 1463 3751 in
1481 3685 1661 3751 libertatem
1680 3687 1879 3751 restituetur.
1911 3682 1984 3748 Has
2000 3682 2189 3766 promissio·

198 3768 400 3852 pronuntiat.
445 3767 513 3833 Nec
542 3767 600 3831 ebs
632 3790 668 3833 re
698 3769 804 3834 vetuit
832 3789 873 3834 ne
901 3768 1039 3853 populus
1069 3769 1168 3836 Chal·
1220 3793 1279 3838 nes
1301 3773 1451 3837 ridebant
1472 3771 1644 3838 Chaldaei:
1675 3771 1776 3852 Quasi
1800 3791 1877 3835 vero
1899 3790 1941 3834 ex
1967 3768 2067 3833 astris
2095 3787 2189 3849 prae·

199 3854 306 3932 daecs,
340 3852 532 3938 astrologos,
566 3853 703 3932 divinos,
743 3853 951 3933 coniectores,
991 3863 1046 3918 aut
1088 3854 1168 3920 alios
1219 3858 1330 3923 videre
1352 3878 1418 3921 non
1442 3859 1603 3939 possimus
1618 3857 1697 3940 quid
1720 3857 1810 3922 nobis
1825 3865 2000 3920 venturum
2023 3853 2077 3919 sit.
2111 3851 2190 3917 Ideo

199 3938 358 4003 eiusmodi
377 3949 466 4003 vates
488 3938 687 4004 consuleret:
710 3961 792 4004 neve
809 3941 967 4022 quispiam
986 3940 1042 4021 qui
1063 3949 1168 4004 artem
1220 3943 1298 4009 dicit
1319 3942 1481 4007 Dominus
1504 3964 1538 4007 se
1561 3945 1804 4021 suscitaturum,
1826 3942 1858 4005 id
1881 3952 1939 4015 est,
1962 3959 1999 4004 re
2015 3940 2088 4020 ipsa
2104 3958 2190 4004 com·

200 4025 295 4090 istam
318 4037 483 4090 exerceret
503 4027 537 4088 in
556 4025 676 4106 populo
693 4024 889 4089 toleraretur
906 4023 1017 4110 (Dent.
1036 4024 1085 4102 18,
1105 4024 1168 4111 10).
1221 4028 1433 4112 probaturum
1465 4028 1549 4109 quod
1585 4029 1748 4109 promisit,
1785 4035 1881 4108 atque
1919 4046 1958 4090 ea
1996 4024 2190 4090 effecturum

200 4109 296 4190 Quod
329 4112 356 4173 si
387 4110 506 4192 aliquid
537 4111 619 4175 certi
651 4108 760 4193 colligi
793 4118 901 4193 posset
932 4132 973 4175 ex
1007 4121 1166 4176 astrorum
1220 4137 1303 4198 quae
1323 4114 1483 4195 sapientes
1505 4112 1553 4176 illi
1575 4133 1635 4202 nec
1664 4112 1862 4196 praevidere,
1892 4132 1952 4177 nec
1973 4110 2086 4175 animo
2112 4129 2189 4177 cen·

199 4198 265 4261 situ
287 4202 320 4258 et
342 4207 483 4276 aspectu,
507 4195 595 4260 haud
618 4194 714 4260 dubie
733 4196 894 4260 Dominus
912 4217 982 4260 eam
1000 4197 1168 4262 scientiam
1220 4201 1327 4282 cipere
1349 4207 1509 4281 poterant.
1555 4197 1650 4278 Quod
1672 4200 1758 4263 enim
1784 4197 1982 4262 nuntiabant
2003 4194 2191 4279 prophetae,

200 4301 265 4346 non
287 4280 335 4344 ita
357 4279 535 4345 damnaret.
580 4279 692 4360 Quum
715 4301 792 4363 ergo
813 4282 884 4345 sine
906 4283 1095 4364 exceptione
1115 4304 1167 4346 ve·
1221 4285 1311 4366 impii
1334 4305 1393 4366 pro
1415 4283 1504 4347 inani
1525 4285 1634 4348 sonitu
1657 4283 1829 4361 hebebant,
1857 4283 1912 4366 qui
1936 4302 2013 4346 mcx
2042 4278 2190 4347 concide·

200 4366 310 4445 tuerit,
340 4366 482 4431 ostendit
508 4367 649 4448 profecto
678 4386 750 4430 eam
778 4365 861 4430 nihil
890 4378 1017 4448 praeter
1046 4388 1168 4432 meram
1221 4382 1281 4436 ret.
1324 4369 1414 4434 Huic
1435 4369 1579 4450 opinioni
1602 4368 1763 4434 excitandi
1785 4369 1917 4434 verbum
1944 4367 2098 4450 opponit:
2128 4385 2190 4448 quo

200 4452 414 4534 imposturam
445 4451 617 4524 continere,
646 4470 749 4532 aqua
777 4471 890 4515 omnes
920 4453 965 4533 pii
994 4452 1169 4518 abhorrere
1221 4455 1385 4539 significat
1412 4452 1520 4519 Deum
1550 4457 1713 4520 facturum
1747 4464 1785 4518 ιιι
1813 4464 1939 4520 constet
1971 4452 2066 4516 dictis
2099 4452 2189 4517 fides

201 4536 328 4601 debent.
372 4539 419 4601 At
446 4557 525 4600 vero
559 4536 655 4600 huius
685 4534 835 4601 vanitatis
872 4538 998 4618 patroni
1029 4537 1170 4621 allegant
1222 4540 1313 4605 Serui
1335 4540 1466 4604 nomine
1487 4540 1639 4623 intelligit
1662 4561 1773 4604 omnes
1800 4538 1988 4623 prophetas:
2021 4538 2087 4604 nisi
2108 4536 2189 4602 veli·

201 4622 309 4687 sidera
331 4633 364 4686 et
386 4621 496 4686 stellas
518 4621 551 4684 in
581 4622 674 4704 signe
696 4643 716 4685 ι
738 4621 881 4686 Domino
904 4620 979 4685 data
1001 4643 1080 4687 esse.
1124 4624 1170 4690 Ut
1222 4647 1294 4691 mus
1316 4624 1434 4689 Isaiam
1454 4627 1624 4708 praecipue
1644 4625 1817 4710 designari,
1840 4625 1894 4707 qui
1911 4623 2099 4690 luculentus
2112 4642 2190 4705 prae

202 4728 264 4790 ego
287 4708 482 4789 principium
506 4705 571 4771 illis
593 4705 654 4771 hcc
676 4706 858 4780 concedam,
883 4706 1069 4788 respondeo,
1091 4730 1168 4791 qua·
1221 4711 1293 4776 aliis
1316 4710 1414 4775 buius
1434 4710 1634 4775 liberationis
1658 4713 1792 4775 nuntius
1819 4731 1857 4776 ac
1887 4712 1978 4776 testis
2006 4711 2078 4776 tuit.
2124 4706 2190 4775 sed

203 4815 277 4858 rum
301 4814 409 4858 rerum
427 4794 522 4875 signa
539 4792 605 4856 sint
622 4791 957 4858 animadvertendum.
993 4792 1061 4858 Nec
1083 4797 1169 4858 enim
1221 4797 1261 4860 ad
1285 4817 1387 4860 unum
1411 4794 1443 4859 id
1466 4797 1662 4880 restringere
1685 4798 1818 4861 minime
1840 4817 1920 4878 opus
1947 4804 2006 4872 est,
2037 4794 2189 4878 quoniam

202 4878 397 4943 damnemus
423 4877 630 4960 astrologiam
657 4877 746 4940 illam
775 4899 856 4960 quae
886 4898 998 4942 cursus
1028 4878 1168 4943 siderum
1222 4883 1261 4946 ad
1285 4902 1397 4946 omncs
1419 4883 1609 4964 pertinebat,
1641 4902 1722 4963 quos
1744 4883 1843 4946 etiam
1865 4881 2029 4946 communi
2058 4880 2190 4946 nomine

201 4964 452 5047 contemplatur,
482 4962 656 5044 inquibus
682 4961 903 5027 admirabilem
927 4962 990 5026 Dei
1020 4966 1169 5030 maiesta·
1223 4980 1314 5031 vocat
1338 4967 1460 5050 legatos
1483 4966 1555 5039 Dei,
1579 4968 1632 5031 vel
1655 4967 1795 5050 angelos,
1818 4968 1893 5049 quia
1915 4966 2025 5049 plures
2046 4967 2191 5044 miserat,

204 5056 271 5112 tcm
295 5070 469 5131 agnoscere
497 5047 664 5113 debemus:
695 5045 751 5111 sed
773 5050 913 5113 curiosos
934 5048 1090 5129 homines,
1114 5051 1170 5133 qui
1221 5066 1258 5116 ut
1281 5073 1345 5116 uuo
1367 5055 1510 5116 omnium
1533 5073 1692 5118 consensu
1714 5054 1830 5116 melius
1857 5054 1983 5117 fulciret
2003 5053 2117 5135 populi
2139 5051 2190 5116 sui

204 5155 246 5198 ex
269 5135 308 5199 iis
337 5135 477 5201 iudicare
500 5134 614 5200 volunt
641 5152 737 5214 quam
768 5134 942 5198 diuturnus
972 5136 1100 5200 iuturus
1129 5138 1170 5201 sit
1221 5138 1328 5203 fidem.
1384 5137 1516 5202 Consilii
1556 5141 1685 5202 nomine
1719 5138 1848 5203 decreta
1879 5139 2008 5220 quidem
2042 5138 2108 5203 Dei
2140 5139 2189 5201 in·

203 5219 321 5302 aliquis
355 5223 570 5304 principatus,
602 5217 679 5301 quid
710 5218 786 5284 huic
815 5219 939 5284 civitati
969 5234 1025 5284 aut
1054 5222 1170 5304 populo
1223 5223 1349 5308 telligit,
1372 5223 1427 5289 sed
1451 5243 1516 5287 non
1539 5224 1710 5305 quaelibet.
1754 5224 1851 5289 Nefas
1877 5225 1962 5288 enim
1990 5233 2041 5288 est
2068 5225 2111 5289 de
2138 5244 2191 5289 ar·
