4784 5970
194 333 237 401 ee
1073 333 1311 404 uvlssmu
2149 337 2193 440 sc

194 522 252 590 din
274 522 352 588 orba
374 531 406 588 et
428 523 573 589 solitaria
594 524 728 590 fuisset:
761 524 814 590 vel
838 525 1005 590 turmatim
1028 523 1163 590 adeam
1216 525 1251 588 in
1275 524 1330 590 eis.
1363 523 1487 591 Omnes
1509 525 1611 609 igitur
1633 526 1874 608 superstitiosos
1897 525 2052 591 vanitatis
2074 524 2192 609 plenos

194 609 357 676 rediturus
379 611 434 692 qui
457 631 515 692 per
536 609 713 693 longinqua
734 610 849 676 exsilia
871 611 1008 694 dispersi
1025 612 1163 676 fuerant.
1217 629 1297 689 esse,
1319 610 1402 675 nihil
1425 611 1533 676 iudicii
1557 620 1614 676 aut
1635 611 1768 676 rationis
1791 611 1910 676 habere
1928 610 2078 676 ostendit.
2112 609 2190 678 Hoc

195 693 399 779 Opponeuda
427 695 528 778 igitur
557 706 607 760 est
639 696 687 759 illi
717 696 864 761 vastitati
890 696 1052 762 restitutio
1080 716 1164 778 quae
1217 694 1346 778 quidem
1370 697 1449 779 ipsis
1471 696 1658 780 persuaderi
1678 718 1742 761 nou
1761 707 1882 780 potest:
1906 717 1980 761 nam
1999 697 2190 780 arrogantia

194 801 253 932 Eer
281 781 406 864 Cyrum
439 784 524 846 lacta
556 791 622 859 est,
655 780 710 846 ubi
738 781 872 861 dicitur,
903 783 988 847 Ecce
1017 783 1163 847 veniunt.
1216 802 1276 846 sua
1297 782 1401 846 inflati
1423 803 1457 848 se
1479 784 1649 866 primarios
1672 782 1818 849 omnium
1842 782 2009 847 hominum
2032 802 2102 848 esse
2129 803 2189 867 pu·

227 881 241 930 t
261 868 321 932 sub
343 866 475 933 nomine
497 866 601 931 Primi
624 888 690 931 nen
712 866 807 932 mede
825 877 960 933 aeterna
974 868 1037 932 Dei
1056 888 1164 933 essen·
1216 876 1295 943 tant,
1324 888 1446 951 nosque
1475 867 1567 932 velut
1596 869 1741 952 stupidos
1769 884 1801 934 et
1831 867 2046 932 humanarum
2075 888 2187 933 rerum

194 953 248 1030 tia,
271 951 328 1018 sed
351 953 450 1017 etiam
473 951 617 1018 vaticinii
639 952 814 1036 antiquitas
829 963 970 1018 notatur.
1004 952 1164 1036 Adiungit
1215 962 1367 1036 expertes
1394 975 1471 1036 prae
1498 974 1533 1019 se
1561 954 1750 1037 despiciunt.
1802 951 1876 1034 Quo
1908 953 1993 1018 laetu
2023 973 2080 1018 nes
2111 974 2189 1018 con·

194 1036 356 1120 quomodo
389 1037 501 1103 fideles
533 1037 624 1103 Deus
657 1036 789 1104 edoceat
829 1039 868 1103 de
907 1041 1003 1105 rebus
1036 1039 1162 1115 futuris,
1216 1047 1370 1103 temnunt
1402 1040 1548 1123 papistae
1582 1048 1616 1104 et
1647 1041 1734 1105 acuti
1767 1059 1879 1104 eurum
1913 1037 2082 1104 docteres?
2122 1059 2188 1121 qua

194 1144 312 1206 nempe
350 1143 447 1206 opera
487 1130 520 1187 et
554 1124 735 1189 ministerio
774 1125 1014 1209 prophetarum.
1067 1137 1164 1192 abab
1216 1125 1369 1207 superbia
1401 1125 1477 1189 olim
1511 1125 1652 1189 Romani
1685 1124 1824 1190 ludaeos
1856 1122 2073 1205 spreverunt?
2118 1121 2188 1192 Sed

193 1207 419 1294 Hieronymus
442 1209 541 1275 vertit
563 1210 813 1294 evangelistam,
842 1210 899 1276 sed
922 1211 1051 1293 proprie
1080 1232 1163 1274 nun·
1217 1208 1299 1274 nihil
1333 1219 1384 1275 est
1415 1231 1473 1276 cur
1505 1230 1671 1275 moremur
1704 1210 1800 1275 talem
1835 1210 2038 1293 superbiam:
2072 1230 2187 1275 omnes

109 1372 111 1377 g
194 1294 278 1359 tium
312 1295 490 1379 signifieat:
531 1316 646 1376 parum
676 1307 784 1362 tamen
817 1296 971 1374 interest,
1004 1295 1088 1378 quod
1122 1293 1163 1359 ad
1216 1296 1305 1361 enim
1325 1296 1379 1360 hic
1401 1316 1421 1359 a
1443 1297 1514 1360 Deo
1536 1296 1689 1361 vanitatis
1713 1295 1916 1361 damnantur.

194 1400 324 1446 sensum
347 1391 481 1463 spect-at.
518 1380 700 1463 Prophetas
722 1383 809 1446 enim
825 1383 955 1447 denotat
970 1382 1025 1463 qui
1043 1381 1163 1446 laetum
1301 1380 1459 1467 (Defectus
1484 1401 1578 1462 opere
1604 1381 1734 1467 eorum.)
1782 1380 1892 1465 Opera
1922 1387 2017 1446 vocat
2044 1393 2111 1446 tam
2142 1382 2187 1447 ai·

194 1486 232 1542 ac
261 1478 407 1548 optatum
436 1466 534 1531 huius
566 1466 768 1532 liberationis
802 1469 957 1532 nuntium
989 1467 1163 1548 perferent,
1216 1466 1361 1533 mulacra
1384 1487 1465 1550 quae
1494 1466 1556 1531 sibi
1585 1468 1803 1551 superstitiosi
1834 1467 1982 1532 homines
2011 1466 2186 1551 effingunt,

194 1553 290 1619 sicuti
313 1564 390 1617 ante
413 1573 470 1634 per
491 1553 607 1617 Mosen
630 1554 825 1635 promiserat
840 1552 930 1618 Deus
953 1574 987 1617 se
1008 1573 1067 1634 per
1089 1572 1164 1616 con·
1215 1573 1313 1635 quam
1341 1573 1454 1617 omnes
1482 1554 1719 1619 commentitios
1748 1553 1873 1632 cultus,
1908 1573 2045 1634 quorum
2074 1552 2186 1619 nullus

194 1639 303 1702 tinuas
318 1640 538 1704 successiones
552 1639 769 1704 excitaturum
784 1639 897 1704 fideles
911 1639 1086 1716 ministres,
1108 1639 1163 1720 qui
1216 1648 1266 1703 est
1286 1638 1364 1702 finis
1388 1639 1438 1703 vel
1461 1637 1591 1716 modus,
1623 1638 1677 1702 ubi
1699 1639 1773 1720 quis
1802 1639 1864 1704 sibi
1894 1638 2061 1722 religionis
2091 1649 2187 1704 autor

193 1725 299 1808 magis
315 1722 476 1798 omuibus,
498 1723 608 1789 ariolis
623 1737 656 1788 et
672 1723 791 1789 divinis
806 1724 904 1809 longe
919 1722 1162 1806 praeuenerent.
1216 1733 1250 1788 et
1270 1725 1427 1807 magister
1448 1745 1519 1788 esse
1548 1726 1688 1809 appetit:
1722 1725 1831 1789 omnia
1860 1723 2041 1805 deiectum,
2069 1723 2102 1788 id
2126 1739 2186 1804 est,

193 1809 290 1876 Unde
313 1811 409 1874 etiam
432 1810 523 1890 prius
544 1808 666 1893 insigni
696 1809 791 1875 titulo
821 1811 988 1875 ecelesiam
1017 1808 1162 1891 ornabat,
1216 1830 1283 1874 rem
1308 1808 1401 1873 nihili
1423 1829 1494 1874 esse
1515 1812 1716 1890 prenuntiat.
1755 1810 1890 1875 Planius
1911 1811 2011 1874 etiam
2033 1808 2186 1890 declarat,

194 1895 465 1960 annuntiatrieem
490 1915 624 1960 vocans:
647 1896 797 1977 queniam
821 1896 857 1960 in
879 1916 916 1959 ea
938 1915 1089 1960 resonare
1107 1894 1162 1959 de·
1216 1915 1315 1976 quum
1338 1895 1416 1961 dicit
1434 1900 1557 1960 ventam
1578 1916 1648 1961 esse
1671 1907 1704 1959 et
1725 1894 1824 1974 dees,
1845 1896 1878 1959 id
1901 1905 1960 1974 est,
1983 1917 2052 1959 rem
2074 1895 2187 1962 coniu-

195 1980 248 2046 bet
271 1981 406 2046 verbum
422 1979 504 2044 Dei:
527 1979 612 2062 quod
636 1981 811 2064 plurimum
836 1980 924 2046 valet
945 1979 986 2044 ad
1001 2000 1162 2045 commen·
1217 2001 1296 2045 sam.
1340 1979 1395 2046 Sic
1418 1982 1504 2046 enim
1527 2002 1654 2063 expono
1676 1994 1752 2059 tritt,
1783 1981 2055 2063 quemadmodum
2086 1982 2186 2046 etiam

193 2065 357 2132 dationem
380 2066 637 2149 praedicationis.
669 2067 738 2132 Nee
761 2067 849 2131 enim
864 2067 1026 2133 Dominus
1041 2088 1059 2130 e
1074 2065 1163 2130 cocle
1216 2066 1373 2150 accipitur
1406 2067 1510 2149 primo
1540 2066 1721 2142 Geneseos,
1754 2088 1853 2149 quum
1889 2077 2010 2131 terram
2043 2067 2185 2149 primum

193 2151 358 2218 descendit
380 2166 416 2217 ut
439 2173 497 2216 uos
521 2151 648 2217 doceat:
686 2152 741 2217 sed
765 2152 870 2217 utitur
892 2151 1073 2216 ministerio
1095 2173 1163 2215 ser·
1215 2151 1386 2217 informem
1410 2171 1447 2216 ac
1470 2151 1571 2217 veluti
1594 2153 1760 2217 confusam
1784 2153 1884 2217 luisse
1903 2151 2012 2216 Moses
2030 2152 2086 2215 ait.
2120 2151 2187 2218 Hic

192 2259 308 2303 verum
329 2259 474 2319 suorum,
497 2247 592 2319 atque
615 2240 757 2320 ipsorum
780 2259 835 2302 ore
858 2259 892 2302 se
914 2236 1003 2319 loqui
1021 2257 1162 2318 prenun-
1215 2236 1304 2302 locus
1326 2238 1483 2303 adversus
1505 2237 1692 2302 idololatras
1715 2236 1889 2322 diligenter
1911 2237 2083 2302 notandus.
2118 2238 2186 2303 Pu·

193 2325 263 2387 tiat.
306 2322 380 2387 Hoc
409 2334 519 2387 autern
549 2323 678 2406 insigne
705 2322 896 2389 beneficium
930 2323 991 2386 Dei
1020 2342 1039 2385 a
1069 2320 1162 2386 nobis
1215 2333 1287 2387 tant
1309 2324 1396 2387 enim
1419 2322 1593 2390 simulacra
1613 2325 1762 2388 instituta
1781 2344 1850 2388 esse
1869 2322 1910 2388 ad
1928 2321 2186 2388 conservandam

192 2418 261 2473 toto
283 2408 392 2473 animo
414 2407 692 2489 complectendum
715 2418 774 2474 est.
812 2409 1012 2473 Promiserat
1034 2408 1067 2470 in
1090 2408 1161 2491 lege
1215 2407 1416 2491 religionem,
1439 2419 1534 2491 atque
1554 2429 1665 2473 eorum
1685 2422 1868 2491 conspectu,
1891 2422 2045 2493 tanquam
2065 2409 2186 2473 visibili

191 2491 304 2578 (Deut.
328 2492 464 2578 18,15),
507 2502 543 2556 ut
576 2515 680 2575 nuper
712 2494 825 2577 attigi:
867 2491 1035 2559 Suscitabo
1071 2493 1161 2558 vobis
1215 2495 1398 2576 praesentia
1421 2495 1494 2574 Dei,
1517 2496 1640 2559 animos
1663 2495 1804 2560 accendi.
1848 2495 1967 2560 Libros
1989 2494 2184 2578 simplicium

191 2580 384 2663 prophetam
419 2579 458 2643 de
492 2578 597 2642 medio
632 2582 741 2645 vestri.
785 2579 881 2644 Nunc
914 2580 1160 2661 promissionem
1214 2588 1311 2661 atque
1351 2580 1525 2644 idiotarum
1565 2601 1636 2645 esse
1675 2590 1807 2662 putant,
1851 2581 1905 2663 qui
1947 2580 2182 2663 seripturarum

68 2690 71 2694 ·
191 2666 289 2731 istam
311 2666 489 2741 confirmat,
513 2686 612 2746 quum
636 2667 691 2748 ait,
722 2665 853 2730 nunties
876 2665 1009 2729 minime
1032 2664 1161 2728 defutu-
1215 2665 1352 2729 lectione
1385 2666 1512 2730 institui
1546 2687 1611 2730 non
1644 2678 1790 2748 pessunt.
1842 2665 1906 2730 Hic
1940 2686 2017 2729 vere
2049 2666 2185 2749 spiritus

191 2772 245 2815 ros
268 2750 323 2832 qui
346 2750 501 2833 populum
525 2749 699 2815 sublevent
721 2751 753 2815 in
783 2752 853 2824 suis
881 2750 1097 2827 moeroribus,
1128 2760 1161 2813 et
1214 2749 1277 2814 Dei
1301 2771 1368 2814 rem
1392 2751 1557 2816 confusam
1580 2760 1677 2835 atque
1698 2752 1868 2817 informem
1892 2773 1961 2815 esse
1984 2751 2074 2816 dicit:
2109 2753 2184 2834 quia

191 2836 224 2900 in
255 2836 392 2901 summis
420 2835 486 2900 illis
516 2838 674 2918 angustiis
703 2836 919 2901 consolentur.
968 2835 1034 2899 Hie
1063 2836 1160 2899 etiam
1213 2834 1364 2900 videlicet
1393 2837 1609 2902 obturbantur
1639 2838 1771 2921 ingenia
1802 2838 1990 2914 hominum,
2024 2849 2119 2920 atque
2149 2838 2185 2902 in

191 2921 468 2998 constituendum,
503 2921 624 2986 nullam
648 2942 718 2986 esse
744 2921 897 2988 ecelesiae
927 2921 1073 2997 lermam,
1104 2921 1159 2984 ubi
1213 2923 1442 3003 superstitione
1465 2922 1657 2987 retinentur.
1702 2923 1772 2987 Imo
1796 2922 1951 3005 quidquid
1975 2943 2072 2986 verae
2103 2924 2185 2988 noti-

192 3006 380 3089 prephetiae
401 3015 546 3072 cessant:
570 3006 603 3071 id
625 3015 685 3089 est,
709 3006 764 3071 ubi
779 3007 871 3073 nulla
886 3007 1025 3071 miseriis
1041 3006 1160 3071 nostris
1213 3006 1278 3070 tiae
1299 3007 1484 3073 hominibus
1506 3009 1601 3089 inest,
1626 3006 1688 3071 hoc
1710 3008 1869 3074 idolorum
1893 3007 1983 3072 cultu
2006 3008 2185 3074 suffocatur

191 3113 232 3157 ex
255 3091 354 3157 verbo
376 3091 441 3156 Dei
464 3091 617 3156 allevatio
639 3093 782 3156 affertur.
1213 3103 1311 3174 atque
1340 3093 1571 3176 exstinguitur.
1623 3093 1773 3177 Denique
1809 3094 1919 3159 omnia
1948 3093 2123 3159 simulacra
2152 3109 2184 3159 et

277 3178 330 3244 28.
363 3176 511 3262 (Aspaei,
541 3198 594 3243 rec
622 3177 732 3263 ettae.)
775 3179 956 3259 Postquam
985 3175 1024 3241 de
1053 3196 1089 3242 se
1116 3177 1160 3241 lo·
1213 3197 1323 3242 eorum
1347 3179 1464 3256 cultus,
1486 3188 1520 3243 et
1542 3178 1596 3261 qui
1620 3199 1675 3245 ees
1697 3180 1870 3245 commenti
1893 3191 1979 3257 sunt,
2002 3192 2033 3243 et
2055 3181 2111 3262 qui
2135 3201 2183 3245 se·

191 3276 310 3347 quutus
332 3278 382 3327 est
395 3263 568 3343 Dominus,
591 3262 631 3327 ad
647 3263 735 3327 idola
749 3263 935 3328 revertitur.
971 3259 1057 3328 Sunt
1072 3263 1160 3328 enim
1211 3277 1364 3345 quuntur,
1385 3283 1509 3329 meram
1530 3264 1705 3328 vanitatem
1725 3288 1795 3332 esse
1814 3265 1916 3344 docet,
1938 3277 2070 3348 atquea
2089 3267 2181 3333 nobis

190 3358 366 3433 perpetuae
388 3350 578 3428 antitheses,
599 3349 716 3432 quibus
738 3347 831 3414 Deus
860 3348 956 3413 idolis
978 3349 1160 3430 opponitur,
1212 3368 1323 3414 secure
1345 3348 1493 3414 damnari
1515 3370 1617 3432 posse.

191 3435 324 3517 perinde
346 3455 383 3500 ac
405 3436 432 3501 si
456 3433 595 3500 diceret:
628 3435 720 3500 Haec
742 3455 761 3500 a
783 3455 836 3498 me
865 3435 965 3513 fiunt,
994 3433 1036 3498 ab
1065 3432 1160 3498 idelis

190 3541 268 3587 vere
300 3522 371 3586 fieri
404 3541 469 3585 non
503 3530 649 3604 possunt.
705 3518 797 3585 Nihil
830 3520 918 3584 enim
955 3519 1087 3584 omnine
1119 3519 1160 3584 iis

190 3606 330 3682 consilii,
365 3606 558 3689 prudentiae
587 3607 639 3671 vel
669 3605 904 3690 intelligentias
933 3615 998 3670 est:
1032 3604 1159 3669 nullum

190 3712 381 3773 responsum
396 3693 673 3775 interrogantibus
689 3692 775 3770 dare,
791 3691 916 3755 nullam
932 3690 1157 3756 allevationem

189 3778 317 3842 miseris
338 3777 455 3841 afferre
477 3789 621 3859 possunt.
657 3781 764 3859 Atque
781 3776 817 3841 in
832 3777 897 3840 ista
917 3777 1159 3861 comparatione
1518 3760 1706 3842 CAPUT
1738 3761 1871 3845 XLII.

190 3861 367 3927 tenendum
399 3872 462 3940 est,
502 3864 644 3945 primum
677 3884 734 3944 per
767 3861 941 3945 propbetas
980 3873 1014 3927 et
1046 3881 1158 3927 eorum

191 3945 371 4012 doctrinam
401 3947 494 4013 facile
522 3948 692 4013 estendere
721 3968 756 4013 se
786 3968 856 4013 esse
882 3946 1007 4024 Deum,
1044 3945 1159 4011 deinde
1296 3947 1325 4010 1.
1349 3945 1428 4013 Ecce
1447 3965 1557 4011 servre
1578 3967 1673 4026 meve,
1696 3947 1818 4012 innitar
1838 3948 1889 4014 illi
1905 3947 1927 4033 ¹)
1954 3947 2065 4013 ebear
2085 3969 2181 4031 meu,

191 4033 339 4098 similiter
361 4054 487 4116 queque
509 4034 678 4116 operibus:
708 4035 741 4097 in
763 4033 858 4097 idelis
882 4054 958 4097 vere
987 4031 1070 4096 nihil
1094 4030 1159 4097 tale
1210 4032 1246 4097 ia
1267 4052 1328 4114 qao
1348 4031 1411 4097 sibi
1422 4030 1543 4114 plectit
1560 4033 1668 4097 anime
1685 4053 1764 4098 mee.
1798 4031 1898 4098 Posui
1913 4035 2062 4115 spiritum
2079 4055 2183 4100 mcum

190 4119 334 4201 reperiri.
380 4117 535 4201 Sequitur
556 4139 634 4203 erge
656 4139 720 4183 non
749 4139 819 4184 esse
850 4117 939 4196 deos,
974 4137 1097 4200 nosque
1126 4119 1157 4182 in
1210 4137 1304 4199 saper
1324 4138 1409 4183 eam:
1438 4116 1592 4183 iudicium
1619 4117 1760 4200 pentibus
1781 4119 1925 4201 proferet
1965 4119 1995 4184 2.
2021 4120 2093 4184 Non
2119 4119 2182 4186 rto-

189 4202 251 4269 hoc
273 4224 339 4268 uno
362 4203 485 4268 defixos
507 4225 578 4270 esse
600 4215 758 4289 oportere.
804 4203 976 4270 Caeterum
1005 4203 1158 4269 hebetan-
1210 4202 1322 4281 arabit,
1355 4203 1868 4286 secrctamsecretam
1897 4205 1993 4287 faciet
2012 4206 2050 4270 iu
2064 4205 2183 4287 plateis

190 4303 244 4354 tur
263 4289 431 4355 hominum
450 4289 535 4357 oculi
553 4291 708 4370 socordia,
726 4288 811 4372 quod
828 4309 935 4371 neque
946 4291 1158 4374 interrogent,
1210 4308 1309 4354 vocem
1322 4309 1422 4354 amm.
1456 4290 1485 4355 3.
1509 4288 1707 4354 Arundieam
1724 4295 1906 4371 quassatam
1923 4311 1982 4356 eea
1994 4290 2180 4375 perfringat,

190 4395 295 4457 neque
317 4375 532 4459 considerent,
563 4397 668 4459 neque
689 4376 872 4441 observent.
917 4372 1160 4457 Obstupescunt
1210 4394 1264 4440 aec
1284 4374 1382 4439 tieem
1403 4376 1534 4457 fumeus
1555 4375 1741 4458 mstiapaet:
1773 4376 1954 4441 inveritate
1969 4376 2108 4458 proferet
2133 4378 2182 4442 iu-

190 4481 268 4544 ergo
301 4462 334 4525 in
368 4460 477 4526 idolis:
512 4463 587 4544 quia
620 4471 735 4545 sponte
768 4460 1019 4526 hallucinantur.
1074 4458 1159 4524 Nam
1210 4460 1337 4526 dutum.
1371 4460 1402 4524 4.
1427 4462 1500 4527 Nea
1519 4461 1645 4542 daritim
1664 4481 1759 4544 raeque
1773 4462 1955 4545 frangetur:
1976 4461 2183 4543 decerperent

189 4547 339 4629 protinus
360 4547 537 4612 vanitatem
572 4546 867 4639 deprehenderent,
901 4546 930 4612 si
958 4544 1160 4695 diligentiam
1211 4546 1246 4610 in
1266 4551 1352 4610 terre
1373 4546 1541 4613 iudicium:
1562 4552 1590 4612 et
1610 4545 1705 4630 legam
1726 4547 1795 4612 eius
1816 4547 1940 4612 iteratae
1957 4545 2181 4628 aspectabant.

189 4633 224 4696 in
247 4631 481 4698 considerando
500 4631 701 4698 adhiberent.
733 4631 830 4699 Unde
847 4631 1010 4715 appareti
1033 4631 1160 4696 olorum
1211 4629 1241 4696 b.
1266 4630 1320 4698 Sic
1338 4632 1414 4697 dicit
1434 4632 1525 4699 Deus
1547 4631 1712 4718 Iebevel),
1741 4638 1861 4697 creater
1888 4633 2052 4709 aeream,
2082 4636 2183 4698 ctae

189 4717 331 4784 cultores
353 4718 557 4801 ignorantiae
580 4726 750 4801 praetextu
777 4718 926 4784 excusari
953 4737 1019 4781 non
1050 4737 1159 4800 posse:
1206 4717 1351 4799 pendens
1373 4737 1442 4782 eos:
1474 4718 1613 4784 dilatans
1634 4723 1748 4782 terrem
1770 4723 1797 4781 et
1816 4718 1958 4801 permina
1984 4719 2067 4782 eiras:
2100 4717 2183 4784 deas

190 4805 266 4885 quia
287 4805 375 4870 caeci
392 4824 462 4869 esse
481 4817 578 4887 atque
596 4805 630 4868 in
648 4804 792 4869 tenebris
811 4824 920 4869 errare
939 4823 1036 4885 qnam
1055 4803 1158 4867 lucem
1205 4803 1319 4881 Mtunr
1333 4802 1452 4885 popolo
1472 4804 1507 4868 iu
1528 4824 1566 4869 ee
1586 4801 1749 4886 habitanti,
1779 4805 1974 4885 etcpiritam
1995 4802 2182 4870 ambulanti·

188 4889 310 4954 intueri
332 4896 366 4954 et
387 4891 556 4954 veritatem
581 4889 732 4972 amplecti
753 4891 890 4956 malunt.
1210 4886 1268 4953 bas
1296 4892 1330 4952 ia
1361 4909 1407 4953 eo.
1456 4889 1486 4956 6.
1517 4888 1587 4973 Epo
1608 4888 1723 4954 Iabere
1755 4890 1860 4955 vocavi
1880 4896 1908 4955 te
1930 4890 1964 4953 ie
1986 4889 2123 4971 iustitie,
2156 4895 2183 4954 et

274 4976 326 5040 29.
357 4973 449 5059 (Ecca
478 4995 581 5041 omnes
608 4974 757 5059 vanites.)
800 4976 979 5057 Postquam
1007 4973 1159 5058 loquutus
1209 4973 1312 5040 eaeo
1334 4978 1361 5038 te
1382 4994 1478 5040 manu
1499 4981 1570 5042 tae:
1591 4975 1762 5042 rusbdiem
1783 4980 1821 5057 te,
1843 4979 2005 5057 etponem
2022 4976 2055 5039 in
2072 4976 2184 5058 foedes

188 5059 290 5125 estde
307 5060 413 5138 idolis,
431 5059 517 5127 idem
537 5061 728 5143 prenuntiat
746 5060 786 5126 de
806 5062 949 5144 ipsorum
966 5058 1158 5125 cultoribus:
1206 5060 1328 5142 pepuli,
1349 5060 1384 5124 ie
1406 5062 1503 5127 turem
1522 5063 1668 5145 gentium.
1715 5061 1745 5125 l.
1776 5056 1815 5126 Ut
1836 5063 1965 5145 apertas
1993 5059 2095 5126 oeulos
2116 5081 2182 5128 cee-

188 5144 461 5228 quemadmedum
483 5147 581 5214 etiam
605 5146 692 5212 Pssl.
718 5147 779 5212 115
802 5147 845 5234 (v.
870 5144 902 5230 8)
926 5145 1081 5211 habetur:
1104 5143 1158 5209 Si·
1182 5176 1186 5287 4

186 5231 284 5297 miles
305 5230 352 5296 eis
374 5232 457 5298 liunt
479 5234 534 5317 qui
557 5233 679 5299 faciunt
700 5253 748 5311 ea,
770 5243 804 5299 et
822 5253 934 5298 omnes
952 5232 1009 5315 qni
1027 5243 1159 5314 sperant
1299 5250 1321 5318 ¹)
1337 5248 1368 5302 ia
1384 5248 1524 5318 marem
1543 5247 1594 5301 Vel
1614 5247 1760 5301 suffulcism
1778 5250 1874 5318 ipsum.
1911 5249 1934 5316 ²)
1953 5249 2013 5317 Vel,
2031 5255 2138 5320 potam.
