4784 5970
195 356 238 422 29
500 367 505 379 '
1078 353 1229 421 CAPUT
1256 353 1332 419 XL.
2163 359 2207 426 30

196 549 355 614 invictum
385 543 507 610 scilicet
536 551 635 626 atque
656 542 857 610 indefessum
880 564 950 608 esse
972 541 1060 624 quod
1082 542 1175 608 Deus
1227 542 1420 608 infirmitate
1459 544 1578 626 perfici.
1634 542 1703 609 Nos
1739 543 1842 628 igitur
1869 545 1967 626 nobis
1999 545 2099 631 probe
2136 548 2205 612 eius

198 632 312 700 electis
344 633 412 696 suis
444 630 591 712 suggerit
618 631 729 694 robur.
774 628 955 694 Hominum
976 630 1064 693 enim
1087 629 1174 694 vires
1227 630 1374 694 conscios
1402 649 1473 694 esse
1501 637 1638 713 oportet,
1667 640 1705 694 nt
1726 627 1791 694 Dei
1813 629 1928 695 virtuti
1950 631 2056 697 locum
2080 631 2203 700 demus.

197 720 293 787 facile
325 716 497 782 deliciunt:
531 713 596 779 Dei
628 735 706 780 vero
735 735 914 798 nunqnam.
957 713 1095 779 Certum
1125 724 1175 779 est
1226 715 1299 779 Hac
1322 714 1470 780 doctrino
1491 714 1624 780 Iudaeis
1646 713 1823 780 admodum
1847 736 1929 798 opus
1951 719 2021 795 init,
2044 718 2100 800 qui
2123 718 2204 783 duro

198 805 330 890 quidem
351 799 511 884 quidquid
533 800 659 883 vigoris
678 800 870 865 naturaliter
887 801 922 864 in
943 799 1034 865 nobis
1052 799 1175 865 residet
1226 801 1282 864 illo
1312 799 1427 865 exsilio
1457 800 1705 885 affligebantur:
1738 799 1795 866 sed
1818 803 1910 867 nobis
1933 823 2062 886 quoque
2083 803 2118 868 io
2143 804 2204 871 hac

198 892 307 957 aDeo
329 888 507 973 proticisci:
530 885 761 967 sedquoniam
786 908 824 951 ea
846 886 907 950 sibi
929 886 1174 968 quasipropria
1227 888 1345 951 misera
1389 884 1544 952 ecclesiae
1584 885 1796 970 dissipatione
1835 887 2049 955 vehementer
2092 911 2203 957 neces·

198 988 354 1061 arrogant
376 973 535 1049 homines,
563 993 646 1053 qnae
668 973 884 1037 communiter
906 972 940 1035 in
963 990 1076 1036 omnes
1098 993 1176 1038 con·
1227 972 1314 1037 saria
1335 981 1394 1036 est.

198 1063 274 1128 tulit
285 1061 386 1139 Deus,
404 1060 478 1124 ideo
497 1056 657 1142 propheta
675 1056 831 1124 discernit
848 1060 933 1122 inter
950 1054 1174 1122 fortitudinem
1312 1056 1495 1140 (Statelleut
1527 1055 1622 1141 ulae.)
1676 1057 1769 1123 Idem
1808 1058 1861 1125 hio
1894 1081 1914 1125 a
1946 1060 2108 1144 propheta
2140 1062 2202 1129 dici

133 1203 137 1209 .
198 1150 379 1223 hominnm,
410 1164 492 1228 quae
515 1144 644 1208 videtur
666 1163 736 1209 esse
758 1145 836 1226 ipsis
858 1143 1013 1227 ingenita,
1048 1154 1081 1207 et
1103 1164 1173 1208 eam
1227 1151 1345 1225 putant
1377 1141 1462 1224 quod
1493 1141 1632 1208 babetur
1661 1143 1782 1209 Psalm-
1808 1144 1870 1209 103
1896 1149 1942 1228 (v.
1965 1143 2016 1230 5):
2049 1147 2201 1213 Renova-

199 1254 264 1318 qna
293 1234 384 1298 Deus
418 1229 625 1314 peculiariter
655 1228 773 1294 eleetos
802 1249 878 1294 suos
900 1228 1051 1294 sustinet.
1106 1227 1175 1293 Nec
1227 1228 1314 1293 bitur
1336 1238 1373 1293 nt
1395 1229 1524 1311 aquilae
1546 1231 1701 1294 iuventus
1722 1239 1788 1295 tua.
1831 1230 1965 1297 Oertum
1988 1240 2038 1297 ast
2059 1230 2201 1315 aquilam

199 1322 286 1386 enim
310 1319 390 1384 satis
411 1315 606 1400 perspicitur
628 1313 823 1381 beneficium
845 1315 909 1380 Dei
932 1314 1017 1397 quod
1040 1316 1076 1378 in
1098 1315 1173 1378 uni·
1226 1315 1313 1378 inter
1332 1314 1563 1395 reliqnasaves
1576 1315 1750 1379 admodum
1763 1316 1956 1401 longaevam
1970 1338 2050 1383 esse.
2074 1317 2201 1384 Aristo-

200 1426 327 1471 versam
360 1413 510 1468 naturam
538 1399 678 1465 effusum
701 1413 760 1465 est.
803 1400 914 1483 Atque
935 1402 983 1465 ita
1005 1400 1174 1465 hominum
1227 1399 1308 1466 teies
1337 1410 1371 1465 et
1393 1400 1521 1465 Plinius
1551 1410 1713 1466 testantur
1742 1421 1814 1466 eam
1844 1411 2009 1468 senectute
2032 1423 2201 1486 nunquam

199 1494 286 1556 vires
309 1489 459 1572 appellat,
489 1484 607 1568 quibos
629 1484 810 1551 humanum
834 1507 937 1570 genus
958 1486 1174 1551 communiter
1226 1487 1327 1564 mori,
1366 1485 1424 1552 sed
1457 1486 1581 1551 inedia:
1624 1508 1741 1569 nempe
1776 1487 1862 1570 quod
1895 1489 2061 1570 superiore
2094 1500 2201 1556 rostro

198 1576 311 1661 pollet,
344 1574 505 1641 auxilium
528 1569 603 1647 Dei,
638 1592 701 1652 qno
732 1571 824 1636 nobis
853 1572 983 1654 proprie
1004 1573 1174 1654 succurrit,
1227 1573 1365 1636 nimium
1406 1581 1630 1650 excrescente,
1672 1574 1781 1639 cibum
1813 1574 1850 1637 in
1882 1593 1919 1638 os
1951 1575 2102 1658 ingerere
2136 1597 2201 1641 non

199 1673 374 1748 postquam
416 1661 502 1725 vires
542 1667 674 1721 nostrae
715 1657 914 1723 deiecerunt.
968 1658 1050 1741 Agit
1087 1659 1174 1721 enim
1226 1658 1338 1740 possit,
1361 1679 1398 1723 ac
1421 1657 1489 1723 solo
1512 1668 1592 1740 potu
1616 1656 1671 1722 diu
1694 1668 1852 1724 vescatur.
1896 1659 2034 1725 Zaadias
2057 1661 2202 1742 quidam,

199 1748 359 1833 propheta
370 1748 411 1812 de
428 1743 533 1829 gratia
546 1742 609 1806 Dei
629 1763 727 1825 quam
745 1742 1030 1826 supernaturalem
1049 1752 1174 1819 vocant,
1226 1754 1264 1809 nt
1303 1742 1417 1809 Iudaei
1457 1764 1570 1809 omnes
1610 1742 1748 1810 audaces
1787 1752 1864 1809 eunt
1903 1746 1939 1809 in
1975 1746 2201 1829 contingendis

199 1855 335 1916 sanique
366 1844 555 1915 perpetuam
584 1848 656 1894 esse
686 1828 773 1905 dicit,
808 1849 908 1911 quum
937 1828 1086 1894 homines
1115 1850 1173 1912 per
1225 1829 1353 1906 fabulis,
1376 1830 1472 1912 fingit
1494 1828 1637 1911 aquilam
1658 1831 1693 1894 in
1711 1830 1880 1913 regionem
1901 1831 1961 1895 soli
1981 1832 2200 1914 propinquam

199 1942 234 1986 se
258 1919 340 1983 nihil
364 1919 428 1983 nisi
449 1918 575 1981 fluxum
600 1925 632 1978 et
653 1914 811 1980 caducum
835 1914 955 1980 habere
977 1915 1112 1998 possint,
1137 1923 1175 1978 ut
1226 1915 1372 1994 evolare,
1406 1928 1501 1997 atque
1530 1916 1578 1979 ita
1607 1914 1647 1979 ad
1678 1914 1779 1980 solem
1809 1915 1978 1995 accedere,
2010 1927 2046 1981 ιιι
2074 1928 2202 1984 veteres

197 2007 260 2071 hac
288 2014 366 2070 nota
393 2004 557 2068 discernat
579 1999 749 2065 ecclesiam
771 1999 834 2064 Dei
857 2021 877 2065 a
899 2002 1021 2083 reliquo
1044 2000 1174 2075 mundo,
1225 2020 1353 2084 pennae
1386 2001 1582 2079 adurantur,
1615 2011 1713 2083 atque
1745 2001 1781 2065 in
1815 2021 1928 2067 earum
1959 2003 2067 2068 locum
2096 2023 2202 2069 novae

199 2102 231 2157 et
263 2089 465 2172 spiritualem
502 2086 641 2171 gratiam
674 2108 693 2149 a
726 2095 857 2150 terreno
890 2096 987 2151 statu.
1041 2084 1106 2152 Ubi
1139 2087 1173 2149 in
1225 2087 1309 2151 aliae
1342 2095 1564 2152 succrescant:
1604 2086 1660 2151 sed
1702 2086 1762 2152 hoo
1796 2086 1967 2152 ridiculum
2002 2110 2135 2171 prorsus
2168 2098 2203 2155 et

198 2179 305 2261 priore
327 2176 473 2240 membro
497 2183 590 2246 ortui
613 2171 730 2254 posuit,
754 2172 922 2256 subiungit
940 2182 1064 2249 ot'ttl'll,
1088 2170 1173 2253 quod
1225 2172 1410 2237 fabulosum
1440 2185 1499 2236 est.
1544 2170 1720 2255 Significat
1747 2179 1855 2237 autem
1886 2175 2048 2258 propheta
2071 2177 2202 2257 eosqui

198 2284 265 2327 non
298 2261 394 2325 modo
426 2261 578 2336 iuvenes,
619 2258 674 2322 sed
713 2257 812 2322 etiam
846 2256 967 2323 electos
1001 2259 1174 2341 significat.
1226 2257 1370 2322 Domino
1410 2255 1579 2322 confidunt
1624 2258 1809 2340 aquilarum
1842 2279 1932 2324 more
1966 2268 2099 2344 vegetos
2132 2260 2202 2326 fore

199 2348 285 2429 Quia
319 2358 429 2412 tamen
453 2347 552 2410 iterat
575 2342 712 2409 eandem
734 2344 942 2422 sententiam,
973 2345 1077 2427 magis
1100 2363 1173 2407 eon·
1226 2363 1330 2425 usquo
1360 2344 1399 2406 ad
1431 2344 1579 2408 nltimam
1602 2352 1813 2409 senectutem.
1858 2344 1925 2410 Sed
1948 2367 2050 2428 quum
2072 2347 2203 2428 aquilae

199 2436 291 2499 venit
313 2433 352 2497 ad
376 2441 515 2496 aetatem
540 2431 669 2495 referri:
696 2448 881 2511 quanquam
904 2429 1058 2512 intelligit
1079 2449 1173 2510 quos·
1226 2428 1324 2494 altius
1346 2429 1456 2494 volent
1476 2450 1573 2511 quam
1591 2429 1735 2511 reliquae
1754 2451 1841 2509 aves,
1864 2431 1898 2495 in
1917 2453 1981 2514 quo
1999 2432 2202 2516 singularem

199 2541 261 2602 que
294 2519 480 2584 electissimi
512 2517 636 2598 vigoris
666 2516 699 2579 in
728 2516 798 2596 ipso
829 2517 946 2579 aetatis
967 2517 1056 2580 flore.
1102 2514 1174 2578 Hoc
1226 2514 1390 2596 quandam
1425 2515 1606 2598 agilitatem
1639 2515 1834 2596 ostendunt,
1874 2517 1961 2582 unde
1994 2518 2093 2582 etiam
2127 2540 2201 2599 pro·

199 2620 308 2670 autem
338 2603 470 2669 consilio
496 2600 701 2669 commendat
724 2599 878 2665 eximiam
902 2600 1173 2683 praerogativam,
1227 2599 1373 2664 verbium
1409 2600 1527 2682 Aquila
1559 2600 1593 2664 in
1623 2601 1783 2666 n'ubibus:
1817 2601 1891 2667 ideo
1924 2602 1978 2670 hic
2010 2604 2101 2668 locus
2136 2625 2200 2669 non

200 2712 264 2773 qua
291 2691 382 2755 Deus
415 2689 501 2753 filios
531 2710 605 2752 suos
637 2707 714 2768 prae
744 2685 816 2749 aliis
845 2685 1016 2769 dignatur:
1051 2694 1088 2750 ut
1116 2705 1175 2748 sua
1226 2695 1356 2750 tantum
1375 2686 1426 2751 'de
1454 2689 1523 2751 vita
1552 2685 1716 2764 diuturna,
1747 2687 1803 2751 sed
1834 2690 1933 2752 etiam
1964 2690 2004 2753 de
2034 2689 2146 2771 vigore
2168 2700 2202 2753 et
2310 2719 2338 2735 ··

199 2788 286 2842 sorte
307 2778 462 2847 contenti,
485 2775 619 2837 minimo
641 2768 811 2835 invideant
830 2772 969 2835 terrenis
988 2771 1174 2835 bominibus
1226 2771 1372 2853 agilitate
1405 2771 1507 2854 accipi
1540 2781 1662 2853 potest:
1701 2781 1740 2836 nt
1773 2772 1877 2838 Isaiae
1908 2784 2079 2857 postquam
2114 2774 2201 2840 vires

200 2864 286 2927 vires
302 2862 336 2925 in
355 2861 472 2942 quibus
488 2857 662 2923 exsultant.
700 2855 740 2921 In
760 2877 897 2934 summe,
916 2855 1057 2921 ostendit
1077 2857 1173 2921 vehe·
1226 2857 1370 2939 ipsorum
1399 2857 1540 2922 recreari
1570 2856 1723 2936 ostendit,
1753 2859 1905 2925 subiiciat
1933 2861 2031 2925 etiam
2055 2859 2201 2944 vegetari

199 2952 326 3012 menter
355 2944 425 3010 lolli
453 2945 608 3022 hominos,
637 2942 665 3007 si
694 2942 845 3025 propriae
871 2943 1072 3007 fortitudinis
1095 2962 1173 3008 con-
1226 2944 1322 3025 ipsos,
1352 2955 1384 3006 et
1411 2944 1445 3006 in
1474 2942 1614 3008 sublime
1637 2943 1757 3008 extolli.
1802 2944 1929 3009 Eodem
1951 2947 2092 3028 pertinet
2114 2945 2201 3027 quod

199 3034 333 3098 fidentia
362 3031 549 3097 efferuntur.
599 3029 789 3094 Labaeount
818 3029 903 3093 enim
936 3029 1103 3112 protinus,
1137 3048 1175 3094 ac
1226 3030 1376 3111 sequitur
1398 3027 1437 3093 de
1460 3047 1559 3094 cursu
1581 3027 1793 3112 infatigabili:
1816 3030 1950 3112 perinde
1969 3031 2052 3097 acsi
2071 3030 2201 3108 diceret,

199 3119 365 3185 deficiunt.
410 3121 517 3198 Atque
551 3115 695 3179 alludere
730 3112 859 3179 videtur
888 3115 928 3180 ad
957 3114 990 3177 id
1022 3115 1107 3197 quod
1138 3114 1173 3178 in
1227 3115 1408 3180 Dominum
1438 3115 1484 3179 ita
1506 3114 1694 3180 adiuturum
1718 3116 1796 3197 suis,
1827 3125 1864 3181 ut
1885 3127 2046 3200 peragant
2067 3137 2201 3182 cursum

200 3205 269 3270 dies
299 3225 361 3269 usu
390 3204 498 3267 venit:
530 3222 647 3282 nempe
677 3220 740 3281 quo
770 3201 904 3283 quisque
926 3200 1091 3266 robustior
1114 3211 1174 3278 est,
1228 3221 1323 3265 suum
1356 3202 1427 3265 sine
1459 3199 1528 3265 ulla
1560 3201 1717 3266 molestia.
1768 3201 1830 3266 Ilst
1859 3203 1948 3266 enim
1982 3203 2124 3286 figurata
2151 3201 2201 3266 lo·

200 3311 237 3354 eo
260 3292 380 3354 maiore
402 3289 536 3353 audacia
559 3308 641 3369 quae
660 3285 853 3350 difficillima
871 3300 949 3350 sunt
967 3286 1172 3370 aggreditur:
1226 3287 1349 3369 quutio,
1373 3306 1438 3368 qua
1454 3287 1617 3368 significet
1636 3287 1707 3369 pios
1726 3286 1884 3352 divinitus
1901 3288 2053 3353 suffultos
2071 3308 2201 3370 semper

200 3388 296 3458 atque
329 3396 366 3440 eo
395 3375 435 3439 fit
464 3384 502 3438 ut
532 3373 587 3455 qni
618 3373 798 3454 vegetiores
824 3381 902 3437 sunt
933 3384 1066 3450 natura,
1101 3393 1174 3436 raro
1226 3373 1295 3438 lore
1324 3373 1426 3457 agiles
1456 3372 1497 3436 ad
1520 3393 1642 3438 munus
1664 3392 1762 3437 suum
1784 3373 1982 3439 obeundum.
2027 3373 2130 3456 Atqui
2152 3382 2201 3438 tot

199 3481 294 3526 senes
315 3463 407 3526 fiant.
451 3459 543 3524 Nihil
571 3458 659 3522 enim
682 3456 819 3522 arduum
843 3458 942 3521 nimis
963 3471 1020 3522 aut
1042 3456 1174 3523 difficile
1226 3479 1403 3523 aerumnae
1427 3459 1519 3523 nobis
1542 3458 1752 3523 sustinendae
1774 3460 1910 3523 suntin
1934 3461 1995 3525 hac
2013 3461 2092 3536 vita,
2114 3458 2202 3524 dicet

198 3569 269 3612 esse
292 3555 417 3629 putant,
441 3545 523 3609 nihil
546 3565 612 3608 non
636 3552 775 3625 tentent,
798 3553 832 3607 et
849 3544 885 3607 in
903 3544 1012 3608 omnia
1029 3544 1174 3625 pericula
1225 3544 1394 3626 quispiam,
1425 3543 1494 3630 qui
1510 3564 1588 3626 ergo
1618 3563 1676 3608 nos
1706 3543 1909 3608 lassitudinis
1938 3545 2102 3609 immunes
2129 3543 2201 3608 fore

198 3642 321 3698 temere
359 3634 507 3697 irruunt:
549 3629 606 3695 sed
643 3627 829 3695 fatiscentes
862 3632 896 3693 in
930 3630 1036 3693 medio
1076 3650 1173 3695 cursu
1225 3628 1324 3695 dicit?
1368 3628 1573 3712 Respondeo,
1606 3629 1653 3693 sio
1682 3629 1753 3711 pios
1771 3630 1868 3694 -aflici
1890 3631 2048 3695 molestiis
2071 3639 2103 3692 et
2125 3628 2201 3693 fati·

199 3719 391 3784 temeritatis
412 3737 490 3782 snae
512 3737 633 3798 poenas
654 3713 758 3779 luunt.
793 3715 885 3779 Idem
909 3735 1036 3797 quoque
1058 3714 1174 3779 accidit
1225 3716 1306 3799 gari,
1337 3721 1374 3779 ut
1401 3719 1514 3798 postea
1543 3723 1721 3797 emergant,
1751 3733 1788 3778 ac
1816 3716 1962 3780 sentiant
1991 3736 2027 3781 se
2049 3714 2113 3781 Dei
2137 3714 2202 3779 vir·

198 3807 238 3871 iis
260 3805 315 3886 qui
338 3804 412 3868 dote
434 3803 543 3885 aliqua
564 3801 671 3865 ornati
694 3798 803 3865 aDeo
826 3801 1027 3883 superbiunt,
1049 3799 1173 3883 sibique
1226 3811 1295 3865 tute
1324 3811 1495 3866 recreatos.
1546 3799 1592 3864 Iis
1620 3800 1708 3864 enim
1742 3800 1858 3867 accidit
1890 3800 1976 3884 qnod
2006 3802 2053 3865 ait
2074 3798 2201 3867 Paulus

198 3893 336 3956 nimium
367 3889 407 3952 de
436 3908 472 3952 se
500 3887 706 3970 persuadent.
754 3885 920 3968 Quidquid
949 3886 1037 3950 enim
1060 3906 1080 3951 a
1102 3887 1173 3951 Deo
1224 3885 1269 3972 (2.
1292 3886 1366 3952 Oor.
1389 3886 1419 3963 4,
1443 3887 1472 3951 8.
1496 3883 1539 3970 9),
1569 3884 1660 3951 Dum
1682 3887 1717 3950 in
1740 3884 1890 3952 omnibus
1911 3887 2101 3970 premimur,
2132 3907 2200 3950 non

199 3986 402 4058 acceperunt,
426 3971 583 4056 redigitur
606 3973 640 4037 in
663 3973 819 4037 nihilum:
842 3974 908 4036 imo
931 3973 965 4035 in
984 3972 1120 4037 exitium
1138 3977 1173 4035 et
1225 3972 1452 4054 opprimimur:
1475 3971 1670 4050 laboramus,
1694 3980 1728 4036 ιι
1749 3992 1815 4038 non
1839 3971 2064 4037 destituimur:
2087 3992 2199 4054 perse·

199 4061 375 4146 perniciem
398 4060 439 4124 iis
463 4060 614 4123 vertitur:
645 4079 683 4123 ac
704 4060 821 4125 merito
844 4058 926 4123 tales
948 4058 1030 4121 dant
1051 4077 1173 4141 poenas
1226 4059 1417 4140 quotionem
1450 4058 1601 4139 patimur,
1635 4064 1669 4122 at
1696 4078 1761 4122 non
1790 4057 1986 4124 deserimur:
2019 4057 2198 4141 deiicimur,

199 4147 405 4229 arrogantiae
427 4165 515 4210 suae.
1226 4153 1259 4208 at
1281 4165 1347 4208 non
1370 4143 1522 4226 perimus.
1566 4141 1742 4209 Discamus
1768 4164 1845 4227 ergo
1868 4145 2044 4228 confugere
2066 4142 2107 4208 ad
2130 4141 2197 4207 Do·

283 4232 335 4297 31.
366 4230 424 4316 (At
456 4233 664 4310 exspectantes
695 4228 867 4314 Ieliocem.)
922 4229 1052 4293 Mutare
1087 4229 1173 4293 vires
1225 4230 1361 4306 minum,
1392 4230 1447 4311 qni
1475 4229 1573 4294 variis
1596 4228 1760 4294 laboribus
1782 4230 1959 4296 exantlatis
1981 4250 2041 4294 nos
2063 4227 2199 4294 tandem

198 4319 342 4385 Hebraei
358 4339 416 4399 pro
433 4317 586 4399 colligere
602 4334 705 4378 novas
718 4315 812 4391 vires,
829 4326 926 4397 atque
938 4316 983 4378 ita
995 4315 1173 4379 instaurari
1225 4315 1265 4378 ad
1288 4324 1421 4397 portum
1443 4315 1605 4396 perducet.
1651 4314 1717 4395 Qui
1738 4317 1826 4380 enim
1850 4317 1935 4380 viam
1959 4314 2087 4394 stravit,
2120 4331 2199 4378 nos·

199 4405 372 4486 accipiunt.
425 4403 495 4467 Piis
528 4402 630 4485 igitur
664 4400 719 4481 qui
751 4401 786 4463 in
819 4399 963 4464 Domino
998 4400 1174 4483 sperabunt
1225 4421 1289 4482 que
1323 4402 1358 4466 in
1388 4401 1492 4466 stadio
1524 4422 1584 4466 sno
1612 4399 1784 4466 collocatos
1813 4400 1965 4485 progredi
1988 4401 2099 4479 iussit,
2133 4419 2198 4463 non

199 4492 286 4554 vires
307 4490 440 4553 minime
464 4487 630 4552 defuturas
651 4485 810 4550 ostendit:
833 4506 870 4552 ac
892 4487 1063 4552 confirmat
1086 4484 1172 4567 quod
1225 4486 1266 4552 ad
1299 4507 1403 4552 unum
1437 4485 1531 4552 modo
1565 4484 1650 4550 diem
1682 4487 1798 4551 iuvare
1831 4489 1920 4570 vult,
1955 4496 1992 4552 nt
2023 4487 2059 4550 in
2092 4485 2198 4551 medio

198 4577 290 4659 prius
330 4574 430 4652 dixit,
470 4573 511 4638 In
553 4573 662 4655 quiete
696 4583 730 4635 et
761 4571 890 4636 silentio
921 4573 982 4635 erit
1015 4571 1172 4635 fortitudo
1225 4592 1322 4639 cursu
1344 4574 1480 4650 deserat,
1503 4571 1559 4638 sed
1582 4571 1759 4655 perducere
1782 4593 1883 4656 usqne
1905 4573 1946 4639 ad
1969 4582 2099 4638 metam.

198 4670 319 4727 vestra.
381 4659 449 4724 Nec
488 4659 575 4723 enim
620 4657 813 4724 tumultuari
854 4666 910 4722 aut
952 4669 1074 4721 temere
1113 4679 1172 4723 nos

198 4747 366 4831 proiicere,
389 4745 445 4809 sed
468 4745 628 4826 patienter
648 4752 837 4824 exspectare
856 4743 1020 4807 debemus.
1054 4741 1172 4824 Itaque

198 4831 397 4915 exspectatio
413 4830 466 4896 hic
481 4830 564 4895 nihil
580 4828 669 4894 aliud
684 4849 782 4911 quam
798 4828 986 4911 patientiam
1000 4830 1172 4912 significat.

198 4919 344 4984 Violenti
365 4918 512 4982 homines
530 4938 589 4981 suo
607 4936 641 4981 se
661 4917 785 4996 impetu
801 4916 974 4998 frangunt:
995 4925 1027 4978 at
1044 4915 1172 4997 piorum

199 5006 292 5089 vigor
332 5001 482 5086 quamvis
522 5003 631 5066 minus
669 5000 788 5065 habeat
826 5000 1065 5075 ostentationis,
1106 5000 1173 5063 imo

199 5112 294 5172 saepe
316 5089 409 5171 quasi
434 5095 614 5170 prostratus
636 5089 728 5167 iacet,
762 5085 841 5151 dum
865 5084 990 5166 placide
1012 5085 1172 5150 auxilium

199 5176 262 5240 Dei
303 5183 510 5256 exspectant,
550 5182 717 5238 recreatur
750 5192 787 5236 ac
820 5171 972 5236 reficitur.
1028 5171 1174 5235 Proinde

199 5261 402 5327 redeundum
425 5259 466 5323 ad
490 5258 573 5324 illud
595 5257 700 5336 Pauli,
728 5256 896 5324 Virtutem
918 5255 982 5322 Dei
1004 5257 1038 5322 in
1062 5230 1201 5323 nostrai
