4784 5970
200 371 261 438 let
1057 371 1209 441 CAPUT
1230 372 1340 439 XLV.
2133 376 2195 443 138

201 567 257 650 qui
280 565 456 647 respondes
479 564 574 629 Dec?
604 586 647 631 au
668 566 777 632 lutam
800 566 885 633 dicet
906 562 1016 649 figulo,
1040 582 1099 628 cur
1121 581 1173 625 me
1223 580 1333 625 rerum
1367 570 1504 638 statum,
1537 560 1594 627 sed
1624 562 1767 628 futuram
1801 562 1940 630 salutem
1969 565 2078 630 animo
2107 586 2194 631 com·

200 654 248 716 ita
277 649 405 716 fecisti?
439 650 524 733 Quis
554 665 621 716 tam
652 652 759 717 audax
781 666 818 717 at
839 671 876 717 se
897 652 968 715 Dec
1001 666 1173 731 opponere,
1223 644 1476 729 prehendamus,
1510 667 1607 729 quam
1641 649 1804 737 Dominus
1836 649 2015 732 pollicetur.
2070 651 2195 718 Fidelis

200 736 349 806 stlitem
381 757 456 805 oum
486 758 525 801 eo
550 738 714 820 suscipere
747 735 888 802 audeat?
928 735 1063 818 Optime
1095 753 1172 816 ergo
1224 741 1273 796 est
1294 730 1465 809 Dominus,
1496 733 1550 815 qui
1574 754 1637 798 non
1660 735 1805 817 patietur
1826 754 1887 801 noa
1909 737 2029 802 tentari
2051 737 2139 804 ultra
2160 738 2194 804 id

200 821 353 888 convenit
383 842 457 887 cum
486 822 664 906 propheta:
694 826 825 888 tametsi
848 823 881 886 in
905 842 942 886 re
962 819 1113 886 dissimili
1140 826 1174 882 et
1224 815 1309 899 quod
1342 817 1428 881 ferre
1462 838 1653 900 possumus:
1692 820 1750 885 sed
1784 820 1874 887 dabit
1906 840 1981 886 cum
2014 825 2195 890 tentatione

199 908 307 993 magis
332 907 437 972 ardna
458 907 544 973 hanc
566 908 813 974 similitudinem
837 917 982 990 usurpet.
1025 903 1173 985 Uterque
1223 902 1321 967 etiam
1344 903 1481 982 exitum,
1504 905 1708 988 gratiamque
1729 927 1822 971 suam
1843 907 1877 972 in
1896 908 1989 972 nobis
2010 910 2192 996 adaugebit.

200 996 288 1060 enim
310 994 426 1059 asserit
469 995 579 1059 lenam
600 1015 671 1059 esse
694 994 767 1059 Deo
794 994 829 1059 in
853 992 1002 1059 homines
1031 1001 1170 1074 potesta·
1224 987 1269 1052 ιιι
1289 985 1377 1069 quod
1399 988 1490 1053 addit
1510 989 1610 1072 paulo
1632 1001 1713 1073 post,
1739 993 1911 1076 praecapite
1931 993 2022 1078 milri,
2052 994 2192 1062 hicnon

199 1091 277 1153 tem,
310 1095 347 1143 ut
367 1099 403 1144 se
424 1014 469 1144 ab
486 1098 525 1144 eo
547 1080 618 1164 regi
647 1092 679 1144 et
708 1080 884 1165 gubernari
913 1080 1042 1155 sinant,
1075 1084 1173 1157 atquc
1223 1082 1274 1138 est
1295 1093 1339 1172 ex
1359 1072 1496 1157 imperio
1528 1073 1737 1158 capiendum:
1771 1100 1832 1145 nec
1853 1081 1940 1144 enim
1967 1087 2115 1148 nostrum
2145 1093 2195 1146 est

198 1165 309 1231 omnia
330 1164 468 1231 adversa
490 1185 593 1247 aequo
615 1166 724 1231 animo
746 1166 922 1247 patiantur.
953 1164 1026 1229 Hoc
1045 1171 1172 1227 tantum
1223 1179 1410 1242 praecipere
1431 1159 1512 1236 Deo,
1535 1172 1593 1227 aut
1612 1163 1720 1245 ipsum
1743 1165 1929 1247 importune
1950 1185 2079 1250 urgere.
2125 1167 2194 1232 Nec

199 1252 371 1316 discrimen
401 1263 468 1325 est,
498 1251 582 1333 quod
606 1250 645 1315 de
667 1250 848 1333 praesentis
870 1251 958 1315 vitae
980 1269 1076 1314 cursu
1106 1246 1171 1311 dis·
1223 1246 1394 1327 quisquam
1426 1249 1582 1327 proficere
1616 1249 1735 1331 poterit
1757 1251 1792 1314 in
1813 1250 1913 1315 verbo
1935 1250 2013 1329 Dei,
2045 1253 2107 1317 nisi
2137 1254 2193 1334 qui

198 1336 279 1404 serit
300 1336 421 1401 Isaiae:
446 1336 571 1401 Paulus
593 1357 670 1402 vero
692 1335 733 1401 ad
753 1335 926 1402 coelestem
947 1345 982 1400 et
1003 1342 1171 1399 aeternam
1223 1329 1381 1395 humilem
1403 1332 1550 1397 animum
1572 1334 1695 1399 afferet.
1739 1333 1865 1400 Verum
1886 1338 1933 1400 ita
1955 1357 1989 1402 se
2012 1337 2106 1401 offert
2129 1338 2194 1401 Do-

198 1421 426 1488 transscendit.
1223 1416 1343 1499 minus,
1366 1426 1404 1481 nt
1425 1417 1466 1481 ab
1487 1419 1558 1501 ipsc
1580 1428 1730 1504 petamus
1752 1440 1834 1503 quae
1854 1422 1938 1487 scire
1960 1429 2073 1487 nostra
2093 1423 2193 1487 iuter-

284 1506 372 1593 (Nen
393 1511 466 1573 meat
486 1506 626 1593 monas.)
668 1505 798 1574 Usitato
820 1526 910 1572 more
932 1505 1078 1589 loquitur
1098 1523 1171 1587 pro·
1223 1508 1290 1566 est:
1323 1502 1456 1585 perinde
1479 1525 1516 1570 ac
1538 1504 1568 1569 si
1589 1504 1724 1585 diceret,
1757 1505 1915 1572 Mandata
1937 1506 2033 1571 mihi:
2067 1528 2128 1592 ego
2151 1508 2191 1572 ad

198 1594 315 1679 pheta,
349 1604 388 1658 ut
420 1592 559 1657 dicimus
594 1596 771 1675 Appouere
807 1602 990 1658 extremam
1028 1609 1171 1665 manum,
1223 1607 1262 1652 aa
1284 1588 1509 1670 patefacienda
1536 1611 1608 1656 sum
1638 1601 1772 1673 paratus
1800 1611 1884 1673 qnae
1907 1613 1964 1657 vos
1986 1593 2069 1659 scire
2090 1593 2191 1676 pluri·

198 1700 298 1763 quum
331 1698 384 1743 res
415 1679 603 1760 perficitur:
643 1681 754 1744 deesse
786 1699 864 1745 vero
897 1698 1031 1753 manus,
1068 1696 1171 1758 quum
1223 1695 1313 1738 mum
1346 1675 1446 1739 refert
1479 1683 1516 1740 ιι
1547 1697 1587 1741 ex
1621 1678 1668 1742 eis
1700 1677 1954 1743 consolationem
1994 1679 2190 1763 percipietis.

197 1785 279 1848 opus
309 1764 526 1848 indigestum,
560 1766 733 1830 confusum
765 1775 822 1828 aut
851 1764 1077 1846 imperfectum
1110 1766 1170 1826 est.
1224 1757 1289 1824 Sed
1323 1760 1476 1841 quoniam
1508 1772 1639 1827 coactus
1671 1773 1756 1828 esset
1788 1763 1841 1829 hic
1873 1763 2029 1847 loquendi
2064 1764 2189 1841 modus,

198 1849 254 1917 Sic
277 1851 404 1933 quoties
433 1849 684 1916 obmurmurant
705 1850 776 1915 Deo
806 1849 955 1914 homines
975 1848 1062 1930 quod
1085 1848 1171 1929 ipso·
1222 1844 1399 1926 simplicior
1432 1854 1483 1911 est
1508 1846 1566 1910 illa
1597 1848 1799 1930 querimonia
1831 1869 1928 1932 quam
1962 1848 2048 1928 dixi,
2081 1850 2191 1915 Deum

144 1965 147 1971 ·
197 1956 271 2001 rum
289 1936 377 2001 votis
396 1956 460 2000 nou
478 1936 686 2018 obsequatur,
708 1936 760 2000 vel
778 1936 928 2020 ignaviae
950 1934 1002 1999 vel
1023 1934 1172 1999 inscitiae
1222 1930 1352 2011 spoliari
1391 1939 1527 2014 paterno
1566 1934 1656 2008 inre,
1703 1934 1765 1999 nisi
1805 1933 1927 2017 absque
1969 1936 2193 2001 controversia

197 2041 271 2087 eum
293 2021 497 2086 insimulant.
1221 2015 1387 2081 ecclesiam
1410 2018 1469 2083 sub
1492 2017 1662 2100 disciplina
1683 2019 1859 2084 contineat.
1894 2019 1945 2085 Ita
1967 2020 2193 2105 interrogandi

287 2107 337 2172 11.
372 2104 440 2191 (aa
460 2107 535 2172 dicit
558 2105 696 2191 Ietae.)
739 2104 809 2172 Iam
840 2104 921 2170 mihi
951 2125 1016 2169 non
1044 2103 1171 2188 placere
1221 2099 1360 2166 verbum
1377 2103 1411 2166 in
1426 2102 1593 2168 sinistram
1614 2114 1739 2184 partem
1760 2105 1925 2187 accipitur,
1948 2106 2024 2170 dum
2042 2106 2192 2173 homines

199 2192 285 2269 dixi,
315 2193 402 2275 quod
425 2213 556 2257 versum
586 2190 674 2257 hunc
696 2194 742 2256 ita
761 2211 835 2256 cnm
858 2192 1008 2274 proximo
1037 2190 1170 2272 quidam
1221 2188 1328 2252 omnis
1360 2186 1537 2253 modestiae
1569 2188 1661 2253 obliti
1689 2211 1755 2254 non
1785 2189 1935 2257 dubitant
1956 2191 2065 2257 Deum
2099 2194 2191 2276 quasi

198 2279 417 2360 coniungunt,
452 2299 489 2343 ac
519 2277 548 2341 si
571 2278 661 2342 Deus
690 2279 761 2342 iure
790 2297 851 2342 suo
879 2276 999 2341 cedens
1031 2275 1169 2340 liberum
1221 2272 1412 2339 obstrictum
1445 2273 1664 2356 interpellare,
1697 2284 1732 2341 et
1758 2297 1889 2342 causam
1922 2276 1964 2343 ab
1992 2299 2030 2342 eo
2059 2278 2191 2363 exigere

197 2362 320 2429 faceret
342 2363 472 2430 Iudaeis
501 2364 667 2445 inquirere
695 2364 768 2446 plus
791 2382 890 2444 quam
911 2361 1000 2427 inter
1022 2360 1170 2427 homines
1221 2359 1378 2441 cuiusque
1404 2359 1497 2424 faeti:
1531 2360 1618 2442 quod
1647 2361 1766 2426 melius
1796 2372 1886 2446 patet
1907 2383 1948 2428 ex
1970 2364 2192 2448 praeeipieudi

199 2448 305 2514 liceat.
360 2449 434 2514 Non
471 2449 611 2513 multum
645 2448 802 2514 absimilis
836 2460 885 2512 est
919 2447 1003 2512 alter
1041 2466 1169 2530 sensus,
1223 2443 1338 2521 verbo,
1373 2446 1466 2528 quasi
1498 2443 1638 2512 diceret:
1671 2446 1827 2515 Vestrum
1861 2449 1984 2515 scilicet
2015 2450 2078 2514 erit
2109 2449 2192 2514 mihi

197 2534 270 2600 ideo
294 2533 430 2600 miseras
460 2555 530 2600 esse
553 2534 733 2610 Israelitas,
765 2533 849 2615 quod
871 2534 1077 2598 voluntatem
1101 2532 1168 2597 Do-
1221 2531 1401 2615 praefigere
1428 2551 1525 2612 quam
1554 2532 1691 2597 formam
1722 2536 1812 2616 operi
1840 2555 1912 2600 mcc
1935 2534 2006 2599 dari
2033 2544 2190 2616 oporteat.

197 2621 280 2685 mini
307 2621 473 2703 ignorent,
506 2620 572 2683 imo
594 2640 654 2683 nec
675 2620 758 2684 scire
780 2620 911 2702 quidem
933 2619 1051 2683 velint:
1084 2619 1168 2700 quod
1221 2614 1263 2680 In
1285 2636 1421 2692 summa,
1452 2614 1627 2699 prophetae
1652 2620 1824 2684 consilium
1847 2629 1896 2684 est
1919 2619 1961 2684 ad
1982 2620 2190 2685 sobrietatem

198 2728 264 2771 non
288 2707 457 2787 requirant
479 2705 740 2780 consolationem,
772 2725 810 2770 ac
831 2725 873 2768 ne
896 2704 1070 2768 admittant
1099 2705 1168 2786 qui·
1221 2713 1254 2765 et
1288 2701 1496 2765 tolerantiam
1536 2704 1661 2767 hortari
1697 2705 1865 2770 homines:
1905 2705 1981 2787 quia
2019 2704 2117 2770 simul
2153 2726 2191 2771 ac

198 2790 290 2856 dem:
324 2791 463 2873 denique
492 2790 573 2853 vitio
607 2790 718 2872 populi
748 2787 903 2865 accidere,
937 2789 1022 2871 quod
1045 2791 1079 2852 in
1102 2791 1170 2854 suis
1222 2787 1402 2869 disceptare
1432 2808 1506 2852 cum
1528 2787 1600 2869 ipsc
1622 2789 1795 2872 incipiunt,
1826 2790 1998 2855 detrahere
2019 2811 2037 2854 e
2059 2789 2191 2857 coelesti

199 2876 367 2942 aerumnis
388 2885 538 2940 extrema
560 2874 695 2939 tristitia
715 2874 926 2957 opprimitur:
949 2875 1026 2956 quia
1047 2874 1169 2939 scilicet
1221 2873 1301 2938 solio
1323 2883 1493 2937 conantur.
1524 2872 1663 2940 Iudaeos
1685 2885 1794 2939 autem
1816 2876 1902 2941 solos
1923 2895 1991 2941 non
2010 2875 2192 2959 compellat,

198 2983 236 3028 os
268 2962 402 3027 Domini
439 2981 506 3026 nan
541 2962 765 3044 interrogant:
806 2960 892 3041 quod
924 2961 953 3025 si
984 2960 1168 3042 recipimus,
1221 2958 1297 3041 quia
1324 2956 1557 3040 blasphemias,
1590 2980 1674 3043 quae
1705 2962 1827 3044 passim
1861 2972 1938 3028 tunc
1972 2961 2070 3026 etiam
2103 2962 2192 3027 inter

198 3047 376 3114 tenendum
399 3059 484 3113 esset
502 3045 541 3111 de
559 3046 624 3111 alia
641 3044 827 3129 inquirendi
849 3047 974 3111 ratione
996 3066 1084 3110 nnnc
1103 3047 1167 3128 agi.
1220 3042 1405 3110 incredulos
1428 3044 1615 3124 volitabant,
1638 3067 1842 3129 compescere
1859 3069 1942 3131 opus
1958 3049 2034 3113 fuit:
2058 3049 2193 3132 perinde

198 3133 283 3199 Nam
312 3134 408 3198 sicuti
437 3134 529 3199 nefas
556 3141 606 3198 est
631 3133 666 3196 in
689 3153 808 3197 arcana
830 3133 893 3196 Dei
926 3132 1061 3196 sensilia
1093 3151 1167 3214 prc-
1221 3151 1259 3195 ιι
1281 3130 1309 3195 si
1331 3128 1424 3194 Deus
1446 3130 1497 3194 ius
1519 3151 1614 3195 suum
1638 3152 1784 3198 asserere
1805 3133 1918 3199 volens
1948 3136 2047 3200 totius
2076 3136 2192 3200 mundi

198 3240 359 3303 rumpere,
388 3220 434 3283 ita
462 3226 621 3302 quatenus
648 3218 780 3302 expedit
805 3216 981 3282 liberaliter
1003 3217 1079 3299 quid
1102 3218 1168 3282 fac·
1220 3215 1474 3281 obtrectationes
1496 3217 1544 3281 ita
1566 3217 1743 3282 refelleret:
1774 3218 1939 3299 Quorsum
1963 3219 2095 3286 tandem
2117 3242 2191 3304 pro·

198 3316 291 3371 turus
324 3305 369 3369 sit
400 3307 527 3387 aperire
552 3305 621 3369 suis
644 3304 807 3387 dignatur,
842 3305 957 3368 merito
978 3314 1088 3368 autem
1112 3302 1168 3367 ubi
1220 3302 1307 3367 siliet
1329 3312 1440 3366 vestra
1466 3303 1668 3386 arrogantia,
1698 3315 1736 3368 ιι
1757 3325 1810 3369 me
1832 3327 1897 3371 non
1920 3307 2035 3372 sinatis
2063 3310 2098 3371 in
2121 3309 2191 3372 offi-

198 3411 325 3458 sacrcm
349 3411 384 3454 os
403 3392 508 3473 aperit
529 3410 624 3455 aures
642 3391 703 3456 sibi
722 3390 841 3473 aperiri
858 3390 957 3467 iubet,
981 3397 1168 3472 attenteque
1219 3389 1293 3453 cina
1315 3407 1388 3452 mea
1411 3385 1591 3453 dominari?
1613 3400 1646 3454 et
1662 3389 1818 3454 familiam
1841 3413 1946 3457 meam
1969 3398 2066 3475 prout
2085 3395 2191 3457 visum

198 3477 304 3560 excipi
326 3475 483 3559 quidquid
506 3477 704 3560 pronuntiat.
734 3476 805 3541 Iam
823 3477 907 3559 quod
927 3475 1029 3541 veteri
1048 3475 1167 3558 populo
1219 3483 1268 3539 est
1288 3472 1423 3556 regere?

198 3562 373 3645 exprobrat
390 3562 494 3627 Isaias
516 3563 578 3645 ipsi
600 3582 729 3645 quoque
751 3565 946 3644 experimur.
978 3561 1045 3628 Sed
1064 3562 1168 3645 magis
1306 3560 1356 3624 12.
1401 3557 1484 3644 (Epo
1521 3559 1583 3642 feci
1620 3559 1760 3643 terram.)
1821 3558 1962 3625 Videtur
2002 3562 2192 3645 simpliciter

197 3658 453 3714 consentaneum
476 3656 527 3714 est
547 3648 744 3713 sententiam
771 3648 856 3713 hanc
878 3669 897 3711 a
920 3648 1067 3730 proxima
1089 3667 1168 3729 pen·
1220 3644 1390 3710 adstruere
1412 3646 1476 3710 Dei
1499 3645 1691 3728 potentiam,
1722 3645 1844 3710 utiam
1867 3657 1964 3710 antea
1988 3646 2124 3714 fecerat:
2154 3659 2191 3714 nt

198 3732 284 3812 dere,
306 3743 344 3798 ut
361 3735 406 3799 sit
425 3734 599 3817 applicatio
621 3733 845 3799 similitudinis
866 3733 928 3797 hcc
946 3753 1059 3798 sensu:
1081 3733 1168 3797 Filio
1220 3732 1263 3796 sit
1285 3731 1414 3812 obliqua
1442 3730 1616 3796 antithesis
1644 3732 1731 3794 inter
1753 3728 1862 3795 Deum
1885 3740 1919 3796 et
1940 3731 2037 3812 idola,
2066 3753 2150 3817 quae
2173 3755 2193 3800 a

198 3841 263 3884 non
286 3818 397 3883 licebit
417 3820 509 3885 litem
531 3820 617 3902 patri
640 3819 820 3895 intendere,
850 3839 909 3884 nec
931 3819 999 3883 luto
1022 3819 1072 3882 ius
1094 3836 1167 3884 cum
1220 3817 1458 3900 superstitiosis
1479 3816 1640 3881 coluntur.
1686 3813 1790 3881 Stulti
1809 3816 1898 3882 enim
1921 3817 2070 3884 homines
2091 3821 2191 3885 inter-

197 3906 298 3990 figulo
315 3926 374 3970 suo
392 3905 594 3988 disceptandi
613 3904 753 3986 dabitur,
776 3903 1031 3986 quantominus
1053 3902 1170 3968 tolera-
1221 3906 1341 3983 rogant
1363 3900 1458 3977 idola,
1482 3901 1617 3983 perinde
1639 3921 1676 3966 ac
1698 3902 1726 3966 si
1748 3921 1862 3967 eorum
1884 3911 1967 3968 nutu
1989 3904 2077 3970 orbis
2098 3926 2192 3990 rege·

197 3991 271 4057 bilis
293 3990 375 4057 haec
397 3990 529 4056 licentia
558 4003 621 4065 est,
657 3991 735 4055 dum
761 3989 987 4073 praescribunt
1017 3987 1169 4054 mortales
1220 3996 1328 4051 retur:
1363 3985 1455 4051 Deus
1478 4007 1673 4052 econverso
1702 4007 1763 4052 nos
1792 3988 1834 4053 ad
1857 4009 1892 4055 se
1914 3999 2060 4072 revocat,
2093 4013 2193 4074 quum

196 4076 267 4141 Deo
289 4076 430 4160 qualiter
450 4075 536 4140 filias
557 4097 632 4141 suos
654 4085 795 4142 tractare
818 4075 954 4140 debeat?
981 4075 1066 4139 Nam
1089 4074 1168 4137 alio·
1221 4073 1268 4139 ait
1289 4094 1324 4138 se
1346 4091 1472 4136 creasse
1494 4082 1623 4150 terram,
1646 4083 1680 4136 et
1702 4073 1871 4138 hominem
1893 4073 1927 4137 in
1951 4095 1989 4140 ea
2009 4076 2192 4156 collocasse,

197 4163 252 4246 qui
274 4180 436 4245 suspensa
465 4170 550 4225 esset
579 4182 616 4226 ac
640 4161 757 4226 mutila
785 4162 957 4226 sententia.
1001 4158 1170 4225 (leucinne
1221 4157 1326 4225 coelos
1359 4157 1568 4239 expandisse,
1601 4167 1662 4223 etc.
1718 4159 1786 4224 Sed
1819 4180 1893 4225 meo
1925 4161 2045 4227 iudicio
2077 4164 2193 4228 melius

198 4259 308 4314 autem
330 4247 412 4314 haec
434 4246 498 4312 duo
515 4246 661 4310 membra
683 4247 770 4310 inter
787 4267 821 4310 se
839 4257 1009 4328 aptantur:
1031 4245 1170 4328 Figulus
1221 4244 1393 4310 conveniet
1419 4252 1522 4306 totam
1548 4243 1634 4310 hunc
1663 4264 1849 4310 sermonem
1878 4246 2122 4312 accommodare
2150 4248 2192 4314 ad

198 4354 258 4399 suo
280 4334 415 4399 arbitrio
436 4333 542 4398 lutum
566 4332 727 4406 formabit,
750 4332 807 4413 qui
828 4333 958 4415 genitus
980 4338 1031 4396 est
1051 4332 1092 4395 ab
1115 4332 1170 4395 hc-
1220 4329 1498 4397 circumstantiam
1521 4328 1619 4393 huius
1641 4328 1712 4396 loci.
1755 4330 1843 4411 Quid
1865 4332 1953 4395 enim
1975 4334 2080 4416 magis
2101 4354 2193 4416 prae·

199 4420 286 4483 mine
308 4418 441 4483 mortali
473 4440 538 4484 nou
567 4416 700 4482 audebit
733 4435 807 4482 cum
838 4429 930 4499 patre
952 4415 1168 4500 expostulare,
1220 4425 1396 4499 posterum,
1418 4433 1514 4494 quam
1538 4413 1688 4480 homines
1710 4425 1798 4481 stare
1815 4417 1852 4481 in
1870 4436 1930 4482 suo
1947 4416 2060 4500 gradu,
2082 4417 2192 4485 Deum

198 4503 279 4569 mihi
313 4505 367 4585 qui
400 4524 548 4569 summus
580 4524 653 4568 sum
687 4504 831 4567 omnium
866 4515 960 4584 pater
993 4512 1025 4566 et
1053 4501 1170 4584 opifex,
1220 4508 1328 4566 autem
1347 4499 1440 4563 cuius
1458 4500 1611 4565 maiestas
1632 4501 1737 4566 coelos
1759 4511 1900 4584 superat,
1922 4512 2075 4585 proterve
2091 4506 2191 4570 inter·

200 4589 316 4654 similis
345 4596 488 4672 potestas
516 4589 660 4655 infilius
685 4608 775 4653 meos
798 4597 831 4651 st
853 4590 1010 4671 figmenta
1037 4588 1169 4669 negabi-
1221 4585 1346 4670 rogari,
1381 4584 1523 4649 attrahi
1553 4588 1588 4649 in
1617 4587 1767 4651 reatum?
1802 4584 1945 4671 Oblique
1976 4589 2086 4671 itaque
2118 4611 2192 4673 per·

199 4674 274 4740 tur?
306 4673 345 4740 Si
367 4675 507 4738 arrideat
529 4676 617 4756 prior
638 4695 762 4752 sensus,
784 4675 961 4756 exprobrat
982 4673 1170 4737 hominibus
1221 4672 1354 4754 stringit
1377 4668 1548 4735 hominum
1572 4672 1749 4755 vesaniam,
1779 4674 1834 4756 qui
1856 4694 1958 4758 supra
1978 4676 2083 4740 coelos
2104 4675 2192 4758 ipsos

198 4760 365 4847 ignaviam
384 4780 488 4835 snam,
507 4760 712 4842 qucdDeum
730 4760 931 4843 interrogare
950 4780 1016 4824 non
1034 4757 1169 4844 dignen·
1221 4757 1337 4823 efferre
1359 4777 1393 4822 se
1415 4778 1483 4821 non
1511 4755 1672 4821 dubitant.
1716 4756 1884 4824 Admonet
1915 4770 2022 4824 tamen
2054 4761 2191 4838 interea,

199 4860 263 4928 tur,
298 4860 396 4929 atque
418 4846 583 4928 exipsius
615 4866 670 4911 ore
703 4846 887 4929 intelligere
917 4866 1000 4927 qnae
1031 4845 1070 4909 ad
1094 4865 1169 4909 con·
1220 4843 1249 4910 si
1266 4842 1306 4909 ad
1328 4843 1507 4928 legitimam
1530 4841 1788 4925 disquisitionem
1810 4845 1923 4910 venire
1945 4854 2101 4928 oporteat,
2119 4845 2192 4911 Deo

199 4933 391 5000 solationem
420 4952 532 4995 corum
559 4931 776 5014 pertinebant.
821 4931 905 4995 Nam
929 4953 970 4996 ex
992 4930 1171 5013 prophetiis
1221 4930 1305 5014 quod
1324 4950 1382 5014 pro
1400 4950 1460 4994 sua
1478 4947 1577 4994 causa
1594 4928 1790 5011 respondeat
1807 4933 1942 4996 minime
1960 4930 2079 4995 defore.
2107 4932 2192 4997 Nam

199 5018 440 5084 intellexissent
462 5036 497 5081 se
520 5016 591 5080 Dec
612 5037 708 5082 curae
730 5037 818 5082 esse:
844 5026 942 5098 atque
963 5018 1087 5081 exitum
1110 5018 1171 5080 mi·
1221 5018 1247 5080 si
1267 5017 1457 5082 universum
1476 5014 1635 5079 mundum
1653 5014 1870 5095 administrat,
1890 5025 1977 5082 certe
1995 5017 2191 5098 peculiarem

199 5106 358 5171 seriarum
397 5121 531 5166 suarum
565 5103 787 5185 agnovissent.
842 5102 888 5166 Et
918 5112 1006 5166 certe
1043 5102 1170 5167 nullum
1221 5101 1383 5183 quandam
1412 5120 1473 5182 pro
1502 5104 1570 5165 suis
1599 5099 1850 5167 sollicitudinem
1881 5102 1980 5185 gerit,
2014 5122 2073 5166 nee
2100 5113 2192 5169 curat

199 5190 377 5254 remedium
411 5187 517 5251 maius
546 5186 581 5250 in
604 5187 766 5265 adversis,
800 5207 896 5270 quam
926 5188 953 5252 si
976 5209 1011 5252 os
1033 5186 1170 5253 Domini
1221 5186 1353 5264 alienos,
1375 5193 1412 5249 nt
1429 5185 1624 5252 domesticos
1641 5207 1715 5252 suos
1734 5188 1847 5271 vagari
1866 5206 1904 5250 ac
1921 5185 2071 5272 dissipari
2094 5190 2191 5255 sinat.

199 5276 456 5359 interrogemus:
487 5294 529 5338 ne
550 5274 661 5337 oculos
692 5274 871 5356 defigamus
902 5273 935 5336 in
966 5284 1171 5356 praesentem
1222 5270 1279 5339 Sic
1300 5270 1400 5354 igitur
1423 5270 1569 5355 intelligo
1591 5270 1679 5338 hunc
1701 5292 1848 5338 versum:
1870 5273 1994 5357 Egone,
2016 5274 2107 5341 cuius
2129 5276 2189 5340 im·
