<?xml version="1.0" encoding="UTF-8"?>
<!DOCTYPE html PUBLIC "-//W3C//DTD XHTML 1.0 Transitional//EN"
    "http://www.w3.org/TR/xhtml1/DTD/xhtml1-transitional.dtd">
<html xmlns="http://www.w3.org/1999/xhtml" xml:lang="en" lang="en">
 <head>
  <title>
</title>
<meta http-equiv="Content-Type" content="text/html;charset=utf-8" />
  <meta name='ocr-system' content='tesseract 3.04.00' />
  <meta name='ocr-capabilities' content='ocr_page ocr_carea ocr_par ocr_line ocrx_word'/>
</head>
<body>
  <div class='ocr_page' id='page_1' title='image "./corpusreformato04melagoog/corpusreformato04melagoog_0282.png"; bbox 0 0 4784 5970; ppageno 0'>
   <div class='ocr_carea' id='block_1_1' title="bbox 95 373 2096 442">
    <p class='ocr_par' dir='ltr' id='par_1_1' title="bbox 95 373 2096 442">
     <span class='ocr_line' id='line_1_1' title="bbox 95 373 2096 442; baseline -0 0"><span class='ocrx_word' id='word_1_1' title='bbox 95 377 158 442; x_wconf 78' lang='lat'><strong>533</strong></span> <span class='ocrx_word' id='word_1_2' title='bbox 827 374 876 440; x_wconf 91' lang='lat' dir='ltr'><strong>IN</strong></span> <span class='ocrx_word' id='word_1_3' title='bbox 899 373 1148 439; x_wconf 79' lang='lat' dir='ltr'><strong>IEREMIAM.</strong></span> <span class='ocrx_word' id='word_1_4' title='bbox 1193 374 1291 440; x_wconf 81' lang='lat' dir='ltr'>CAP.</span> <span class='ocrx_word' id='word_1_5' title='bbox 1316 373 1361 439; x_wconf 92' lang='lat'><strong>11.</strong></span> <span class='ocrx_word' id='word_1_6' title='bbox 2029 376 2096 441; x_wconf 83' lang='lat'><strong>534</strong></span> 
     </span>
    </p>
   </div>
   <div class='ocr_carea' id='block_1_2' title="bbox 89 560 2102 2867">
    <p class='ocr_par' dir='ltr' id='par_1_2' title="bbox 89 560 2102 2867">
     <span class='ocr_line' id='line_1_2' title="bbox 96 560 2096 648; baseline -0.002 -16"><span class='ocrx_word' id='word_1_7' title='bbox 96 578 239 632; x_wconf 78' lang='lat' dir='ltr'>tentasse</span> <span class='ocrx_word' id='word_1_8' title='bbox 265 586 308 630; x_wconf 89' lang='lat' dir='ltr'><strong>au</strong></span> <span class='ocrx_word' id='word_1_9' title='bbox 337 575 470 648; x_wconf 78' lang='lat' dir='ltr'><strong>possent</strong></span> <span class='ocrx_word' id='word_1_10' title='bbox 503 563 649 629; x_wconf 88' lang='lat' dir='ltr'><strong>revocari</strong></span> <span class='ocrx_word' id='word_1_11' title='bbox 682 561 723 628; x_wconf 92' lang='lat' dir='ltr'><strong>ad</strong></span> <span class='ocrx_word' id='word_1_12' title='bbox 756 581 869 628; x_wconf 82' lang='lat' dir='ltr'><strong>seuam</strong></span> <span class='ocrx_word' id='word_1_13' title='bbox 902 569 1065 626; x_wconf 88' lang='lat' dir='ltr'><strong>mentem:</strong></span> <span class='ocrx_word' id='word_1_14' title='bbox 1118 561 1222 646; x_wconf 78' lang='lat' dir='ltr'><strong>galati</strong></span> <span class='ocrx_word' id='word_1_15' title='bbox 1245 573 1323 629; x_wconf 88' lang='lat' dir='ltr'><strong>sunt</strong></span> <span class='ocrx_word' id='word_1_16' title='bbox 1344 562 1440 627; x_wconf 91' lang='lat' dir='ltr'><strong>multi</strong></span> <span class='ocrx_word' id='word_1_17' title='bbox 1463 560 1648 647; x_wconf 87' lang='lat' dir='ltr'><strong>prophetae.</strong></span> <span class='ocrx_word' id='word_1_18' title='bbox 1680 560 1752 627; x_wconf 88' lang='lat' dir='ltr'><strong>Hoc</strong></span> <span class='ocrx_word' id='word_1_19' title='bbox 1770 561 1904 644; x_wconf 90' lang='lat' dir='ltr'><strong>quidam</strong></span> <span class='ocrx_word' id='word_1_20' title='bbox 1923 573 2096 646; x_wconf 90' lang='lat' dir='ltr'><strong>exponunt</strong></span> 
     </span>
     <span class='ocr_line' id='line_1_3' title="bbox 95 645 2095 733; baseline -0.002 -14"><span class='ocrx_word' id='word_1_21' title='bbox 95 653 152 719; x_wconf 89' lang='lat' dir='ltr'><strong>scd</strong></span> <span class='ocrx_word' id='word_1_22' title='bbox 186 652 246 715; x_wconf 90' lang='lat' dir='ltr'><strong>hoc</strong></span> <span class='ocrx_word' id='word_1_23' title='bbox 279 651 379 715; x_wconf 93' lang='lat' dir='ltr'><strong>etiam</strong></span> <span class='ocrx_word' id='word_1_24' title='bbox 413 649 513 714; x_wconf 89' lang='lat' dir='ltr'><strong>luisse</strong></span> <span class='ocrx_word' id='word_1_25' title='bbox 541 648 658 714; x_wconf 88' lang='lat' dir='ltr'><strong>inutile</strong></span> <span class='ocrx_word' id='word_1_26' title='bbox 688 657 720 713; x_wconf 88' lang='lat' dir='ltr'><strong>et</strong></span> <span class='ocrx_word' id='word_1_27' title='bbox 742 647 883 711; x_wconf 89' lang='lat' dir='ltr'><strong>irritum.</strong></span> <span class='ocrx_word' id='word_1_28' title='bbox 928 645 1067 713; x_wconf 80' lang='lat' dir='ltr'><strong>Frustra</strong></span> <span class='ocrx_word' id='word_1_29' title='bbox 1118 648 1158 712; x_wconf 91' lang='lat' dir='ltr'><strong>de</strong></span> <span class='ocrx_word' id='word_1_30' title='bbox 1181 647 1271 714; x_wconf 88' lang='lat' dir='ltr'><strong>lalsis</strong></span> <span class='ocrx_word' id='word_1_31' title='bbox 1293 646 1487 729; x_wconf 87' lang='lat' dir='ltr'><strong>doctoribus,</strong></span> <span class='ocrx_word' id='word_1_32' title='bbox 1516 647 1609 730; x_wconf 90' lang='lat' dir='ltr'><strong>quasi</strong></span> <span class='ocrx_word' id='word_1_33' title='bbox 1633 645 1756 712; x_wconf 87' lang='lat' dir='ltr'><strong>diceret</strong></span> <span class='ocrx_word' id='word_1_34' title='bbox 1785 648 1955 730; x_wconf 90' lang='lat' dir='ltr'><strong>propheta,</strong></span> <span class='ocrx_word' id='word_1_35' title='bbox 1985 649 2095 733; x_wconf 90' lang='lat' dir='ltr'><strong>impu·</strong></span> 
     </span>
     <span class='ocr_line' id='line_1_4' title="bbox 95 731 2094 821; baseline -0.002 -18"><span class='ocrx_word' id='word_1_36' title='bbox 95 759 173 821; x_wconf 79' lang='lat' dir='ltr'><strong>ergo</strong></span> <span class='ocrx_word' id='word_1_37' title='bbox 196 756 249 802; x_wconf 84' lang='lat' dir='ltr'><strong>cos</strong></span> <span class='ocrx_word' id='word_1_38' title='bbox 270 736 430 818; x_wconf 57' lang='lat' dir='ltr'><strong>commovi,</strong></span> <span class='ocrx_word' id='word_1_39' title='bbox 453 736 567 817; x_wconf 91' lang='lat' dir='ltr'><strong>iuquit,</strong></span> <span class='ocrx_word' id='word_1_40' title='bbox 590 735 740 815; x_wconf 79' lang='lat' dir='ltr'><strong>quoniam</strong></span> <span class='ocrx_word' id='word_1_41' title='bbox 760 733 978 799; x_wconf 74' lang='lat' dir='ltr'><strong><em>correctionem</em></strong></span> <span class='ocrx_word' id='word_1_42' title='bbox 999 752 1067 797; x_wconf 85' lang='lat' dir='ltr'><strong>om·</strong></span> <span class='ocrx_word' id='word_1_43' title='bbox 1119 731 1256 799; x_wconf 88' lang='lat' dir='ltr'><strong>tandum</strong></span> <span class='ocrx_word' id='word_1_44' title='bbox 1274 753 1345 798; x_wconf 86' lang='lat' dir='ltr'><strong>esse</strong></span> <span class='ocrx_word' id='word_1_45' title='bbox 1363 732 1539 800; x_wconf 74' lang='lat' dir='ltr'><strong>sceleribus</strong></span> <span class='ocrx_word' id='word_1_46' title='bbox 1557 731 1676 815; x_wconf 89' lang='lat' dir='ltr'><strong>populi,</strong></span> <span class='ocrx_word' id='word_1_47' title='bbox 1695 732 1781 814; x_wconf 90' lang='lat' dir='ltr'><strong>quod</strong></span> <span class='ocrx_word' id='word_1_48' title='bbox 1798 733 2094 817; x_wconf 87' lang='lat' dir='ltr'><strong>prophetaeiustas</strong></span> 
     </span>
     <span class='ocr_line' id='line_1_5' title="bbox 89 816 2095 906; baseline -0.001 -20"><span class='ocrx_word' id='word_1_49' title='bbox 89 824 179 906; x_wconf 77' lang='lat' dir='ltr'><strong>pleri</strong></span> <span class='ocrx_word' id='word_1_50' title='bbox 200 840 263 886; x_wconf 81' lang='lat' dir='ltr'><strong>aon</strong></span> <span class='ocrx_word' id='word_1_51' title='bbox 284 821 367 886; x_wconf 70' lang='lat' dir='ltr'><strong>estis</strong></span> <span class='ocrx_word' id='word_1_52' title='bbox 411 818 479 886; x_wconf 85' lang='lat' dir='ltr'><strong>Sed</strong></span> <span class='ocrx_word' id='word_1_53' title='bbox 502 819 645 904; x_wconf 89' lang='lat' dir='ltr'><strong>loquitur</strong></span> <span class='ocrx_word' id='word_1_54' title='bbox 667 818 708 885; x_wconf 91' lang='lat' dir='ltr'><strong>de</strong></span> <span class='ocrx_word' id='word_1_55' title='bbox 729 817 821 896; x_wconf 90' lang='lat' dir='ltr'><strong>filiis,</strong></span> <span class='ocrx_word' id='word_1_56' title='bbox 851 828 889 883; x_wconf 93' lang='lat' dir='ltr'><strong>ut</strong></span> <span class='ocrx_word' id='word_1_57' title='bbox 917 817 1068 884; x_wconf 90' lang='lat' dir='ltr'><strong>ostendat</strong></span> <span class='ocrx_word' id='word_1_58' title='bbox 1119 838 1240 902; x_wconf 90' lang='lat' dir='ltr'><strong>poenas</strong></span> <span class='ocrx_word' id='word_1_59' title='bbox 1261 816 1421 898; x_wconf 80' lang='lat' dir='ltr'>dederint,</span> <span class='ocrx_word' id='word_1_60' title='bbox 1452 818 1607 901; x_wconf 90' lang='lat' dir='ltr'><strong>quoniam</strong></span> <span class='ocrx_word' id='word_1_61' title='bbox 1629 818 1704 882; x_wconf 86' lang='lat' dir='ltr'><strong>falsi</strong></span> <span class='ocrx_word' id='word_1_62' title='bbox 1726 830 1821 884; x_wconf 91' lang='lat' dir='ltr'><strong>erant</strong></span> <span class='ocrx_word' id='word_1_63' title='bbox 1842 838 1880 883; x_wconf 87' lang='lat' dir='ltr'><strong>ac</strong></span> <span class='ocrx_word' id='word_1_64' title='bbox 1902 819 2095 886; x_wconf 82' lang='lat' dir='ltr'><strong>mendaces:</strong></span> 
     </span>
     <span class='ocr_line' id='line_1_6' title="bbox 95 903 2094 990; baseline -0.001 -18"><span class='ocrx_word' id='word_1_65' title='bbox 95 920 201 973; x_wconf 91' lang='lat' dir='ltr'><strong>totum</strong></span> <span class='ocrx_word' id='word_1_66' title='bbox 236 907 392 990; x_wconf 90' lang='lat' dir='ltr'><strong>populum</strong></span> <span class='ocrx_word' id='word_1_67' title='bbox 423 906 522 971; x_wconf 85' lang='lat' dir='ltr'><strong>fuisse</strong></span> <span class='ocrx_word' id='word_1_68' title='bbox 554 904 736 971; x_wconf 92' lang='lat' dir='ltr'><strong>indocilem.</strong></span> <span class='ocrx_word' id='word_1_69' title='bbox 791 903 878 968; x_wconf 89' lang='lat' dir='ltr'><strong>Nam</strong></span> <span class='ocrx_word' id='word_1_70' title='bbox 918 903 1068 986; x_wconf 93' lang='lat' dir='ltr'><strong>quamvis</strong></span> <span class='ocrx_word' id='word_1_71' title='bbox 1118 913 1151 969; x_wconf 91' lang='lat' dir='ltr'><strong>et</strong></span> <span class='ocrx_word' id='word_1_72' title='bbox 1173 905 1331 970; x_wconf 90' lang='lat' dir='ltr'><strong>insistunt</strong></span> <span class='ocrx_word' id='word_1_73' title='bbox 1352 905 1387 969; x_wconf 94' lang='lat' dir='ltr'><strong>in</strong></span> <span class='ocrx_word' id='word_1_74' title='bbox 1409 924 1488 971; x_wconf 90' lang='lat' dir='ltr'><strong>voce</strong></span> <span class='ocrx_word' id='word_1_75' title='bbox 1509 925 1590 983; x_wconf 92' lang='lat' dir='ltr'><strong>uua,</strong></span> <span class='ocrx_word' id='word_1_76' title='bbox 1620 923 1739 986; x_wconf 91' lang='lat' dir='ltr'><strong>nempe</strong></span> <span class='ocrx_word' id='word_1_77' title='bbox 1761 904 1839 987; x_wconf 88' lang='lat' dir='ltr'><strong>quio</strong></span> <span class='ocrx_word' id='word_1_78' title='bbox 1861 914 2023 970; x_wconf 86' lang='lat' dir='ltr'><strong>vocantur</strong></span> <span class='ocrx_word' id='word_1_79' title='bbox 2044 907 2094 988; x_wconf 92' lang='lat' dir='ltr'><strong>ip-</strong></span> 
     </span>
     <span class='ocr_line' id='line_1_7' title="bbox 95 989 2096 1077; baseline -0.002 -17"><span class='ocrx_word' id='word_1_80' title='bbox 95 992 290 1077; x_wconf 89' lang='lat' dir='ltr'><strong>cupiditates</strong></span> <span class='ocrx_word' id='word_1_81' title='bbox 312 992 416 1076; x_wconf 75' lang='lat' dir='ltr'><strong>magis</strong></span> <span class='ocrx_word' id='word_1_82' title='bbox 438 991 595 1056; x_wconf 91' lang='lat' dir='ltr'><strong>ebulliant</strong></span> <span class='ocrx_word' id='word_1_83' title='bbox 616 992 650 1054; x_wconf 91' lang='lat' dir='ltr'><strong>iu</strong></span> <span class='ocrx_word' id='word_1_84' title='bbox 681 999 788 1055; x_wconf 90' lang='lat' dir='ltr'><strong>aetate</strong></span> <span class='ocrx_word' id='word_1_85' title='bbox 817 989 967 1066; x_wconf 88' lang='lat' dir='ltr'><strong>iuvenili,</strong></span> <span class='ocrx_word' id='word_1_86' title='bbox 1000 1008 1069 1052; x_wconf 89' lang='lat' dir='ltr'><strong>uon</strong></span> <span class='ocrx_word' id='word_1_87' title='bbox 1119 1010 1231 1056; x_wconf 89' lang='lat' dir='ltr'><strong>sorum</strong></span> <span class='ocrx_word' id='word_1_88' title='bbox 1254 989 1448 1073; x_wconf 89' lang='lat' dir='ltr'><strong>prophetae:</strong></span> <span class='ocrx_word' id='word_1_89' title='bbox 1477 989 1549 1055; x_wconf 92' lang='lat' dir='ltr'><strong>ideo</strong></span> <span class='ocrx_word' id='word_1_90' title='bbox 1571 989 1650 1055; x_wconf 92' lang='lat' dir='ltr'><strong>dicit</strong></span> <span class='ocrx_word' id='word_1_91' title='bbox 1670 989 1896 1073; x_wconf 79' lang='lat' dir='ltr'><strong>Hieronymus</strong></span> <span class='ocrx_word' id='word_1_92' title='bbox 1917 991 2096 1073; x_wconf 90' lang='lat' dir='ltr'><strong>prophetas</strong></span> 
     </span>
     <span class='ocr_line' id='line_1_8' title="bbox 96 1073 2095 1159; baseline -0.001 -15"><span class='ocrx_word' id='word_1_93' title='bbox 96 1092 205 1144; x_wconf 89' lang='lat' dir='ltr'><strong>tamen</strong></span> <span class='ocrx_word' id='word_1_94' title='bbox 229 1085 322 1141; x_wconf 89' lang='lat' dir='ltr'><strong>tauta</strong></span> <span class='ocrx_word' id='word_1_95' title='bbox 344 1092 394 1141; x_wconf 88' lang='lat' dir='ltr'><strong>est</strong></span> <span class='ocrx_word' id='word_1_96' title='bbox 416 1077 605 1158; x_wconf 80' lang='lat' dir='ltr'><strong>pervicacia,</strong></span> <span class='ocrx_word' id='word_1_97' title='bbox 628 1085 750 1159; x_wconf 86' lang='lat' dir='ltr'><strong>quanta</strong></span> <span class='ocrx_word' id='word_1_98' title='bbox 767 1076 802 1140; x_wconf 93' lang='lat' dir='ltr'><strong>iu</strong></span> <span class='ocrx_word' id='word_1_99' title='bbox 821 1075 953 1141; x_wconf 89' lang='lat' dir='ltr'><strong>senibus</strong></span> <span class='ocrx_word' id='word_1_100' title='bbox 972 1094 1070 1157; x_wconf 91' lang='lat' dir='ltr'><strong>appa·</strong></span> <span class='ocrx_word' id='word_1_101' title='bbox 1121 1084 1256 1157; x_wconf 88' lang='lat' dir='ltr'><strong>vestros,</strong></span> <span class='ocrx_word' id='word_1_102' title='bbox 1279 1096 1345 1140; x_wconf 91' lang='lat' dir='ltr'><strong>nou</strong></span> <span class='ocrx_word' id='word_1_103' title='bbox 1368 1095 1473 1141; x_wconf 91' lang='lat' dir='ltr'><strong>meos:</strong></span> <span class='ocrx_word' id='word_1_104' title='bbox 1507 1097 1544 1141; x_wconf 89' lang='lat' dir='ltr'><strong>ac</strong></span> <span class='ocrx_word' id='word_1_105' title='bbox 1572 1075 1600 1139; x_wconf 89' lang='lat' dir='ltr'><strong>si</strong></span> <span class='ocrx_word' id='word_1_106' title='bbox 1622 1073 1716 1140; x_wconf 88' lang='lat' dir='ltr'><strong>Deus</strong></span> <span class='ocrx_word' id='word_1_107' title='bbox 1739 1084 1875 1158; x_wconf 78' lang='lat' dir='ltr'>negaret</span> <span class='ocrx_word' id='word_1_108' title='bbox 1900 1076 2095 1142; x_wconf 91' lang='lat' dir='ltr'><strong>mandatum</strong></span> 
     </span>
     <span class='ocr_line' id='line_1_9' title="bbox 96 1159 2094 1244; baseline -0.001 -16"><span class='ocrx_word' id='word_1_109' title='bbox 96 1175 156 1228; x_wconf 88' lang='lat' dir='ltr'><strong>ret.</strong></span> <span class='ocrx_word' id='word_1_110' title='bbox 199 1163 286 1227; x_wconf 90' lang='lat' dir='ltr'><strong>Nam</strong></span> <span class='ocrx_word' id='word_1_111' title='bbox 313 1163 369 1244; x_wconf 93' lang='lat' dir='ltr'><strong>qui</strong></span> <span class='ocrx_word' id='word_1_112' title='bbox 401 1170 468 1226; x_wconf 86' lang='lat' dir='ltr'><strong>tota</strong></span> <span class='ocrx_word' id='word_1_113' title='bbox 495 1162 566 1225; x_wconf 90' lang='lat' dir='ltr'><strong>vita</strong></span> <span class='ocrx_word' id='word_1_114' title='bbox 594 1161 747 1227; x_wconf 83' lang='lat' dir='ltr'><strong>obduruit</strong></span> <span class='ocrx_word' id='word_1_115' title='bbox 773 1160 815 1226; x_wconf 92' lang='lat' dir='ltr'><strong>ad</strong></span> <span class='ocrx_word' id='word_1_116' title='bbox 845 1169 1069 1241; x_wconf 90' lang='lat' dir='ltr'><strong>contemptum</strong></span> <span class='ocrx_word' id='word_1_117' title='bbox 1121 1161 1223 1227; x_wconf 92' lang='lat' dir='ltr'><strong>ullum</strong></span> <span class='ocrx_word' id='word_1_118' title='bbox 1245 1181 1281 1226; x_wconf 90' lang='lat' dir='ltr'><strong>se</strong></span> <span class='ocrx_word' id='word_1_119' title='bbox 1302 1160 1369 1226; x_wconf 89' lang='lat' dir='ltr'><strong>illis</strong></span> <span class='ocrx_word' id='word_1_120' title='bbox 1391 1160 1528 1226; x_wconf 89' lang='lat' dir='ltr'><strong>dedisse.</strong></span> <span class='ocrx_word' id='word_1_121' title='bbox 1568 1159 1641 1244; x_wconf 86' lang='lat' dir='ltr'><strong>Sed</strong></span> <span class='ocrx_word' id='word_1_122' title='bbox 1659 1159 1720 1226; x_wconf 91' lang='lat' dir='ltr'><strong>hoc</strong></span> <span class='ocrx_word' id='word_1_123' title='bbox 1743 1162 1841 1227; x_wconf 91' lang='lat' dir='ltr'><strong>nimis</strong></span> <span class='ocrx_word' id='word_1_124' title='bbox 1862 1169 1913 1227; x_wconf 92' lang='lat' dir='ltr'><strong>est</strong></span> <span class='ocrx_word' id='word_1_125' title='bbox 1936 1172 2094 1228; x_wconf 85' lang='lat' dir='ltr'><strong>eoactum.</strong></span> 
     </span>
     <span class='ocr_line' id='line_1_10' title="bbox 96 1245 2098 1332; baseline -0.001 -17"><span class='ocrx_word' id='word_1_126' title='bbox 96 1250 170 1332; x_wconf 90' lang='lat' dir='ltr'><strong>Dei,</strong></span> <span class='ocrx_word' id='word_1_127' title='bbox 193 1249 250 1314; x_wconf 87' lang='lat' dir='ltr'><strong>vix</strong></span> <span class='ocrx_word' id='word_1_128' title='bbox 272 1249 391 1330; x_wconf 89' lang='lat' dir='ltr'><strong>poterit</strong></span> <span class='ocrx_word' id='word_1_129' title='bbox 413 1267 555 1330; x_wconf 90' lang='lat' dir='ltr'><strong>unquam</strong></span> <span class='ocrx_word' id='word_1_130' title='bbox 578 1248 688 1311; x_wconf 91' lang='lat' dir='ltr'><strong>sanari</strong></span> <span class='ocrx_word' id='word_1_131' title='bbox 711 1267 749 1312; x_wconf 92' lang='lat' dir='ltr'><strong>ae</strong></span> <span class='ocrx_word' id='word_1_132' title='bbox 775 1246 874 1311; x_wconf 91' lang='lat' dir='ltr'><strong>ullam</strong></span> <span class='ocrx_word' id='word_1_133' title='bbox 897 1246 1069 1311; x_wconf 89' lang='lat' dir='ltr'><strong>correctio·</strong></span> <span class='ocrx_word' id='word_1_134' title='bbox 1121 1246 1312 1312; x_wconf 77' lang='lat' dir='ltr'><strong>Tenendum</strong></span> <span class='ocrx_word' id='word_1_135' title='bbox 1335 1247 1437 1331; x_wconf 83' lang='lat' dir='ltr'><strong>igitur</strong></span> <span class='ocrx_word' id='word_1_136' title='bbox 1458 1255 1507 1311; x_wconf 91' lang='lat' dir='ltr'><strong>est</strong></span> <span class='ocrx_word' id='word_1_137' title='bbox 1529 1245 1615 1327; x_wconf 93' lang='lat' dir='ltr'><strong>quod</strong></span> <span class='ocrx_word' id='word_1_138' title='bbox 1636 1245 1714 1325; x_wconf 84' lang='lat' dir='ltr'>dixi,</span> <span class='ocrx_word' id='word_1_139' title='bbox 1738 1267 1855 1330; x_wconf 82' lang='lat' dir='ltr'><strong>nempe</strong></span> <span class='ocrx_word' id='word_1_140' title='bbox 1874 1267 1975 1330; x_wconf 89' lang='lat' dir='ltr'><strong>quum</strong></span> <span class='ocrx_word' id='word_1_141' title='bbox 1993 1246 2098 1313; x_wconf 90' lang='lat' dir='ltr'><strong>vellet</strong></span> 
     </span>
     <span class='ocr_line' id='line_1_11' title="bbox 96 1330 2097 1415; baseline 0 -16"><span class='ocrx_word' id='word_1_142' title='bbox 96 1355 171 1400; x_wconf 94' lang='lat' dir='ltr'><strong>nem</strong></span> <span class='ocrx_word' id='word_1_143' title='bbox 195 1333 385 1398; x_wconf 82' lang='lat' dir='ltr'><strong>admittere:</strong></span> <span class='ocrx_word' id='word_1_144' title='bbox 418 1343 567 1398; x_wconf 90' lang='lat' dir='ltr'><strong>senectus</strong></span> <span class='ocrx_word' id='word_1_145' title='bbox 589 1333 677 1397; x_wconf 91' lang='lat' dir='ltr'><strong>enim</strong></span> <span class='ocrx_word' id='word_1_146' title='bbox 699 1352 757 1415; x_wconf 91' lang='lat' dir='ltr'><strong>per</strong></span> <span class='ocrx_word' id='word_1_147' title='bbox 786 1352 822 1396; x_wconf 92' lang='lat' dir='ltr'><strong>se</strong></span> <span class='ocrx_word' id='word_1_148' title='bbox 850 1343 901 1396; x_wconf 90' lang='lat' dir='ltr'><strong>est</strong></span> <span class='ocrx_word' id='word_1_149' title='bbox 929 1349 1069 1409; x_wconf 86' lang='lat' dir='ltr'><strong>morosa,</strong></span> <span class='ocrx_word' id='word_1_150' title='bbox 1119 1333 1213 1398; x_wconf 91' lang='lat' dir='ltr'><strong>Deus</strong></span> <span class='ocrx_word' id='word_1_151' title='bbox 1230 1330 1353 1397; x_wconf 87' lang='lat' dir='ltr'><strong>mederi</strong></span> <span class='ocrx_word' id='word_1_152' title='bbox 1373 1331 1484 1414; x_wconf 91' lang='lat' dir='ltr'><strong>populi</strong></span> <span class='ocrx_word' id='word_1_153' title='bbox 1503 1333 1554 1395; x_wconf 92' lang='lat' dir='ltr'><strong>sui</strong></span> <span class='ocrx_word' id='word_1_154' title='bbox 1574 1332 1672 1408; x_wconf 89' lang='lat' dir='ltr'><strong>vitiis,</strong></span> <span class='ocrx_word' id='word_1_155' title='bbox 1695 1332 1881 1414; x_wconf 86' lang='lat' dir='ltr'><strong>prophetas,</strong></span> <span class='ocrx_word' id='word_1_156' title='bbox 1904 1333 1960 1415; x_wconf 90' lang='lat' dir='ltr'><strong>qui</strong></span> <span class='ocrx_word' id='word_1_157' title='bbox 1978 1334 2097 1399; x_wconf 89' lang='lat' dir='ltr'><strong>salutis</strong></span> 
     </span>
     <span class='ocr_line' id='line_1_12' title="bbox 96 1415 2097 1501; baseline -0 -16"><span class='ocrx_word' id='word_1_158' title='bbox 96 1437 130 1486; x_wconf 88' lang='lat' dir='ltr'><strong>et</strong></span> <span class='ocrx_word' id='word_1_159' title='bbox 151 1417 302 1497; x_wconf 85' lang='lat' dir='ltr'><strong>difficilis,</strong></span> <span class='ocrx_word' id='word_1_160' title='bbox 325 1428 358 1483; x_wconf 93' lang='lat' dir='ltr'><strong>et</strong></span> <span class='ocrx_word' id='word_1_161' title='bbox 379 1439 473 1483; x_wconf 89' lang='lat' dir='ltr'><strong>senes</strong></span> <span class='ocrx_word' id='word_1_162' title='bbox 495 1417 592 1482; x_wconf 90' lang='lat' dir='ltr'><strong>etiam</strong></span> <span class='ocrx_word' id='word_1_163' title='bbox 616 1427 733 1499; x_wconf 88' lang='lat' dir='ltr'><strong>putant</strong></span> <span class='ocrx_word' id='word_1_164' title='bbox 754 1415 988 1499; x_wconf 91' lang='lat' dir='ltr'><strong>quodammodo</strong></span> <span class='ocrx_word' id='word_1_165' title='bbox 1007 1416 1070 1480; x_wconf 94' lang='lat' dir='ltr'><strong>sibi</strong></span> <span class='ocrx_word' id='word_1_166' title='bbox 1121 1418 1263 1483; x_wconf 90' lang='lat' dir='ltr'><strong>ministri</strong></span> <span class='ocrx_word' id='word_1_167' title='bbox 1285 1429 1389 1494; x_wconf 88' lang='lat' dir='ltr'><strong>erant,</strong></span> <span class='ocrx_word' id='word_1_168' title='bbox 1415 1417 1518 1482; x_wconf 84' lang='lat' dir='ltr'><strong>fuisso</strong></span> <span class='ocrx_word' id='word_1_169' title='bbox 1540 1415 1715 1482; x_wconf 87' lang='lat' dir='ltr'><strong>crudeliter</strong></span> <span class='ocrx_word' id='word_1_170' title='bbox 1736 1438 1756 1481; x_wconf 91' lang='lat' dir='ltr'><strong>a</strong></span> <span class='ocrx_word' id='word_1_171' title='bbox 1778 1418 1897 1501; x_wconf 90' lang='lat' dir='ltr'><strong>populo</strong></span> <span class='ocrx_word' id='word_1_172' title='bbox 1918 1419 1989 1501; x_wconf 88' lang='lat' dir='ltr'><strong>ipsc</strong></span> <span class='ocrx_word' id='word_1_173' title='bbox 2012 1421 2097 1484; x_wconf 92' lang='lat' dir='ltr'><strong>occi·</strong></span> 
     </span>
     <span class='ocr_line' id='line_1_13' title="bbox 96 1501 2097 1586; baseline 0 -16"><span class='ocrx_word' id='word_1_174' title='bbox 96 1507 168 1570; x_wconf 90' lang='lat' dir='ltr'><strong>fieri</strong></span> <span class='ocrx_word' id='word_1_175' title='bbox 190 1505 358 1579; x_wconf 87' lang='lat' dir='ltr'><strong>iniuriam,</strong></span> <span class='ocrx_word' id='word_1_176' title='bbox 388 1503 465 1568; x_wconf 92' lang='lat' dir='ltr'><strong>dum</strong></span> <span class='ocrx_word' id='word_1_177' title='bbox 489 1504 712 1586; x_wconf 79' lang='lat' dir='ltr'><strong>obiurgentur.</strong></span> <span class='ocrx_word' id='word_1_178' title='bbox 756 1501 821 1568; x_wconf 91' lang='lat' dir='ltr'><strong>Ubi</strong></span> <span class='ocrx_word' id='word_1_179' title='bbox 844 1511 952 1567; x_wconf 89' lang='lat' dir='ltr'><strong>autem</strong></span> <span class='ocrx_word' id='word_1_180' title='bbox 977 1508 1069 1565; x_wconf 92' lang='lat' dir='ltr'><strong>tauta</strong></span> <span class='ocrx_word' id='word_1_181' title='bbox 1120 1525 1190 1569; x_wconf 88' lang='lat' dir='ltr'><strong>sos:</strong></span> <span class='ocrx_word' id='word_1_182' title='bbox 1224 1512 1257 1569; x_wconf 92' lang='lat' dir='ltr'><strong>et</strong></span> <span class='ocrx_word' id='word_1_183' title='bbox 1279 1503 1400 1585; x_wconf 92' lang='lat' dir='ltr'><strong>optime</strong></span> <span class='ocrx_word' id='word_1_184' title='bbox 1424 1503 1501 1567; x_wconf 90' lang='lat' dir='ltr'><strong>huic</strong></span> <span class='ocrx_word' id='word_1_185' title='bbox 1529 1502 1723 1584; x_wconf 75' lang='lat' dir='ltr'><strong>expositioni</strong></span> <span class='ocrx_word' id='word_1_186' title='bbox 1755 1502 1896 1586; x_wconf 89' lang='lat' dir='ltr'><strong>quadrat</strong></span> <span class='ocrx_word' id='word_1_187' title='bbox 1918 1503 2097 1571; x_wconf 90' lang='lat' dir='ltr'><strong>similitudo</strong></span> 
     </span>
     <span class='ocr_line' id='line_1_14' title="bbox 96 1586 2097 1673; baseline -0 -17"><span class='ocrx_word' id='word_1_188' title='bbox 96 1603 146 1656; x_wconf 88' lang='lat' dir='ltr'><strong>cst</strong></span> <span class='ocrx_word' id='word_1_189' title='bbox 168 1590 349 1673; x_wconf 89' lang='lat' dir='ltr'><strong>petulantia</strong></span> <span class='ocrx_word' id='word_1_190' title='bbox 371 1601 403 1654; x_wconf 89' lang='lat' dir='ltr'><strong>et</strong></span> <span class='ocrx_word' id='word_1_191' title='bbox 425 1589 600 1654; x_wconf 90' lang='lat' dir='ltr'><strong>obstinatio</strong></span> <span class='ocrx_word' id='word_1_192' title='bbox 626 1589 659 1652; x_wconf 93' lang='lat' dir='ltr'><strong>iu</strong></span> <span class='ocrx_word' id='word_1_193' title='bbox 690 1589 770 1669; x_wconf 89' lang='lat' dir='ltr'><strong>ipsis</strong></span> <span class='ocrx_word' id='word_1_194' title='bbox 799 1586 1068 1664; x_wconf 85' lang='lat' dir='ltr'><strong>adolescentibus,</strong></span> <span class='ocrx_word' id='word_1_195' title='bbox 1120 1609 1202 1671; x_wconf 91' lang='lat' dir='ltr'><strong>quae</strong></span> <span class='ocrx_word' id='word_1_196' title='bbox 1224 1587 1381 1671; x_wconf 88' lang='lat' dir='ltr'><strong>sequitur,</strong></span> <span class='ocrx_word' id='word_1_197' title='bbox 1407 1588 1508 1669; x_wconf 77' lang='lat' dir='ltr'><strong>Quasi</strong></span> <span class='ocrx_word' id='word_1_198' title='bbox 1528 1589 1573 1653; x_wconf 77' lang='lat' dir='ltr'><strong>loc</strong></span> <span class='ocrx_word' id='word_1_199' title='bbox 1593 1592 1740 1653; x_wconf 71' lang='lat' dir='ltr'><strong>coctomr.</strong></span> <span class='ocrx_word' id='word_1_200' title='bbox 1781 1587 1872 1654; x_wconf 89' lang='lat' dir='ltr'><strong>Dicit</strong></span> <span class='ocrx_word' id='word_1_201' title='bbox 1893 1589 1981 1654; x_wconf 89' lang='lat' dir='ltr'><strong>euim</strong></span> <span class='ocrx_word' id='word_1_202' title='bbox 2004 1590 2097 1655; x_wconf 92' lang='lat' dir='ltr'><strong>Deus</strong></span> 
     </span>
     <span class='ocr_line' id='line_1_15' title="bbox 97 1671 2096 1757; baseline -0.001 -15"><span class='ocrx_word' id='word_1_203' title='bbox 97 1688 134 1742; x_wconf 89' lang='lat' dir='ltr'><strong>ut</strong></span> <span class='ocrx_word' id='word_1_204' title='bbox 160 1683 318 1757; x_wconf 87' lang='lat' dir='ltr'><strong>respuant</strong></span> <span class='ocrx_word' id='word_1_205' title='bbox 345 1695 475 1739; x_wconf 89' lang='lat' dir='ltr'><strong>omnem</strong></span> <span class='ocrx_word' id='word_1_206' title='bbox 505 1674 754 1751; x_wconf 70' lang='lat' dir='ltr'><strong>consutionem,</strong></span> <span class='ocrx_word' id='word_1_207' title='bbox 790 1674 850 1738; x_wconf 90' lang='lat' dir='ltr'><strong>hoo</strong></span> <span class='ocrx_word' id='word_1_208' title='bbox 883 1681 934 1737; x_wconf 90' lang='lat' dir='ltr'><strong>est</strong></span> <span class='ocrx_word' id='word_1_209' title='bbox 965 1671 1069 1753; x_wconf 88' lang='lat' dir='ltr'><strong>magis</strong></span> <span class='ocrx_word' id='word_1_210' title='bbox 1120 1673 1255 1757; x_wconf 83' lang='lat' dir='ltr'><strong>perinde</strong></span> <span class='ocrx_word' id='word_1_211' title='bbox 1286 1674 1443 1739; x_wconf 78' lang='lat' dir='ltr'><strong>saeviisse</strong></span> <span class='ocrx_word' id='word_1_212' title='bbox 1472 1673 1612 1739; x_wconf 90' lang='lat' dir='ltr'><strong>Iudaeos</strong></span> <span class='ocrx_word' id='word_1_213' title='bbox 1639 1684 1755 1739; x_wconf 86' lang='lat' dir='ltr'><strong>contra</strong></span> <span class='ocrx_word' id='word_1_214' title='bbox 1784 1675 1974 1757; x_wconf 88' lang='lat' dir='ltr'><strong>prophetas,</strong></span> <span class='ocrx_word' id='word_1_215' title='bbox 2008 1695 2046 1740; x_wconf 90' lang='lat' dir='ltr'><strong>ac</strong></span> <span class='ocrx_word' id='word_1_216' title='bbox 2067 1677 2096 1741; x_wconf 90' lang='lat' dir='ltr'><strong>si</strong></span> 
     </span>
     <span class='ocr_line' id='line_1_16' title="bbox 96 1758 2096 1845; baseline 0 -19"><span class='ocrx_word' id='word_1_217' title='bbox 96 1761 330 1845; x_wconf 81' lang='lat' dir='ltr'><strong>prodigiosum.</strong></span> <span class='ocrx_word' id='word_1_218' title='bbox 370 1759 540 1841; x_wconf 79' lang='lat' dir='ltr'><strong>Propheta</strong></span> <span class='ocrx_word' id='word_1_219' title='bbox 556 1759 659 1843; x_wconf 77' lang='lat' dir='ltr'><strong>igitur</strong></span> <span class='ocrx_word' id='word_1_220' title='bbox 681 1758 824 1824; x_wconf 84' lang='lat' dir='ltr'><strong>ostendit</strong></span> <span class='ocrx_word' id='word_1_221' title='bbox 846 1758 929 1822; x_wconf 90' lang='lat' dir='ltr'><strong>nihil</strong></span> <span class='ocrx_word' id='word_1_222' title='bbox 952 1777 1069 1823; x_wconf 90' lang='lat' dir='ltr'><strong>sanum</strong></span> <span class='ocrx_word' id='word_1_223' title='bbox 1120 1761 1259 1843; x_wconf 86' lang='lat' dir='ltr'><strong>ingressi</strong></span> <span class='ocrx_word' id='word_1_224' title='bbox 1283 1770 1391 1824; x_wconf 88' lang='lat' dir='ltr'><strong>esseut</strong></span> <span class='ocrx_word' id='word_1_225' title='bbox 1413 1759 1447 1822; x_wconf 92' lang='lat' dir='ltr'><strong>iu</strong></span> <span class='ocrx_word' id='word_1_226' title='bbox 1470 1759 1611 1841; x_wconf 89' lang='lat' dir='ltr'><strong>aliquam</strong></span> <span class='ocrx_word' id='word_1_227' title='bbox 1633 1759 1761 1842; x_wconf 84' lang='lat' dir='ltr'><strong>sylvam</strong></span> <span class='ocrx_word' id='word_1_228' title='bbox 1784 1758 1916 1843; x_wconf 90' lang='lat' dir='ltr'><strong>plenam</strong></span> <span class='ocrx_word' id='word_1_229' title='bbox 1936 1759 2096 1826; x_wconf 88' lang='lat' dir='ltr'><strong>leonibus.</strong></span> 
     </span>
     <span class='ocr_line' id='line_1_17' title="bbox 97 1844 1398 1928; baseline -0.004 -17"><span class='ocrx_word' id='word_1_230' title='bbox 97 1846 147 1911; x_wconf 91' lang='lat' dir='ltr'><strong>vel</strong></span> <span class='ocrx_word' id='word_1_231' title='bbox 170 1847 334 1912; x_wconf 92' lang='lat' dir='ltr'><strong>sincerum</strong></span> <span class='ocrx_word' id='word_1_232' title='bbox 357 1846 456 1910; x_wconf 86' lang='lat' dir='ltr'><strong>luisse</strong></span> <span class='ocrx_word' id='word_1_233' title='bbox 477 1846 512 1909; x_wconf 92' lang='lat' dir='ltr'><strong>iu</strong></span> <span class='ocrx_word' id='word_1_234' title='bbox 535 1844 654 1927; x_wconf 92' lang='lat' dir='ltr'><strong>populo</strong></span> <span class='ocrx_word' id='word_1_235' title='bbox 675 1845 741 1924; x_wconf 91' lang='lat' dir='ltr'><strong>illo,</strong></span> <span class='ocrx_word' id='word_1_236' title='bbox 764 1865 865 1926; x_wconf 90' lang='lat' dir='ltr'><strong>quum</strong></span> <span class='ocrx_word' id='word_1_237' title='bbox 889 1844 948 1908; x_wconf 88' lang='lat' dir='ltr'><strong>filii</strong></span> <span class='ocrx_word' id='word_1_238' title='bbox 970 1844 1069 1909; x_wconf 91' lang='lat' dir='ltr'><strong>etium</strong></span> <span class='ocrx_word' id='word_1_239' title='bbox 1121 1846 1218 1912; x_wconf 91' lang='lat' dir='ltr'><strong>Nunc</strong></span> <span class='ocrx_word' id='word_1_240' title='bbox 1240 1846 1398 1928; x_wconf 89' lang='lat' dir='ltr'><strong>sequitur,</strong></span> 
     </span>
     <span class='ocr_line' id='line_1_18' title="bbox 97 1928 1071 2015; baseline -0.005 -18"><span class='ocrx_word' id='word_1_241' title='bbox 97 1931 282 2013; x_wconf 88' lang='lat' dir='ltr'><strong>respuerint</strong></span> <span class='ocrx_word' id='word_1_242' title='bbox 313 1931 527 2014; x_wconf 86' lang='lat' dir='ltr'><strong>disciplinam.</strong></span> <span class='ocrx_word' id='word_1_243' title='bbox 581 1930 679 1995; x_wconf 88' lang='lat' dir='ltr'><strong>Nune</strong></span> <span class='ocrx_word' id='word_1_244' title='bbox 710 1952 788 2015; x_wconf 86' lang='lat' dir='ltr'><strong>ergo</strong></span> <span class='ocrx_word' id='word_1_245' title='bbox 820 1947 969 1995; x_wconf 87' lang='lat' dir='ltr'><strong>tenemus</strong></span> <span class='ocrx_word' id='word_1_246' title='bbox 1000 1928 1071 1993; x_wconf 91' lang='lat' dir='ltr'><strong>eius</strong></span> 
     </span>
     <span class='ocr_line' id='line_1_19' title="bbox 96 2013 2099 2098; baseline 0 -16"><span class='ocrx_word' id='word_1_247' title='bbox 96 2017 285 2096; x_wconf 87' lang='lat' dir='ltr'><strong>consilium,</strong></span> <span class='ocrx_word' id='word_1_248' title='bbox 324 2037 442 2098; x_wconf 85' lang='lat' dir='ltr'><strong>nempe</strong></span> <span class='ocrx_word' id='word_1_249' title='bbox 475 2017 640 2097; x_wconf 85' lang='lat' dir='ltr'><strong>quoniam.</strong></span> <span class='ocrx_word' id='word_1_250' title='bbox 661 2013 754 2081; x_wconf 91' lang='lat' dir='ltr'><strong>Deus</strong></span> <span class='ocrx_word' id='word_1_251' title='bbox 787 2015 963 2098; x_wconf 90' lang='lat' dir='ltr'><strong>prophetas</strong></span> <span class='ocrx_word' id='word_1_252' title='bbox 995 2034 1071 2080; x_wconf 85' lang='lat' dir='ltr'><strong>suos</strong></span> <span class='ocrx_word' id='word_1_253' title='bbox 1206 2016 1258 2080; x_wconf 87' lang='lat'><strong>31.</strong></span> <span class='ocrx_word' id='word_1_254' title='bbox 1293 2015 1476 2092; x_wconf 78' lang='lat' dir='ltr'><strong>Gecorotic,</strong></span> <span class='ocrx_word' id='word_1_255' title='bbox 1507 2034 1563 2079; x_wconf 83' lang='lat' dir='ltr'><strong>cos</strong></span> <span class='ocrx_word' id='word_1_256' title='bbox 1589 2014 1687 2079; x_wconf 81' lang='lat' dir='ltr'><strong>uidete</strong></span> <span class='ocrx_word' id='word_1_257' title='bbox 1715 2015 1842 2079; x_wconf 67' lang='lat' dir='ltr'><strong>cedam</strong></span> <span class='ocrx_word' id='word_1_258' title='bbox 1870 2015 2020 2095; x_wconf 77' lang='lat' dir='ltr'><strong>Iebcoue,</strong></span> <span class='ocrx_word' id='word_1_259' title='bbox 2053 2039 2099 2083; x_wconf 84' lang='lat' dir='ltr'><strong>ou</strong></span> 
     </span>
     <span class='ocr_line' id='line_1_20' title="bbox 97 2100 2100 2184; baseline 0 -16"><span class='ocrx_word' id='word_1_260' title='bbox 97 2104 241 2179; x_wconf 88' lang='lat' dir='ltr'><strong>miserat,</strong></span> <span class='ocrx_word' id='word_1_261' title='bbox 262 2112 296 2165; x_wconf 91' lang='lat' dir='ltr'><strong>ot</strong></span> <span class='ocrx_word' id='word_1_262' title='bbox 314 2101 397 2165; x_wconf 90' lang='lat' dir='ltr'><strong>nihil</strong></span> <span class='ocrx_word' id='word_1_263' title='bbox 416 2101 585 2184; x_wconf 87' lang='lat' dir='ltr'><strong>profuerat</strong></span> <span class='ocrx_word' id='word_1_264' title='bbox 602 2101 748 2182; x_wconf 86' lang='lat' dir='ltr'><strong>ipsorum</strong></span> <span class='ocrx_word' id='word_1_265' title='bbox 766 2100 867 2181; x_wconf 90' lang='lat' dir='ltr'><strong>labor,</strong></span> <span class='ocrx_word' id='word_1_266' title='bbox 885 2102 948 2165; x_wconf 90' lang='lat' dir='ltr'><strong>iam</strong></span> <span class='ocrx_word' id='word_1_267' title='bbox 964 2109 1072 2165; x_wconf 90' lang='lat' dir='ltr'><strong>osten·</strong></span> <span class='ocrx_word' id='word_1_268' title='bbox 1121 2104 1274 2169; x_wconf 69' lang='lat' dir='ltr'><strong>dmcrtum</strong></span> <span class='ocrx_word' id='word_1_269' title='bbox 1309 2101 1361 2182; x_wconf 81' lang='lat' dir='ltr'><strong>fui</strong></span> <span class='ocrx_word' id='word_1_270' title='bbox 1392 2100 1526 2165; x_wconf 78' lang='lat' dir='ltr'><strong>Israel?</strong></span> <span class='ocrx_word' id='word_1_271' title='bbox 1567 2119 1611 2164; x_wconf 83' lang='lat' dir='ltr'><strong>oc</strong></span> <span class='ocrx_word' id='word_1_272' title='bbox 1649 2104 1734 2164; x_wconf 80' lang='lat' dir='ltr'><strong>terro</strong></span> <span class='ocrx_word' id='word_1_273' title='bbox 1765 2100 1944 2182; x_wconf 81' lang='lat' dir='ltr'><strong>colipicis?</strong></span> <span class='ocrx_word' id='word_1_274' title='bbox 1994 2102 2100 2183; x_wconf 79' lang='lat' dir='ltr'><strong>Quare</strong></span> 
     </span>
     <span class='ocr_line' id='line_1_21' title="bbox 97 2183 2099 2270; baseline 0 -18"><span class='ocrx_word' id='word_1_275' title='bbox 97 2189 146 2252; x_wconf 89' lang='lat' dir='ltr'><strong>dit</strong></span> <span class='ocrx_word' id='word_1_276' title='bbox 168 2210 233 2264; x_wconf 92' lang='lat' dir='ltr'><strong>nou</strong></span> <span class='ocrx_word' id='word_1_277' title='bbox 256 2196 384 2251; x_wconf 87' lang='lat' dir='ltr'><strong>tuntum</strong></span> <span class='ocrx_word' id='word_1_278' title='bbox 402 2186 519 2251; x_wconf 89' lang='lat' dir='ltr'><strong>surdas</strong></span> <span class='ocrx_word' id='word_1_279' title='bbox 536 2186 636 2250; x_wconf 84' lang='lat' dir='ltr'><strong>luisse</strong></span> <span class='ocrx_word' id='word_1_280' title='bbox 655 2207 750 2250; x_wconf 89' lang='lat' dir='ltr'><strong>aures</strong></span> <span class='ocrx_word' id='word_1_281' title='bbox 768 2185 879 2270; x_wconf 90' lang='lat' dir='ltr'><strong>populi</strong></span> <span class='ocrx_word' id='word_1_282' title='bbox 898 2185 940 2251; x_wconf 92' lang='lat' dir='ltr'><strong>ad</strong></span> <span class='ocrx_word' id='word_1_283' title='bbox 957 2206 1069 2251; x_wconf 88' lang='lat' dir='ltr'><strong>sanam</strong></span> <span class='ocrx_word' id='word_1_284' title='bbox 1121 2189 1269 2253; x_wconf 66' lang='lat' dir='ltr'><strong>timeant</strong></span> <span class='ocrx_word' id='word_1_285' title='bbox 1291 2185 1432 2266; x_wconf 77' lang='lat' dir='ltr'><strong>populas</strong></span> <span class='ocrx_word' id='word_1_286' title='bbox 1460 2205 1547 2250; x_wconf 82' lang='lat' dir='ltr'><strong>meus</strong></span> <span class='ocrx_word' id='word_1_287' title='bbox 1575 2183 1649 2270; x_wconf 90' lang='lat' dir='ltr'><strong>(hoc</strong></span> <span class='ocrx_word' id='word_1_288' title='bbox 1679 2194 1738 2263; x_wconf 88' lang='lat' dir='ltr'><strong>est,</strong></span> <span class='ocrx_word' id='word_1_289' title='bbox 1769 2184 1863 2266; x_wconf 87' lang='lat' dir='ltr'><strong>dixit,</strong></span> <span class='ocrx_word' id='word_1_290' title='bbox 1894 2186 1950 2252; x_wconf 90' lang='lat' dir='ltr'><strong>sed</strong></span> <span class='ocrx_word' id='word_1_291' title='bbox 1978 2187 2099 2270; x_wconf 89' lang='lat' dir='ltr'><strong>plurali</strong></span> 
     </span>
     <span class='ocr_line' id='line_1_22' title="bbox 98 2269 2101 2356; baseline 0 -18"><span class='ocrx_word' id='word_1_292' title='bbox 98 2272 296 2352; x_wconf 75' lang='lat' dir='ltr'><strong>doctrinam,</strong></span> <span class='ocrx_word' id='word_1_293' title='bbox 332 2271 388 2337; x_wconf 89' lang='lat' dir='ltr'><strong>sed</strong></span> <span class='ocrx_word' id='word_1_294' title='bbox 423 2272 523 2336; x_wconf 87' lang='lat' dir='ltr'><strong>luisse</strong></span> <span class='ocrx_word' id='word_1_295' title='bbox 554 2271 661 2355; x_wconf 80' lang='lat' dir='ltr'><strong>rigido</strong></span> <span class='ocrx_word' id='word_1_296' title='bbox 695 2272 778 2336; x_wconf 91' lang='lat' dir='ltr'><strong>collo</strong></span> <span class='ocrx_word' id='word_1_297' title='bbox 811 2283 846 2336; x_wconf 92' lang='lat' dir='ltr'><strong>et</strong></span> <span class='ocrx_word' id='word_1_298' title='bbox 874 2271 1072 2349; x_wconf 87' lang='lat' dir='ltr'><strong>indomabili,</strong></span> <span class='ocrx_word' id='word_1_299' title='bbox 1123 2273 1237 2350; x_wconf 89' lang='lat' dir='ltr'><strong>utitur,</strong></span> <span class='ocrx_word' id='word_1_300' title='bbox 1260 2272 1337 2354; x_wconf 90' lang='lat' dir='ltr'><strong>quia</strong></span> <span class='ocrx_word' id='word_1_301' title='bbox 1359 2279 1409 2335; x_wconf 89' lang='lat' dir='ltr'><strong>est</strong></span> <span class='ocrx_word' id='word_1_302' title='bbox 1429 2290 1548 2336; x_wconf 91' lang='lat' dir='ltr'><strong>nomen</strong></span> <span class='ocrx_word' id='word_1_303' title='bbox 1570 2269 1799 2356; x_wconf 86' lang='lat' dir='ltr'><strong>collectivum),</strong></span> <span class='ocrx_word' id='word_1_304' title='bbox 1821 2271 2101 2339; x_wconf 79' lang='lat' dir='ltr'><strong>deminutisumoc</strong></span> 
     </span>
     <span class='ocr_line' id='line_1_23' title="bbox 97 2354 1994 2443; baseline 0 -21"><span class='ocrx_word' id='word_1_305' title='bbox 97 2358 250 2441; x_wconf 88' lang='lat' dir='ltr'><strong>quoniam</strong></span> <span class='ocrx_word' id='word_1_306' title='bbox 271 2356 442 2423; x_wconf 88' lang='lat' dir='ltr'><strong>studuerat</strong></span> <span class='ocrx_word' id='word_1_307' title='bbox 464 2356 537 2420; x_wconf 92' lang='lat' dir='ltr'><strong>illos</strong></span> <span class='ocrx_word' id='word_1_308' title='bbox 560 2354 673 2421; x_wconf 75' lang='lat' dir='ltr'><strong>ferulis</strong></span> <span class='ocrx_word' id='word_1_309' title='bbox 694 2357 873 2438; x_wconf 81' lang='lat' dir='ltr'><strong>corrigere:</strong></span> <span class='ocrx_word' id='word_1_310' title='bbox 908 2365 1072 2421; x_wconf 91' lang='lat' dir='ltr'><strong>ettamen</strong></span> <span class='ocrx_word' id='word_1_311' title='bbox 1123 2359 1193 2443; x_wconf 88' lang='lat' dir='ltr'><strong>(alii</strong></span> <span class='ocrx_word' id='word_1_312' title='bbox 1215 2354 1431 2440; x_wconf 84' lang='lat' dir='ltr'><strong>recessimus),</strong></span> <span class='ocrx_word' id='word_1_313' title='bbox 1454 2356 1695 2422; x_wconf 78' lang='lat' dir='ltr'><strong>conveniemus</strong></span> <span class='ocrx_word' id='word_1_314' title='bbox 1717 2356 1856 2438; x_wconf 79' lang='lat' dir='ltr'><strong>amplius</strong></span> <span class='ocrx_word' id='word_1_315' title='bbox 1877 2358 1920 2423; x_wconf 85' lang='lat' dir='ltr'><strong>cd</strong></span> <span class='ocrx_word' id='word_1_316' title='bbox 1941 2359 1994 2424; x_wconf 78' lang='lat' dir='ltr'><strong>te?</strong></span> 
     </span>
     <span class='ocr_line' id='line_1_24' title="bbox 96 2441 1073 2525; baseline -0.003 -17"><span class='ocrx_word' id='word_1_317' title='bbox 96 2442 179 2508; x_wconf 90' lang='lat' dir='ltr'><strong>nihil</strong></span> <span class='ocrx_word' id='word_1_318' title='bbox 202 2444 299 2507; x_wconf 90' lang='lat' dir='ltr'><strong>etiam</strong></span> <span class='ocrx_word' id='word_1_319' title='bbox 323 2444 385 2508; x_wconf 93' lang='lat' dir='ltr'><strong>hoo</strong></span> <span class='ocrx_word' id='word_1_320' title='bbox 413 2441 508 2507; x_wconf 90' lang='lat' dir='ltr'><strong>modo</strong></span> <span class='ocrx_word' id='word_1_321' title='bbox 536 2442 681 2523; x_wconf 79' lang='lat' dir='ltr'><strong>proiecit.</strong></span> <span class='ocrx_word' id='word_1_322' title='bbox 727 2441 902 2525; x_wconf 86' lang='lat' dir='ltr'><strong>Sequitur,</strong></span> <span class='ocrx_word' id='word_1_323' title='bbox 928 2443 1073 2525; x_wconf 75' lang='lat' dir='ltr'><strong>plocium</strong></span> 
     </span>
     <span class='ocr_line' id='line_1_25' title="bbox 97 2525 2102 2611; baseline 0.002 -18"><span class='ocrx_word' id='word_1_324' title='bbox 97 2531 236 2609; x_wconf 58' lang='lat' dir='ltr'><strong>macrum</strong></span> <span class='ocrx_word' id='word_1_325' title='bbox 264 2549 389 2595; x_wconf 75' lang='lat' dir='ltr'><strong>amasse</strong></span> <span class='ocrx_word' id='word_1_326' title='bbox 412 2527 592 2611; x_wconf 75' lang='lat' dir='ltr'><strong>propbetas.</strong></span> <span class='ocrx_word' id='word_1_327' title='bbox 639 2525 705 2592; x_wconf 85' lang='lat' dir='ltr'><strong>Sed</strong></span> <span class='ocrx_word' id='word_1_328' title='bbox 733 2549 799 2592; x_wconf 90' lang='lat' dir='ltr'><strong>non</strong></span> <span class='ocrx_word' id='word_1_329' title='bbox 830 2545 956 2609; x_wconf 87' lang='lat' dir='ltr'><strong>possem</strong></span> <span class='ocrx_word' id='word_1_330' title='bbox 985 2544 1073 2590; x_wconf 93' lang='lat' dir='ltr'><strong>nuuc</strong></span> <span class='ocrx_word' id='word_1_331' title='bbox 1211 2527 1285 2592; x_wconf 91' lang='lat' dir='ltr'><strong>Non</strong></span> <span class='ocrx_word' id='word_1_332' title='bbox 1320 2526 1454 2591; x_wconf 87' lang='lat' dir='ltr'><strong>dubium</strong></span> <span class='ocrx_word' id='word_1_333' title='bbox 1488 2535 1555 2609; x_wconf 88' lang='lat' dir='ltr'><strong>cst,</strong></span> <span class='ocrx_word' id='word_1_334' title='bbox 1588 2526 1666 2609; x_wconf 92' lang='lat' dir='ltr'><strong>quin</strong></span> <span class='ocrx_word' id='word_1_335' title='bbox 1700 2548 1871 2610; x_wconf 89' lang='lat' dir='ltr'><strong>personam</strong></span> <span class='ocrx_word' id='word_1_336' title='bbox 1906 2527 2102 2597; x_wconf 90' lang='lat' dir='ltr'><strong>admirantis</strong></span> 
     </span>
     <span class='ocr_line' id='line_1_26' title="bbox 99 2612 2102 2696; baseline 0.001 -19"><span class='ocrx_word' id='word_1_337' title='bbox 99 2614 276 2678; x_wconf 88' lang='lat' dir='ltr'><strong>absolvere.</strong></span> <span class='ocrx_word' id='word_1_338' title='bbox 1125 2613 1283 2695; x_wconf 86' lang='lat' dir='ltr'><strong>suscipiat</strong></span> <span class='ocrx_word' id='word_1_339' title='bbox 1315 2612 1494 2696; x_wconf 87' lang='lat' dir='ltr'><strong>propheta,</strong></span> <span class='ocrx_word' id='word_1_340' title='bbox 1528 2631 1592 2694; x_wconf 93' lang='lat' dir='ltr'><strong>quo</strong></span> <span class='ocrx_word' id='word_1_341' title='bbox 1626 2617 1729 2694; x_wconf 81' lang='lat' dir='ltr'><strong>magis</strong></span> <span class='ocrx_word' id='word_1_342' title='bbox 1762 2612 1953 2678; x_wconf 89' lang='lat' dir='ltr'><strong>detestabile</strong></span> <span class='ocrx_word' id='word_1_343' title='bbox 1986 2614 2102 2680; x_wconf 84' lang='lat' dir='ltr'><strong>reddat</strong></span> 
     </span>
     <span class='ocr_line' id='line_1_27' title="bbox 1126 2695 2101 2782; baseline 0.003 -18"><span class='ocrx_word' id='word_1_344' title='bbox 1126 2700 1249 2764; x_wconf 89' lang='lat' dir='ltr'><strong>crimen</strong></span> <span class='ocrx_word' id='word_1_345' title='bbox 1268 2697 1393 2782; x_wconf 92' lang='lat' dir='ltr'><strong>populi.</strong></span> <span class='ocrx_word' id='word_1_346' title='bbox 1428 2696 1512 2760; x_wconf 90' lang='lat' dir='ltr'><strong>Nam</strong></span> <span class='ocrx_word' id='word_1_347' title='bbox 1531 2697 1622 2778; x_wconf 91' lang='lat' dir='ltr'><strong>quasi</strong></span> <span class='ocrx_word' id='word_1_348' title='bbox 1640 2697 1796 2762; x_wconf 90' lang='lat' dir='ltr'><strong>attonitus</strong></span> <span class='ocrx_word' id='word_1_349' title='bbox 1813 2695 1902 2776; x_wconf 91' lang='lat' dir='ltr'><strong>dicit,</strong></span> <span class='ocrx_word' id='word_1_350' title='bbox 1923 2698 2101 2767; x_wconf 81' lang='lat' dir='ltr'><strong>Gonorotio.</strong></span> 
     </span>
     <span class='ocr_line' id='line_1_28' title="bbox 458 2779 2102 2867; baseline 0.003 -23"><span class='ocrx_word' id='word_1_351' title='bbox 458 2785 714 2847; x_wconf 79' lang='lat' dir='ltr'><strong>PRECATIO.</strong></span> <span class='ocrx_word' id='word_1_352' title='bbox 1126 2786 1256 2850; x_wconf 91' lang='lat' dir='ltr'><strong>Nomen</strong></span> <span class='ocrx_word' id='word_1_353' title='bbox 1278 2796 1342 2860; x_wconf 63' lang='lat' dir='ltr'><strong>utu,</strong></span> <span class='ocrx_word' id='word_1_354' title='bbox 1365 2779 1638 2864; x_wconf 89' lang='lat' dir='ltr'><strong>quemadmodum</strong></span> <span class='ocrx_word' id='word_1_355' title='bbox 1660 2782 1742 2846; x_wconf 90' lang='lat' dir='ltr'><strong>sotis</strong></span> <span class='ocrx_word' id='word_1_356' title='bbox 1764 2791 1876 2848; x_wconf 90' lang='lat' dir='ltr'><strong>notum</strong></span> <span class='ocrx_word' id='word_1_357' title='bbox 1892 2792 1952 2861; x_wconf 91' lang='lat' dir='ltr'><strong>est,</strong></span> <span class='ocrx_word' id='word_1_358' title='bbox 1975 2785 2102 2867; x_wconf 80' lang='lat' dir='ltr'><strong>signifi·</strong></span> 
     </span>
    </p>
   </div>
   <div class='ocr_carea' id='block_1_3' title="bbox 1127 2866 2102 2949">
    <p class='ocr_par' dir='ltr' id='par_1_3' title="bbox 1127 2866 2102 2949">
     <span class='ocr_line' id='line_1_29' title="bbox 1127 2866 2102 2949; baseline -0.002 -13"><span class='ocrx_word' id='word_1_359' title='bbox 1127 2880 1179 2936; x_wconf 87' lang='lat' dir='ltr'><strong>cat</strong></span> <span class='ocrx_word' id='word_1_360' title='bbox 1202 2878 1353 2934; x_wconf 89' lang='lat' dir='ltr'><strong>aetatem.</strong></span> <span class='ocrx_word' id='word_1_361' title='bbox 1398 2866 1539 2931; x_wconf 89' lang='lat' dir='ltr'><strong>Perinde</strong></span> <span class='ocrx_word' id='word_1_362' title='bbox 1561 2866 1664 2949; x_wconf 79' lang='lat' dir='ltr'><strong>igitur</strong></span> <span class='ocrx_word' id='word_1_363' title='bbox 1686 2877 1736 2932; x_wconf 91' lang='lat' dir='ltr'><strong>est</strong></span> <span class='ocrx_word' id='word_1_364' title='bbox 1757 2886 1796 2934; x_wconf 87' lang='lat' dir='ltr'><strong>ac</strong></span> <span class='ocrx_word' id='word_1_365' title='bbox 1817 2870 1845 2933; x_wconf 92' lang='lat' dir='ltr'><strong>si</strong></span> <span class='ocrx_word' id='word_1_366' title='bbox 1868 2869 2018 2948; x_wconf 87' lang='lat' dir='ltr'><strong>dixisset,</strong></span> <span class='ocrx_word' id='word_1_367' title='bbox 2047 2869 2102 2934; x_wconf 90' lang='lat' dir='ltr'><strong>Ad</strong></span> 
     </span>
    </p>
   </div>
   <div class='ocr_carea' id='block_1_4' title="bbox 99 2935 2104 3122">
    <p class='ocr_par' dir='ltr' id='par_1_4' title="bbox 99 2935 2104 3122">
     <span class='ocr_line' id='line_1_30' title="bbox 106 2935 2104 3039; baseline 0.004 -26"><span class='ocrx_word' id='word_1_368' title='bbox 106 3023 111 3035; x_wconf 28' lang='lat'><strong><em>⁵</em></strong></span> <span class='ocrx_word' id='word_1_369' title='bbox 186 2935 251 3015; x_wconf 63' lang='lat' dir='ltr'><strong>Da,</strong></span> <span class='ocrx_word' id='word_1_370' title='bbox 269 2936 569 3034; x_wconf 57' lang='lat' dir='ltr'><strong>,Omnilwlellfflfflb</strong></span> <span class='ocrx_word' id='word_1_371' title='bbox 585 2937 710 3018; x_wconf 57' lang='lat' dir='ltr'><strong>iuml)</strong></span> <span class='ocrx_word' id='word_1_372' title='bbox 724 2936 858 3018; x_wconf 50' lang='lat' dir='ltr'><strong>amiate</strong></span> <span class='ocrx_word' id='word_1_373' title='bbox 872 2941 1077 3016; x_wconf 59' lang='lat' dir='ltr'><strong>milam</strong></span> <span class='ocrx_word' id='word_1_374' title='bbox 1128 2954 1212 3039; x_wconf 93' lang='lat' dir='ltr'><strong>quod</strong></span> <span class='ocrx_word' id='word_1_375' title='bbox 1237 2965 1365 3036; x_wconf 91' lang='lat' dir='ltr'><strong>tempus</strong></span> <span class='ocrx_word' id='word_1_376' title='bbox 1387 2950 1588 3036; x_wconf 79' lang='lat' dir='ltr'><strong>recidimus?¹</strong></span> <span class='ocrx_word' id='word_1_377' title='bbox 1620 2951 1673 3016; x_wconf 88' lang='lat' dir='ltr'><strong>vel</strong></span> <span class='ocrx_word' id='word_1_378' title='bbox 1696 2974 1760 3035; x_wconf 92' lang='lat' dir='ltr'><strong>quo</strong></span> <span class='ocrx_word' id='word_1_379' title='bbox 1784 2953 1929 3034; x_wconf 88' lang='lat' dir='ltr'><strong>saeculo,</strong></span> <span class='ocrx_word' id='word_1_380' title='bbox 1961 2956 2017 3020; x_wconf 92' lang='lat' dir='ltr'><strong>vel</strong></span> <span class='ocrx_word' id='word_1_381' title='bbox 2038 2976 2104 3038; x_wconf 92' lang='lat' dir='ltr'><strong>qua</strong></span> 
     </span>
     <span class='ocr_line' id='line_1_31' title="bbox 99 3021 2103 3122; baseline 0.002 -21"><span class='ocrx_word' id='word_1_382' title='bbox 99 3021 297 3102; x_wconf 48' lang='lat' dir='ltr'><strong>”dulim</strong></span> <span class='ocrx_word' id='word_1_383' title='bbox 318 3022 360 3086; x_wconf 63' lang='lat' dir='ltr'><strong>ad</strong></span> <span class='ocrx_word' id='word_1_384' title='bbox 382 3026 409 3085; x_wconf 58' lang='lat' dir='ltr'><strong>‘ss</strong></span> <span class='ocrx_word' id='word_1_385' title='bbox 429 3026 552 3094; x_wconf 58' lang='lat' dir='ltr'><strong>mmm·</strong></span> <span class='ocrx_word' id='word_1_386' title='bbox 574 3042 614 3086; x_wconf 59' lang='grc' dir='ltr'><strong>ἰθ</strong></span> <span class='ocrx_word' id='word_1_387' title='bbox 635 3022 874 3087; x_wconf 56' lang='lat' dir='ltr'><strong>mmmm</strong></span> <span class='ocrx_word' id='word_1_388' title='bbox 891 3023 934 3086; x_wconf 62' lang='lat'><strong>⁰⁴3</strong></span> <span class='ocrx_word' id='word_1_389' title='bbox 951 3027 1076 3087; x_wconf 50' lang='lat' dir='ltr'><strong>⁸⁰⁷³&amp;ssss</strong></span> <span class='ocrx_word' id='word_1_390' title='bbox 1129 3050 1234 3106; x_wconf 88' lang='lat' dir='ltr'><strong>aetate</strong></span> <span class='ocrx_word' id='word_1_391' title='bbox 1268 3059 1355 3104; x_wconf 91' lang='lat' dir='ltr'><strong>nunc</strong></span> <span class='ocrx_word' id='word_1_392' title='bbox 1388 3036 1557 3103; x_wconf 82' lang='lat' dir='ltr'><strong>vivimus?</strong></span> <span class='ocrx_word' id='word_1_393' title='bbox 1609 3036 1707 3102; x_wconf 92' lang='lat' dir='ltr'><strong>Nunc</strong></span> <span class='ocrx_word' id='word_1_394' title='bbox 1739 3058 1817 3122; x_wconf 84' lang='lat' dir='ltr'><strong>ergo</strong></span> <span class='ocrx_word' id='word_1_395' title='bbox 1851 3047 2004 3107; x_wconf 90' lang='lat' dir='ltr'><strong>tenemus</strong></span> <span class='ocrx_word' id='word_1_396' title='bbox 2036 3042 2103 3105; x_wconf 93' lang='lat' dir='ltr'><strong>vim</strong></span> 
     </span>
    </p>
   </div>
   <div class='ocr_carea' id='block_1_5' title="bbox 96 3105 2110 5338">
    <p class='ocr_par' dir='ltr' id='par_1_5' title="bbox 96 3105 2108 4060">
     <span class='ocr_line' id='line_1_32' title="bbox 101 3105 2105 3208; baseline 0.004 -25"><span class='ocrx_word' id='word_1_397' title='bbox 101 3112 172 3204; x_wconf 62' lang='lat'><strong>&amp;⁴5⁸8</strong></span> <span class='ocrx_word' id='word_1_398' title='bbox 194 3111 222 3170; x_wconf 67' lang='lat' dir='ltr'><strong>el</strong></span> <span class='ocrx_word' id='word_1_399' title='bbox 243 3105 384 3204; x_wconf 53' lang='lat' dir='ltr'><strong>⁸⁰2thss</strong></span> <span class='ocrx_word' id='word_1_400' title='bbox 406 3107 757 3206; x_wconf 55' lang='lat' dir='ltr'><strong>elissmfldmom&#39;liwtoef</strong></span> <span class='ocrx_word' id='word_1_401' title='bbox 779 3107 889 3171; x_wconf 71' lang='lat' dir='ltr'><strong>cande</strong></span> <span class='ocrx_word' id='word_1_402' title='bbox 905 3106 935 3172; x_wconf 59' lang='grc' dir='ltr'><strong>δι’</strong></span> <span class='ocrx_word' id='word_1_403' title='bbox 952 3108 1077 3186; x_wconf 56' lang='lat' dir='ltr'><strong>luam</strong></span> <span class='ocrx_word' id='word_1_404' title='bbox 1128 3127 1227 3191; x_wconf 88' lang='lat' dir='ltr'><strong>huius</strong></span> <span class='ocrx_word' id='word_1_405' title='bbox 1250 3126 1346 3190; x_wconf 85' lang='lat' dir='ltr'><strong>vocis.</strong></span> <span class='ocrx_word' id='word_1_406' title='bbox 1391 3122 1510 3186; x_wconf 88' lang='lat' dir='ltr'><strong>Postea</strong></span> <span class='ocrx_word' id='word_1_407' title='bbox 1530 3120 1694 3208; x_wconf 85' lang='lat' dir='ltr'><strong>adiungit,</strong></span> <span class='ocrx_word' id='word_1_408' title='bbox 1733 3123 1794 3189; x_wconf 81' lang='lat' dir='ltr'><strong>Vos</strong></span> <span class='ocrx_word' id='word_1_409' title='bbox 1814 3125 1913 3191; x_wconf 65' lang='lat' dir='ltr'><strong>oldae</strong></span> <span class='ocrx_word' id='word_1_410' title='bbox 1932 3146 2105 3192; x_wconf 65' lang='lat' dir='ltr'><strong>samonem</strong></span> 
     </span>
     <span class='ocr_line' id='line_1_33' title="bbox 100 3191 2103 3292; baseline 0.002 -21"><span class='ocrx_word' id='word_1_411' title='bbox 100 3197 192 3256; x_wconf 57' lang='lat' dir='ltr'><strong>eitam</strong></span> <span class='ocrx_word' id='word_1_412' title='bbox 213 3191 328 3271; x_wconf 47' lang='lat' dir='ltr'><strong>femi&amp;</strong></span> <span class='ocrx_word' id='word_1_413' title='bbox 349 3211 405 3255; x_wconf 71' lang='lat'><strong>&#39;²0³</strong></span> <span class='ocrx_word' id='word_1_414' title='bbox 426 3197 579 3289; x_wconf 49' lang='lat' dir='ltr'><strong>miliia&amp;</strong></span> <span class='ocrx_word' id='word_1_415' title='bbox 612 3212 651 3257; x_wconf 68' lang='grc' dir='ltr'><em>Μ</em></span> <span class='ocrx_word' id='word_1_416' title='bbox 678 3192 782 3276; x_wconf 60' lang='grc' dir='ltr'><strong>ΗΜΘ</strong></span> <span class='ocrx_word' id='word_1_417' title='bbox 810 3192 885 3290; x_wconf 66' lang='grc' dir='ltr'><strong>69Πο</strong></span> <span class='ocrx_word' id='word_1_418' title='bbox 914 3197 1020 3257; x_wconf 57' lang='grc' dir='ltr'><strong>ΨΜ</strong></span> <span class='ocrx_word' id='word_1_419' title='bbox 1048 3197 1077 3257; x_wconf 62' lang='grc' dir='ltr'><strong>ῗθ</strong></span> <span class='ocrx_word' id='word_1_420' title='bbox 1128 3211 1271 3276; x_wconf 84' lang='lat' dir='ltr'><strong>Domini.</strong></span> <span class='ocrx_word' id='word_1_421' title='bbox 1306 3207 1449 3273; x_wconf 89' lang='lat' dir='ltr'><strong>Videtur</strong></span> <span class='ocrx_word' id='word_1_422' title='bbox 1472 3206 1625 3272; x_wconf 77' lang='lat' dir='ltr'><strong>luccesse</strong></span> <span class='ocrx_word' id='word_1_423' title='bbox 1648 3210 1825 3292; x_wconf 91' lang='lat' dir='ltr'><strong>improprie</strong></span> <span class='ocrx_word' id='word_1_424' title='bbox 1849 3210 1983 3275; x_wconf 91' lang='lat' dir='ltr'><strong>dictum.</strong></span> <span class='ocrx_word' id='word_1_425' title='bbox 2017 3211 2103 3276; x_wconf 93' lang='lat' dir='ltr'><strong>Nam</strong></span> 
     </span>
     <span class='ocr_line' id='line_1_34' title="bbox 100 3277 2105 3377; baseline 0.003 -23"><span class='ocrx_word' id='word_1_426' title='bbox 100 3277 352 3374; x_wconf 55' lang='lat' dir='ltr'><strong>Obdlfflrsstfflmusa</strong></span> <span class='ocrx_word' id='word_1_427' title='bbox 384 3277 440 3374; x_wconf 58' lang='lat' dir='ltr'><strong>ses}</strong></span> <span class='ocrx_word' id='word_1_428' title='bbox 464 3277 632 3373; x_wconf 47' lang='lat' dir='ltr'><strong>,dlsswmui</strong></span> <span class='ocrx_word' id='word_1_429' title='bbox 663 3277 871 3377; x_wconf 51' lang='grc' dir='ltr'><strong>’1039Ψῦῑᾴ</strong></span> <span class='ocrx_word' id='word_1_430' title='bbox 906 3277 995 3342; x_wconf 59' lang='lat' dir='ltr'><strong><em>verbs)</em></strong></span> <span class='ocrx_word' id='word_1_431' title='bbox 1025 3282 1077 3375; x_wconf 55' lang='grc' dir='ltr'><strong>ΨΟ</strong></span> <span class='ocrx_word' id='word_1_432' title='bbox 1130 3295 1286 3361; x_wconf 90' lang='lat' dir='ltr'><strong>debuerat</strong></span> <span class='ocrx_word' id='word_1_433' title='bbox 1314 3293 1422 3377; x_wconf 90' lang='lat' dir='ltr'><strong>potius</strong></span> <span class='ocrx_word' id='word_1_434' title='bbox 1449 3292 1572 3372; x_wconf 86' lang='lat' dir='ltr'><strong>dicere,</strong></span> <span class='ocrx_word' id='word_1_435' title='bbox 1606 3293 1792 3371; x_wconf 83' lang='lat' dir='ltr'><strong>Attendite,</strong></span> <span class='ocrx_word' id='word_1_436' title='bbox 1826 3294 1879 3358; x_wconf 89' lang='lat' dir='ltr'><strong>vel</strong></span> <span class='ocrx_word' id='word_1_437' title='bbox 1912 3295 2105 3375; x_wconf 89' lang='lat' dir='ltr'><strong>auscultate,</strong></span> 
     </span>
     <span class='ocr_line' id='line_1_35' title="bbox 100 3361 2105 3461; baseline 0.001 -19"><span class='ocrx_word' id='word_1_438' title='bbox 100 3361 267 3459; x_wconf 47' lang='lat' dir='ltr'><strong>³²⁴&amp;ch</strong></span> <span class='ocrx_word' id='word_1_439' title='bbox 306 3381 344 3427; x_wconf 65' lang='grc' dir='ltr'><strong>αθ</strong></span> <span class='ocrx_word' id='word_1_440' title='bbox 372 3380 563 3441; x_wconf 59' lang='lat' dir='ltr'><strong>&#39;mmm</strong></span> <span class='ocrx_word' id='word_1_441' title='bbox 592 3367 680 3427; x_wconf 64' lang='lat' dir='ltr'><strong>luam</strong></span> <span class='ocrx_word' id='word_1_442' title='bbox 709 3363 931 3461; x_wconf 47' lang='lat' dir='ltr'><strong>mimam,</strong></span> <span class='ocrx_word' id='word_1_443' title='bbox 971 3366 1000 3426; x_wconf 61' lang='lat'><strong>0²</strong></span> <span class='ocrx_word' id='word_1_444' title='bbox 1030 3367 1077 3427; x_wconf 58' lang='grc' dir='ltr'><strong>*Μ</strong></span> <span class='ocrx_word' id='word_1_445' title='bbox 1131 3382 1181 3446; x_wconf 87' lang='lat' dir='ltr'><strong>vel</strong></span> <span class='ocrx_word' id='word_1_446' title='bbox 1205 3380 1323 3445; x_wconf 88' lang='lat' dir='ltr'><strong>audite.</strong></span> <span class='ocrx_word' id='word_1_447' title='bbox 1358 3378 1454 3444; x_wconf 92' lang='lat' dir='ltr'><strong>Iubet</strong></span> <span class='ocrx_word' id='word_1_448' title='bbox 1475 3378 1563 3460; x_wconf 89' lang='lat' dir='ltr'><strong>ipsos</strong></span> <span class='ocrx_word' id='word_1_449' title='bbox 1586 3379 1708 3456; x_wconf 90' lang='lat' dir='ltr'><strong>videro,</strong></span> <span class='ocrx_word' id='word_1_450' title='bbox 1731 3380 1787 3444; x_wconf 93' lang='lat' dir='ltr'><strong>sed</strong></span> <span class='ocrx_word' id='word_1_451' title='bbox 1810 3381 1933 3461; x_wconf 90' lang='lat' dir='ltr'><strong>optime</strong></span> <span class='ocrx_word' id='word_1_452' title='bbox 1950 3382 2105 3445; x_wconf 89' lang='lat' dir='ltr'><strong>convenit</strong></span> 
     </span>
     <span class='ocr_line' id='line_1_36' title="bbox 96 3447 2105 3549; baseline 0 -21"><span class='ocrx_word' id='word_1_453' title='bbox 96 3447 301 3545; x_wconf 53' lang='lat' dir='ltr'><strong>PTOfiWPlfS</strong></span> <span class='ocrx_word' id='word_1_454' title='bbox 333 3451 460 3528; x_wconf 59' lang='lat' dir='ltr'><strong>“mille</strong></span> <span class='ocrx_word' id='word_1_455' title='bbox 491 3448 598 3544; x_wconf 63' lang='lat' dir='ltr'><strong>de⁰t</strong></span> <span class='ocrx_word' id='word_1_456' title='bbox 636 3469 674 3545; x_wconf 55' lang='lat' dir='ltr'><strong>”t</strong></span> <span class='ocrx_word' id='word_1_457' title='bbox 705 3448 912 3547; x_wconf 40' lang='lat' dir='ltr'><strong>&amp;²¹0me</strong></span> <span class='ocrx_word' id='word_1_458' title='bbox 928 3453 1076 3546; x_wconf 55' lang='grc' dir='ltr'><strong>ΨΜ</strong></span> <span class='ocrx_word' id='word_1_459' title='bbox 1130 3467 1211 3531; x_wconf 90' lang='lat' dir='ltr'><strong>haec</strong></span> <span class='ocrx_word' id='word_1_460' title='bbox 1239 3467 1401 3548; x_wconf 88' lang='lat' dir='ltr'><strong>loquutio:</strong></span> <span class='ocrx_word' id='word_1_461' title='bbox 1434 3482 1541 3544; x_wconf 93' lang='lat' dir='ltr'><strong>neque</strong></span> <span class='ocrx_word' id='word_1_462' title='bbox 1571 3464 1657 3526; x_wconf 89' lang='lat' dir='ltr'><strong>enim</strong></span> <span class='ocrx_word' id='word_1_463' title='bbox 1688 3462 1742 3528; x_wconf 90' lang='lat' dir='ltr'><strong>hio</strong></span> <span class='ocrx_word' id='word_1_464' title='bbox 1769 3463 1907 3545; x_wconf 90' lang='lat' dir='ltr'><strong>requirit</strong></span> <span class='ocrx_word' id='word_1_465' title='bbox 1935 3486 1954 3529; x_wconf 95' lang='lat' dir='ltr'><strong>a</strong></span> <span class='ocrx_word' id='word_1_466' title='bbox 1984 3466 2105 3549; x_wconf 91' lang='lat' dir='ltr'><strong>populo</strong></span> 
     </span>
     <span class='ocr_line' id='line_1_37' title="bbox 101 3533 2105 3633; baseline 0.001 -21"><span class='ocrx_word' id='word_1_467' title='bbox 101 3536 152 3596; x_wconf 61' lang='grc' dir='ltr'>Μ</span> <span class='ocrx_word' id='word_1_468' title='bbox 174 3533 290 3630; x_wconf 56' lang='grc' dir='ltr'><strong>ΨΜ)</strong></span> <span class='ocrx_word' id='word_1_469' title='bbox 312 3533 393 3613; x_wconf 58' lang='lat' dir='ltr'><strong>dm</strong></span> <span class='ocrx_word' id='word_1_470' title='bbox 406 3533 575 3598; x_wconf 57' lang='lat' dir='ltr'><strong>denum</strong></span> <span class='ocrx_word' id='word_1_471' title='bbox 593 3533 772 3631; x_wconf 55' lang='lat' dir='ltr'><strong>⁰⁶³5thss</strong></span> <span class='ocrx_word' id='word_1_472' title='bbox 794 3534 849 3598; x_wconf 70' lang='grc' dir='ltr'><strong>3θᾶ</strong></span> <span class='ocrx_word' id='word_1_473' title='bbox 865 3538 974 3630; x_wconf 57' lang='grc' dir='ltr'><strong>Ρθίξῖξθ</strong></span> <span class='ocrx_word' id='word_1_474' title='bbox 991 3551 1078 3597; x_wconf 65' lang='lat' dir='ltr'><strong>vlam</strong></span> <span class='ocrx_word' id='word_1_475' title='bbox 1130 3550 1330 3616; x_wconf 91' lang='lat' dir='ltr'><strong>audientiam</strong></span> <span class='ocrx_word' id='word_1_476' title='bbox 1363 3548 1420 3612; x_wconf 92' lang='lat' dir='ltr'><strong>sed</strong></span> <span class='ocrx_word' id='word_1_477' title='bbox 1454 3548 1564 3630; x_wconf 91' lang='lat' dir='ltr'><strong>potius</strong></span> <span class='ocrx_word' id='word_1_478' title='bbox 1596 3547 1700 3612; x_wconf 87' lang='lat' dir='ltr'><strong>defert</strong></span> <span class='ocrx_word' id='word_1_479' title='bbox 1734 3549 1968 3631; x_wconf 81' lang='lat' dir='ltr'><strong>cognitionem:</strong></span> <span class='ocrx_word' id='word_1_480' title='bbox 2009 3550 2105 3633; x_wconf 88' lang='lat' dir='ltr'><strong>quasi</strong></span> 
     </span>
     <span class='ocr_line' id='line_1_38' title="bbox 101 3616 2105 3717; baseline 0.002 -21"><span class='ocrx_word' id='word_1_481' title='bbox 101 3637 284 3714; x_wconf 55' lang='lat' dir='ltr'><strong>avertamus</strong></span> <span class='ocrx_word' id='word_1_482' title='bbox 299 3622 454 3696; x_wconf 62' lang='lat' dir='ltr'><strong>palmae</strong></span> <span class='ocrx_word' id='word_1_483' title='bbox 476 3622 548 3682; x_wconf 63' lang='lat' dir='ltr'><strong>luae</strong></span> <span class='ocrx_word' id='word_1_484' title='bbox 568 3618 760 3694; x_wconf 56' lang='lat' dir='ltr'><strong>demendae,</strong></span> <span class='ocrx_word' id='word_1_485' title='bbox 794 3637 852 3715; x_wconf 63' lang='lat' dir='ltr'><strong>du?</strong></span> <span class='ocrx_word' id='word_1_486' title='bbox 882 3616 995 3714; x_wconf 48' lang='lat' dir='ltr'><strong>Sqllwssl</strong></span> <span class='ocrx_word' id='word_1_487' title='bbox 1020 3636 1078 3681; x_wconf 69' lang='lat'><strong>⁹²⁰⁸</strong></span> <span class='ocrx_word' id='word_1_488' title='bbox 1130 3635 1261 3714; x_wconf 86' lang='lat' dir='ltr'><strong>diecret,</strong></span> <span class='ocrx_word' id='word_1_489' title='bbox 1290 3635 1359 3698; x_wconf 91' lang='lat' dir='ltr'><strong>Vos</strong></span> <span class='ocrx_word' id='word_1_490' title='bbox 1381 3633 1445 3717; x_wconf 87' lang='lat' dir='ltr'><strong>ipsi</strong></span> <span class='ocrx_word' id='word_1_491' title='bbox 1467 3632 1640 3716; x_wconf 90' lang='lat' dir='ltr'><strong>perspicite</strong></span> <span class='ocrx_word' id='word_1_492' title='bbox 1663 3633 1758 3716; x_wconf 90' lang='lat' dir='ltr'><strong>quale</strong></span> <span class='ocrx_word' id='word_1_493' title='bbox 1780 3633 1841 3699; x_wconf 89' lang='lat' dir='ltr'><strong>hoc</strong></span> <span class='ocrx_word' id='word_1_494' title='bbox 1863 3634 1906 3699; x_wconf 91' lang='lat' dir='ltr'><strong>sit</strong></span> <span class='ocrx_word' id='word_1_495' title='bbox 1928 3635 2012 3717; x_wconf 94' lang='lat' dir='ltr'><strong>quod</strong></span> <span class='ocrx_word' id='word_1_496' title='bbox 2036 3636 2105 3701; x_wconf 89' lang='lat' dir='ltr'><strong>Do·</strong></span> 
     </span>
     <span class='ocr_line' id='line_1_39' title="bbox 101 3700 2107 3804; baseline 0.002 -22"><span class='ocrx_word' id='word_1_497' title='bbox 101 3700 279 3799; x_wconf 42' lang='lat' dir='ltr'><strong>immanite?</strong></span> <span class='ocrx_word' id='word_1_498' title='bbox 300 3707 424 3783; x_wconf 58' lang='lat' dir='ltr'><strong>‘meis</strong></span> <span class='ocrx_word' id='word_1_499' title='bbox 454 3703 647 3802; x_wconf 47' lang='lat' dir='ltr'><strong>usquedum</strong></span> <span class='ocrx_word' id='word_1_500' title='bbox 669 3723 725 3801; x_wconf 60' lang='lat'><strong>⁷²0?</strong></span> <span class='ocrx_word' id='word_1_501' title='bbox 747 3721 882 3799; x_wconf 43' lang='lat' dir='ltr'><strong>remilla}</strong></span> <span class='ocrx_word' id='word_1_502' title='bbox 902 3722 937 3766; x_wconf 71' lang='lat' dir='ltr'><strong>m</strong></span> <span class='ocrx_word' id='word_1_503' title='bbox 958 3702 1078 3767; x_wconf 63' lang='lat' dir='ltr'><strong>bestiam</strong></span> <span class='ocrx_word' id='word_1_504' title='bbox 1130 3723 1239 3785; x_wconf 90' lang='lat' dir='ltr'><strong>minus</strong></span> <span class='ocrx_word' id='word_1_505' title='bbox 1261 3719 1465 3802; x_wconf 90' lang='lat' dir='ltr'><strong>pronuntiat,</strong></span> <span class='ocrx_word' id='word_1_506' title='bbox 1495 3728 1528 3781; x_wconf 92' lang='lat' dir='ltr'><strong>et</strong></span> <span class='ocrx_word' id='word_1_507' title='bbox 1550 3718 1733 3800; x_wconf 82' lang='lat' dir='ltr'><strong>emphatice</strong></span> <span class='ocrx_word' id='word_1_508' title='bbox 1755 3720 1853 3783; x_wconf 90' lang='lat' dir='ltr'><strong>etiam</strong></span> <span class='ocrx_word' id='word_1_509' title='bbox 1877 3723 2009 3801; x_wconf 89' lang='lat' dir='ltr'><strong>ponitur</strong></span> <span class='ocrx_word' id='word_1_510' title='bbox 2030 3743 2107 3804; x_wconf 91' lang='lat' dir='ltr'><strong>par·</strong></span> 
     </span>
     <span class='ocr_line' id='line_1_40' title="bbox 102 3786 2107 3889; baseline 0.002 -22"><span class='ocrx_word' id='word_1_511' title='bbox 102 3786 193 3850; x_wconf 62' lang='lat' dir='ltr'><strong>luam</strong></span> <span class='ocrx_word' id='word_1_512' title='bbox 214 3791 360 3884; x_wconf 49' lang='lat' dir='ltr'><strong>damma</strong></span> <span class='ocrx_word' id='word_1_513' title='bbox 394 3807 474 3868; x_wconf 62' lang='lat' dir='ltr'><strong>lm</strong></span> <span class='ocrx_word' id='word_1_514' title='bbox 495 3788 583 3886; x_wconf 46' lang='lat' dir='ltr'><strong>Mb&amp;</strong></span> <span class='ocrx_word' id='word_1_515' title='bbox 612 3792 749 3870; x_wconf 58' lang='lat' dir='ltr'><strong>remilla</strong></span> <span class='ocrx_word' id='word_1_516' title='bbox 777 3791 822 3853; x_wconf 56' lang='lat'><strong>0⁸5</strong></span> <span class='ocrx_word' id='word_1_517' title='bbox 850 3807 886 3851; x_wconf 72' lang='lat' dir='ltr'><em>m</em></span> <span class='ocrx_word' id='word_1_518' title='bbox 912 3788 1078 3869; x_wconf 62' lang='lat' dir='ltr'><strong>00⁶l01’07</strong></span> <span class='ocrx_word' id='word_1_519' title='bbox 1131 3805 1231 3872; x_wconf 91' lang='lat' dir='ltr'><strong>ticula</strong></span> <span class='ocrx_word' id='word_1_520' title='bbox 1253 3818 1336 3884; x_wconf 75' lang='lat' dir='ltr'><strong>uult,</strong></span> <span class='ocrx_word' id='word_1_521' title='bbox 1364 3823 1419 3868; x_wconf 86' lang='lat' dir='ltr'><strong>uos</strong></span> <span class='ocrx_word' id='word_1_522' title='bbox 1440 3804 1512 3884; x_wconf 80' lang='lat' dir='ltr'><strong>ipsi,</strong></span> <span class='ocrx_word' id='word_1_523' title='bbox 1541 3803 1658 3884; x_wconf 92' lang='lat' dir='ltr'><strong>inquit.</strong></span> <span class='ocrx_word' id='word_1_524' title='bbox 1702 3803 1788 3868; x_wconf 90' lang='lat' dir='ltr'><strong>Nam</strong></span> <span class='ocrx_word' id='word_1_525' title='bbox 1813 3807 1929 3870; x_wconf 90' lang='lat' dir='ltr'><strong>merito</strong></span> <span class='ocrx_word' id='word_1_526' title='bbox 1952 3814 2107 3889; x_wconf 88' lang='lat' dir='ltr'><strong>poteraut</strong></span> 
     </span>
     <span class='ocr_line' id='line_1_41' title="bbox 104 3869 2106 3972; baseline 0.004 -22"><span class='ocrx_word' id='word_1_527' title='bbox 104 3872 213 3935; x_wconf 62' lang='lat' dir='ltr'><strong><em>Iesum</em></strong></span> <span class='ocrx_word' id='word_1_528' title='bbox 237 3869 397 3936; x_wconf 55' lang='lat' dir='ltr'><strong>Ulmum</strong></span> <span class='ocrx_word' id='word_1_529' title='bbox 417 3873 578 3938; x_wconf 57' lang='lat' dir='ltr'><strong>ammam</strong></span> <span class='ocrx_word' id='word_1_530' title='bbox 599 3879 749 3952; x_wconf 56' lang='lat' dir='ltr'><strong>mittum,</strong></span> <span class='ocrx_word' id='word_1_531' title='bbox 772 3874 885 3939; x_wconf 63' lang='lat' dir='ltr'><strong>Amen·</strong></span> <span class='ocrx_word' id='word_1_532' title='bbox 1131 3892 1281 3956; x_wconf 85' lang='lat' dir='ltr'><strong>damnari</strong></span> <span class='ocrx_word' id='word_1_533' title='bbox 1303 3889 1416 3954; x_wconf 89' lang='lat' dir='ltr'><strong>Iudaei</strong></span> <span class='ocrx_word' id='word_1_534' title='bbox 1439 3909 1458 3951; x_wconf 88' lang='lat' dir='ltr'><strong>a</strong></span> <span class='ocrx_word' id='word_1_535' title='bbox 1479 3889 1604 3953; x_wconf 90' lang='lat' dir='ltr'><strong>cunctis</strong></span> <span class='ocrx_word' id='word_1_536' title='bbox 1627 3890 1789 3972; x_wconf 80' lang='lat' dir='ltr'><strong>gentibus,</strong></span> <span class='ocrx_word' id='word_1_537' title='bbox 1820 3892 1849 3956; x_wconf 91' lang='lat' dir='ltr'><strong>si</strong></span> <span class='ocrx_word' id='word_1_538' title='bbox 1871 3891 2004 3957; x_wconf 89' lang='lat' dir='ltr'><strong>adducti</strong></span> <span class='ocrx_word' id='word_1_539' title='bbox 2026 3892 2106 3959; x_wconf 88' lang='lat' dir='ltr'><strong>luis·</strong></span> 
     </span>
     <span class='ocr_line' id='line_1_42' title="bbox 1131 3972 2108 4060; baseline 0.001 -18"><span class='ocrx_word' id='word_1_540' title='bbox 1131 3978 1259 4042; x_wconf 89' lang='lat' dir='ltr'><strong>sentin</strong></span> <span class='ocrx_word' id='word_1_541' title='bbox 1282 3976 1447 4040; x_wconf 91' lang='lat' dir='ltr'><strong>iudicium.</strong></span> <span class='ocrx_word' id='word_1_542' title='bbox 1494 3972 1559 4039; x_wconf 86' lang='lat' dir='ltr'><strong>Sed</strong></span> <span class='ocrx_word' id='word_1_543' title='bbox 1583 3973 1742 4056; x_wconf 86' lang='lat' dir='ltr'><strong>propheta</strong></span> <span class='ocrx_word' id='word_1_544' title='bbox 1763 3976 1906 4040; x_wconf 84' lang='lat' dir='ltr'><strong>ostendit</strong></span> <span class='ocrx_word' id='word_1_545' title='bbox 1929 3978 2108 4060; x_wconf 89' lang='lat' dir='ltr'><strong>quamlibet</strong></span> 
     </span>
    </p>

    <p class='ocr_par' dir='ltr' id='par_1_6' title="bbox 104 4057 2110 5338">
     <span class='ocr_line' id='line_1_43' title="bbox 188 4057 2108 4148; baseline 0.004 -26"><span class='ocrx_word' id='word_1_546' title='bbox 188 4057 362 4122; x_wconf 90' lang='lat' dir='ltr'><strong>Postrema</strong></span> <span class='ocrx_word' id='word_1_547' title='bbox 384 4058 522 4124; x_wconf 90' lang='lat' dir='ltr'><strong>lectione</strong></span> <span class='ocrx_word' id='word_1_548' title='bbox 544 4067 740 4143; x_wconf 91' lang='lat' dir='ltr'><strong>conquestus</strong></span> <span class='ocrx_word' id='word_1_549' title='bbox 762 4073 812 4125; x_wconf 91' lang='lat' dir='ltr'><strong>est</strong></span> <span class='ocrx_word' id='word_1_550' title='bbox 834 4060 926 4125; x_wconf 93' lang='lat' dir='ltr'><strong>Deus</strong></span> <span class='ocrx_word' id='word_1_551' title='bbox 946 4082 981 4125; x_wconf 92' lang='lat' dir='ltr'><strong>se</strong></span> <span class='ocrx_word' id='word_1_552' title='bbox 1002 4081 1077 4143; x_wconf 92' lang='lat' dir='ltr'><strong>ope·</strong></span> <span class='ocrx_word' id='word_1_553' title='bbox 1131 4065 1217 4127; x_wconf 84' lang='lat' dir='ltr'><strong>caeci</strong></span> <span class='ocrx_word' id='word_1_554' title='bbox 1240 4062 1317 4139; x_wconf 88' lang='lat' dir='ltr'><strong>sint,</strong></span> <span class='ocrx_word' id='word_1_555' title='bbox 1348 4069 1457 4125; x_wconf 92' lang='lat' dir='ltr'><strong>tamen</strong></span> <span class='ocrx_word' id='word_1_556' title='bbox 1482 4079 1576 4141; x_wconf 91' lang='lat' dir='ltr'><strong>posse</strong></span> <span class='ocrx_word' id='word_1_557' title='bbox 1599 4061 1701 4125; x_wconf 89' lang='lat' dir='ltr'><strong>oculis</strong></span> <span class='ocrx_word' id='word_1_558' title='bbox 1725 4061 1792 4125; x_wconf 91' lang='lat' dir='ltr'><strong>suis</strong></span> <span class='ocrx_word' id='word_1_559' title='bbox 1814 4063 1999 4144; x_wconf 87' lang='lat' dir='ltr'><strong>conspicere</strong></span> <span class='ocrx_word' id='word_1_560' title='bbox 2021 4065 2108 4148; x_wconf 92' lang='lat' dir='ltr'><strong>quod</strong></span> 
     </span>
     <span class='ocr_line' id='line_1_44' title="bbox 104 4142 2108 4232; baseline 0.004 -26"><span class='ocrx_word' id='word_1_561' title='bbox 104 4163 175 4206; x_wconf 88' lang='lat' dir='ltr'><strong>ram</strong></span> <span class='ocrx_word' id='word_1_562' title='bbox 197 4142 314 4208; x_wconf 92' lang='lat' dir='ltr'><strong>lusisse</strong></span> <span class='ocrx_word' id='word_1_563' title='bbox 335 4144 369 4207; x_wconf 92' lang='lat' dir='ltr'><strong>in</strong></span> <span class='ocrx_word' id='word_1_564' title='bbox 392 4144 591 4228; x_wconf 78' lang='lat' dir='ltr'><strong>castigandis</strong></span> <span class='ocrx_word' id='word_1_565' title='bbox 612 4146 688 4211; x_wconf 91' lang='lat' dir='ltr'><strong>filiis</strong></span> <span class='ocrx_word' id='word_1_566' title='bbox 711 4145 823 4224; x_wconf 90' lang='lat' dir='ltr'><strong>lsrael,</strong></span> <span class='ocrx_word' id='word_1_567' title='bbox 847 4147 923 4228; x_wconf 89' lang='lat' dir='ltr'><strong>quia</strong></span> <span class='ocrx_word' id='word_1_568' title='bbox 944 4165 1079 4226; x_wconf 87' lang='lat' dir='ltr'><strong>prorsus</strong></span> <span class='ocrx_word' id='word_1_569' title='bbox 1131 4147 1294 4211; x_wconf 91' lang='lat' dir='ltr'><strong>Dominus</strong></span> <span class='ocrx_word' id='word_1_570' title='bbox 1317 4144 1404 4209; x_wconf 90' lang='lat' dir='ltr'><strong>dicit.</strong></span> <span class='ocrx_word' id='word_1_571' title='bbox 1439 4145 1512 4208; x_wconf 93' lang='lat' dir='ltr'><strong>Nou</strong></span> <span class='ocrx_word' id='word_1_572' title='bbox 1537 4145 1646 4227; x_wconf 84' lang='lat' dir='ltr'><strong>agitur</strong></span> <span class='ocrx_word' id='word_1_573' title='bbox 1670 4146 1720 4210; x_wconf 89' lang='lat' dir='ltr'><strong>hic</strong></span> <span class='ocrx_word' id='word_1_574' title='bbox 1742 4145 1781 4210; x_wconf 95' lang='lat' dir='ltr'><strong>de</strong></span> <span class='ocrx_word' id='word_1_575' title='bbox 1804 4145 1961 4232; x_wconf 84' lang='lat' dir='ltr'><strong>doctrina,</strong></span> <span class='ocrx_word' id='word_1_576' title='bbox 1985 4149 2043 4214; x_wconf 91' lang='lat' dir='ltr'><strong>sed</strong></span> <span class='ocrx_word' id='word_1_577' title='bbox 2066 4149 2108 4214; x_wconf 92' lang='lat' dir='ltr'><strong>de</strong></span> 
     </span>
     <span class='ocr_line' id='line_1_45' title="bbox 105 4229 2107 4315; baseline 0.004 -25"><span class='ocrx_word' id='word_1_578' title='bbox 105 4236 215 4291; x_wconf 89' lang='lat' dir='ltr'><strong>essent</strong></span> <span class='ocrx_word' id='word_1_579' title='bbox 236 4229 393 4293; x_wconf 91' lang='lat' dir='ltr'><strong>indomito</strong></span> <span class='ocrx_word' id='word_1_580' title='bbox 416 4240 449 4294; x_wconf 90' lang='lat' dir='ltr'><strong>et</strong></span> <span class='ocrx_word' id='word_1_581' title='bbox 471 4232 653 4313; x_wconf 78' lang='lat' dir='ltr'><strong>praefracto</strong></span> <span class='ocrx_word' id='word_1_582' title='bbox 680 4232 827 4315; x_wconf 83' lang='lat' dir='ltr'><strong>ingenio,</strong></span> <span class='ocrx_word' id='word_1_583' title='bbox 857 4251 917 4296; x_wconf 90' lang='lat' dir='ltr'><strong>uec</strong></span> <span class='ocrx_word' id='word_1_584' title='bbox 945 4250 1078 4313; x_wconf 88' lang='lat' dir='ltr'><strong>capaces</strong></span> <span class='ocrx_word' id='word_1_585' title='bbox 1132 4234 1275 4313; x_wconf 88' lang='lat' dir='ltr'><strong>reipsa:</strong></span> <span class='ocrx_word' id='word_1_586' title='bbox 1309 4231 1400 4313; x_wconf 90' lang='lat' dir='ltr'><strong>quasi</strong></span> <span class='ocrx_word' id='word_1_587' title='bbox 1424 4230 1561 4307; x_wconf 90' lang='lat' dir='ltr'><strong>diceret,</strong></span> <span class='ocrx_word' id='word_1_588' title='bbox 1597 4231 1761 4296; x_wconf 90' lang='lat' dir='ltr'><strong>Dominus</strong></span> <span class='ocrx_word' id='word_1_589' title='bbox 1783 4252 1842 4314; x_wconf 90' lang='lat' dir='ltr'><strong>per</strong></span> <span class='ocrx_word' id='word_1_590' title='bbox 1864 4255 1916 4299; x_wconf 91' lang='lat' dir='ltr'><strong>me</strong></span> <span class='ocrx_word' id='word_1_591' title='bbox 1937 4235 2107 4300; x_wconf 90' lang='lat' dir='ltr'><strong>vobiscum</strong></span> 
     </span>
     <span class='ocr_line' id='line_1_46' title="bbox 107 4312 2106 4401; baseline 0.005 -27"><span class='ocrx_word' id='word_1_592' title='bbox 107 4312 312 4395; x_wconf 89' lang='lat' dir='ltr'><strong>discipliuae:</strong></span> <span class='ocrx_word' id='word_1_593' title='bbox 348 4315 446 4398; x_wconf 82' lang='lat' dir='ltr'><strong>Ergo,</strong></span> <span class='ocrx_word' id='word_1_594' title='bbox 470 4317 585 4398; x_wconf 89' lang='lat' dir='ltr'><strong>inquit,</strong></span> <span class='ocrx_word' id='word_1_595' title='bbox 608 4317 729 4381; x_wconf 81' lang='lat' dir='ltr'><strong>frustra</strong></span> <span class='ocrx_word' id='word_1_596' title='bbox 750 4327 885 4382; x_wconf 90' lang='lat' dir='ltr'><strong>conatus</strong></span> <span class='ocrx_word' id='word_1_597' title='bbox 908 4337 979 4380; x_wconf 87' lang='lat' dir='ltr'><strong>sum</strong></span> <span class='ocrx_word' id='word_1_598' title='bbox 1003 4337 1078 4398; x_wconf 91' lang='lat' dir='ltr'><strong>poe·</strong></span> <span class='ocrx_word' id='word_1_599' title='bbox 1131 4317 1325 4401; x_wconf 83' lang='lat' dir='ltr'><strong>expostulat,</strong></span> <span class='ocrx_word' id='word_1_600' title='bbox 1349 4317 1497 4379; x_wconf 89' lang='lat' dir='ltr'><strong>etiamsi</strong></span> <span class='ocrx_word' id='word_1_601' title='bbox 1522 4316 1603 4380; x_wconf 92' lang='lat' dir='ltr'><strong>nulli</strong></span> <span class='ocrx_word' id='word_1_602' title='bbox 1620 4317 1729 4380; x_wconf 92' lang='lat' dir='ltr'><strong>adsint</strong></span> <span class='ocrx_word' id='word_1_603' title='bbox 1745 4327 1861 4382; x_wconf 86' lang='lat' dir='ltr'><strong>testes:</strong></span> <span class='ocrx_word' id='word_1_604' title='bbox 1885 4339 1982 4384; x_wconf 91' lang='lat' dir='ltr'><strong>nemo</strong></span> <span class='ocrx_word' id='word_1_605' title='bbox 1997 4317 2106 4397; x_wconf 90' lang='lat' dir='ltr'><strong>iudex,</strong></span> 
     </span>
     <span class='ocr_line' id='line_1_47' title="bbox 106 4398 2105 4486; baseline 0.004 -26"><span class='ocrx_word' id='word_1_606' title='bbox 106 4398 157 4460; x_wconf 89' lang='lat' dir='ltr'><strong>uis</strong></span> <span class='ocrx_word' id='word_1_607' title='bbox 184 4418 238 4463; x_wconf 90' lang='lat' dir='ltr'><strong>eos</strong></span> <span class='ocrx_word' id='word_1_608' title='bbox 260 4420 412 4465; x_wconf 88' lang='lat' dir='ltr'><strong>revocare</strong></span> <span class='ocrx_word' id='word_1_609' title='bbox 434 4403 469 4466; x_wconf 91' lang='lat' dir='ltr'><strong>iu</strong></span> <span class='ocrx_word' id='word_1_610' title='bbox 492 4404 587 4466; x_wconf 89' lang='lat' dir='ltr'><strong>viam.</strong></span> <span class='ocrx_word' id='word_1_611' title='bbox 634 4401 729 4467; x_wconf 91' lang='lat' dir='ltr'><strong>Nunc</strong></span> <span class='ocrx_word' id='word_1_612' title='bbox 760 4417 869 4466; x_wconf 89' lang='lat' dir='ltr'><strong>autem</strong></span> <span class='ocrx_word' id='word_1_613' title='bbox 900 4412 1080 4485; x_wconf 82' lang='lat' dir='ltr'><strong>exaggerat</strong></span> <span class='ocrx_word' id='word_1_614' title='bbox 1132 4406 1185 4466; x_wconf 88' lang='lat' dir='ltr'><strong>vol</strong></span> <span class='ocrx_word' id='word_1_615' title='bbox 1208 4400 1339 4476; x_wconf 89' lang='lat' dir='ltr'><strong>arbiter,</strong></span> <span class='ocrx_word' id='word_1_616' title='bbox 1362 4421 1421 4466; x_wconf 93' lang='lat' dir='ltr'><strong>vos</strong></span> <span class='ocrx_word' id='word_1_617' title='bbox 1443 4402 1505 4484; x_wconf 91' lang='lat' dir='ltr'><strong>ipsi</strong></span> <span class='ocrx_word' id='word_1_618' title='bbox 1528 4402 1664 4483; x_wconf 92' lang='lat' dir='ltr'><strong>potestis</strong></span> <span class='ocrx_word' id='word_1_619' title='bbox 1685 4423 1878 4486; x_wconf 81' lang='lat' dir='ltr'><strong>cognoscere</strong></span> <span class='ocrx_word' id='word_1_620' title='bbox 1900 4425 1970 4469; x_wconf 90' lang='lat' dir='ltr'><strong>rem</strong></span> <span class='ocrx_word' id='word_1_621' title='bbox 1994 4414 2105 4469; x_wconf 90' lang='lat' dir='ltr'><strong>totam.</strong></span> 
     </span>
     <span class='ocr_line' id='line_1_48' title="bbox 105 4484 2106 4572; baseline 0.003 -25"><span class='ocrx_word' id='word_1_622' title='bbox 105 4484 230 4548; x_wconf 88' lang='lat' dir='ltr'><strong>crimen</strong></span> <span class='ocrx_word' id='word_1_623' title='bbox 252 4485 334 4548; x_wconf 92' lang='lat' dir='ltr'><strong>illud</strong></span> <span class='ocrx_word' id='word_1_624' title='bbox 355 4486 586 4565; x_wconf 88' lang='lat' dir='ltr'><strong>contumaciae,</strong></span> <span class='ocrx_word' id='word_1_625' title='bbox 609 4486 694 4567; x_wconf 92' lang='lat' dir='ltr'><strong>quod</strong></span> <span class='ocrx_word' id='word_1_626' title='bbox 717 4508 782 4551; x_wconf 92' lang='lat' dir='ltr'><strong>non</strong></span> <span class='ocrx_word' id='word_1_627' title='bbox 801 4497 929 4551; x_wconf 86' lang='lat' dir='ltr'><strong>tantum</strong></span> <span class='ocrx_word' id='word_1_628' title='bbox 948 4507 1079 4568; x_wconf 90' lang='lat' dir='ltr'><strong>respue·</strong></span> <span class='ocrx_word' id='word_1_629' title='bbox 1132 4488 1292 4552; x_wconf 87' lang='lat' dir='ltr'><strong>Videmus</strong></span> <span class='ocrx_word' id='word_1_630' title='bbox 1328 4507 1406 4569; x_wconf 84' lang='lat' dir='ltr'><strong>ergo</strong></span> <span class='ocrx_word' id='word_1_631' title='bbox 1439 4506 1536 4567; x_wconf 90' lang='lat' dir='ltr'><strong>quam</strong></span> <span class='ocrx_word' id='word_1_632' title='bbox 1571 4500 1646 4569; x_wconf 90' lang='lat' dir='ltr'><strong>apte</strong></span> <span class='ocrx_word' id='word_1_633' title='bbox 1678 4489 1830 4570; x_wconf 90' lang='lat' dir='ltr'><strong>loquutus</strong></span> <span class='ocrx_word' id='word_1_634' title='bbox 1863 4491 1906 4554; x_wconf 89' lang='lat' dir='ltr'><strong>sit</strong></span> <span class='ocrx_word' id='word_1_635' title='bbox 1938 4489 2106 4572; x_wconf 88' lang='lat' dir='ltr'><strong>propheta,</strong></span> 
     </span>
     <span class='ocr_line' id='line_1_49' title="bbox 106 4569 2108 4656; baseline 0.003 -24"><span class='ocrx_word' id='word_1_636' title='bbox 106 4570 173 4632; x_wconf 88' lang='lat' dir='ltr'><strong>rint</strong></span> <span class='ocrx_word' id='word_1_637' title='bbox 196 4591 310 4633; x_wconf 89' lang='lat' dir='ltr'><strong>sanam</strong></span> <span class='ocrx_word' id='word_1_638' title='bbox 334 4569 531 4651; x_wconf 91' lang='lat' dir='ltr'><strong>doctrinam,</strong></span> <span class='ocrx_word' id='word_1_639' title='bbox 564 4571 621 4637; x_wconf 90' lang='lat' dir='ltr'><strong>scd</strong></span> <span class='ocrx_word' id='word_1_640' title='bbox 644 4571 789 4637; x_wconf 88' lang='lat' dir='ltr'><strong>fuderint</strong></span> <span class='ocrx_word' id='word_1_641' title='bbox 810 4571 1005 4656; x_wconf 81' lang='lat' dir='ltr'><strong>sauguinem</strong></span> <span class='ocrx_word' id='word_1_642' title='bbox 1028 4573 1077 4636; x_wconf 90' lang='lat' dir='ltr'><strong>in·</strong></span> <span class='ocrx_word' id='word_1_643' title='bbox 1131 4593 1229 4655; x_wconf 91' lang='lat' dir='ltr'><strong>quum</strong></span> <span class='ocrx_word' id='word_1_644' title='bbox 1254 4572 1381 4638; x_wconf 91' lang='lat' dir='ltr'><strong>iuberet</strong></span> <span class='ocrx_word' id='word_1_645' title='bbox 1411 4573 1496 4653; x_wconf 90' lang='lat' dir='ltr'><strong>ipsos</strong></span> <span class='ocrx_word' id='word_1_646' title='bbox 1525 4571 1630 4637; x_wconf 84' lang='lat' dir='ltr'><strong>cidere</strong></span> <span class='ocrx_word' id='word_1_647' title='bbox 1658 4593 1828 4640; x_wconf 70' lang='lat' dir='ltr'><strong>comunem</strong></span> <span class='ocrx_word' id='word_1_648' title='bbox 1850 4575 1996 4640; x_wconf 76' lang='lat' dir='ltr'><strong>Iedcooe:</strong></span> <span class='ocrx_word' id='word_1_649' title='bbox 2028 4595 2108 4640; x_wconf 92' lang='lat' dir='ltr'><strong>nam</strong></span> 
     </span>
     <span class='ocr_line' id='line_1_50' title="bbox 107 4655 2108 4741; baseline 0.003 -24"><span class='ocrx_word' id='word_1_650' title='bbox 107 4655 260 4731; x_wconf 85' lang='lat' dir='ltr'><strong>noxium,</strong></span> <span class='ocrx_word' id='word_1_651' title='bbox 300 4664 333 4719; x_wconf 93' lang='lat' dir='ltr'><strong>et</strong></span> <span class='ocrx_word' id='word_1_652' title='bbox 372 4657 561 4739; x_wconf 87' lang='lat' dir='ltr'><strong>persequuti</strong></span> <span class='ocrx_word' id='word_1_653' title='bbox 600 4658 668 4721; x_wconf 90' lang='lat' dir='ltr'><strong>sint</strong></span> <span class='ocrx_word' id='word_1_654' title='bbox 706 4657 881 4740; x_wconf 90' lang='lat' dir='ltr'><strong>prophetas</strong></span> <span class='ocrx_word' id='word_1_655' title='bbox 923 4671 1077 4739; x_wconf 88' lang='lat' dir='ltr'><strong>tauquam</strong></span> <span class='ocrx_word' id='word_1_656' title='bbox 1132 4669 1244 4741; x_wconf 90' lang='lat' dir='ltr'><strong>postea</strong></span> <span class='ocrx_word' id='word_1_657' title='bbox 1265 4658 1403 4735; x_wconf 91' lang='lat' dir='ltr'><strong>subiicit,</strong></span> <span class='ocrx_word' id='word_1_658' title='bbox 1425 4657 1481 4721; x_wconf 80' lang='lat' dir='ltr'><strong>Ac</strong></span> <span class='ocrx_word' id='word_1_659' title='bbox 1501 4656 1657 4723; x_wconf 65' lang='lat' dir='ltr'><strong>decenum</strong></span> <span class='ocrx_word' id='word_1_660' title='bbox 1676 4659 1728 4740; x_wconf 79' lang='lat' dir='ltr'><strong>fui</strong></span> <span class='ocrx_word' id='word_1_661' title='bbox 1749 4659 1879 4726; x_wconf 78' lang='lat' dir='ltr'><strong>Israel?</strong></span> <span class='ocrx_word' id='word_1_662' title='bbox 1909 4660 1963 4725; x_wconf 93' lang='lat' dir='ltr'><strong>ubi</strong></span> <span class='ocrx_word' id='word_1_663' title='bbox 1986 4661 2108 4724; x_wconf 91' lang='lat' dir='ltr'><strong>cousti-</strong></span> 
     </span>
     <span class='ocr_line' id='line_1_51' title="bbox 107 4739 2107 4829; baseline 0.004 -27"><span class='ocrx_word' id='word_1_664' title='bbox 107 4739 227 4816; x_wconf 87' lang='lat' dir='ltr'><strong>hostes,</strong></span> <span class='ocrx_word' id='word_1_665' title='bbox 251 4740 307 4821; x_wconf 88' lang='lat' dir='ltr'><strong>qui</strong></span> <span class='ocrx_word' id='word_1_666' title='bbox 331 4750 439 4805; x_wconf 90' lang='lat' dir='ltr'><strong>tamen</strong></span> <span class='ocrx_word' id='word_1_667' title='bbox 458 4743 550 4806; x_wconf 92' lang='lat' dir='ltr'><strong>missi</strong></span> <span class='ocrx_word' id='word_1_668' title='bbox 569 4746 664 4806; x_wconf 89' lang='lat' dir='ltr'><strong>eraut</strong></span> <span class='ocrx_word' id='word_1_669' title='bbox 686 4743 854 4820; x_wconf 89' lang='lat' dir='ltr'><strong>divinitus,</strong></span> <span class='ocrx_word' id='word_1_670' title='bbox 878 4750 916 4806; x_wconf 93' lang='lat' dir='ltr'><strong>ut</strong></span> <span class='ocrx_word' id='word_1_671' title='bbox 933 4743 1078 4807; x_wconf 90' lang='lat' dir='ltr'><strong>consule·</strong></span> <span class='ocrx_word' id='word_1_672' title='bbox 1132 4746 1195 4808; x_wconf 89' lang='lat' dir='ltr'><strong>tuit</strong></span> <span class='ocrx_word' id='word_1_673' title='bbox 1217 4742 1354 4809; x_wconf 89' lang='lat' dir='ltr'><strong>Iudaeos</strong></span> <span class='ocrx_word' id='word_1_674' title='bbox 1376 4744 1464 4824; x_wconf 89' lang='lat' dir='ltr'><strong>ipsos</strong></span> <span class='ocrx_word' id='word_1_675' title='bbox 1491 4742 1588 4806; x_wconf 91' lang='lat' dir='ltr'><strong>huius</strong></span> <span class='ocrx_word' id='word_1_676' title='bbox 1610 4765 1727 4809; x_wconf 90' lang='lat' dir='ltr'><strong>causae</strong></span> <span class='ocrx_word' id='word_1_677' title='bbox 1748 4744 1887 4810; x_wconf 90' lang='lat' dir='ltr'><strong>arbitros</strong></span> <span class='ocrx_word' id='word_1_678' title='bbox 1910 4766 1947 4811; x_wconf 89' lang='lat' dir='ltr'><strong>ac</strong></span> <span class='ocrx_word' id='word_1_679' title='bbox 1972 4743 2107 4829; x_wconf 89' lang='lat' dir='ltr'><strong>iudices,</strong></span> 
     </span>
     <span class='ocr_line' id='line_1_52' title="bbox 107 4826 2108 4911; baseline 0.003 -22"><span class='ocrx_word' id='word_1_680' title='bbox 107 4834 183 4889; x_wconf 92' lang='lat' dir='ltr'><strong>rent</strong></span> <span class='ocrx_word' id='word_1_681' title='bbox 205 4844 318 4889; x_wconf 89' lang='lat' dir='ltr'><strong>eorum</strong></span> <span class='ocrx_word' id='word_1_682' title='bbox 341 4826 449 4892; x_wconf 91' lang='lat' dir='ltr'><strong>saluti.</strong></span> <span class='ocrx_word' id='word_1_683' title='bbox 493 4827 559 4892; x_wconf 90' lang='lat' dir='ltr'><strong>Hic</strong></span> <span class='ocrx_word' id='word_1_684' title='bbox 581 4847 659 4911; x_wconf 78' lang='lat' dir='ltr'><strong>ergo</strong></span> <span class='ocrx_word' id='word_1_685' title='bbox 683 4828 773 4893; x_wconf 89' lang='lat' dir='ltr'><strong>Deus</strong></span> <span class='ocrx_word' id='word_1_686' title='bbox 803 4827 996 4893; x_wconf 90' lang='lat' dir='ltr'><strong>condemnat</strong></span> <span class='ocrx_word' id='word_1_687' title='bbox 1024 4849 1078 4893; x_wconf 92' lang='lat' dir='ltr'><strong>eos</strong></span> <span class='ocrx_word' id='word_1_688' title='bbox 1132 4851 1174 4893; x_wconf 92' lang='lat' dir='ltr'><strong>an</strong></span> <span class='ocrx_word' id='word_1_689' title='bbox 1197 4849 1263 4892; x_wconf 91' lang='lat' dir='ltr'><strong>uon</strong></span> <span class='ocrx_word' id='word_1_690' title='bbox 1287 4829 1413 4911; x_wconf 85' lang='lat' dir='ltr'><strong>experti</strong></span> <span class='ocrx_word' id='word_1_691' title='bbox 1437 4829 1503 4892; x_wconf 89' lang='lat' dir='ltr'><strong>sint</strong></span> <span class='ocrx_word' id='word_1_692' title='bbox 1525 4828 1587 4892; x_wconf 92' lang='lat' dir='ltr'><strong>Dei</strong></span> <span class='ocrx_word' id='word_1_693' title='bbox 1612 4828 1866 4908; x_wconf 88' lang='lat' dir='ltr'><strong>beneficentiam,</strong></span> <span class='ocrx_word' id='word_1_694' title='bbox 1894 4851 1931 4895; x_wconf 90' lang='lat' dir='ltr'><strong>ac</strong></span> <span class='ocrx_word' id='word_1_695' title='bbox 1955 4830 2108 4896; x_wconf 90' lang='lat' dir='ltr'><strong>deserue-</strong></span> 
     </span>
     <span class='ocr_line' id='line_1_53' title="bbox 108 4912 2108 4998; baseline 0.004 -24"><span class='ocrx_word' id='word_1_696' title='bbox 108 4922 173 4974; x_wconf 91' lang='lat' dir='ltr'><strong>tam</strong></span> <span class='ocrx_word' id='word_1_697' title='bbox 208 4912 406 4994; x_wconf 90' lang='lat' dir='ltr'><strong>pervicaciae</strong></span> <span class='ocrx_word' id='word_1_698' title='bbox 438 4932 533 4994; x_wconf 90' lang='lat' dir='ltr'><strong>quam</strong></span> <span class='ocrx_word' id='word_1_699' title='bbox 567 4912 777 4978; x_wconf 90' lang='lat' dir='ltr'><strong>crudelitatis.</strong></span> <span class='ocrx_word' id='word_1_700' title='bbox 824 4913 913 4978; x_wconf 89' lang='lat' dir='ltr'><strong>Dicit</strong></span> <span class='ocrx_word' id='word_1_701' title='bbox 935 4914 1021 4978; x_wconf 92' lang='lat' dir='ltr'><strong>euim</strong></span> <span class='ocrx_word' id='word_1_702' title='bbox 1044 4934 1079 4978; x_wconf 91' lang='lat' dir='ltr'><strong>se</strong></span> <span class='ocrx_word' id='word_1_703' title='bbox 1133 4914 1198 4977; x_wconf 90' lang='lat' dir='ltr'><strong>rint</strong></span> <span class='ocrx_word' id='word_1_704' title='bbox 1230 4915 1356 4996; x_wconf 91' lang='lat' dir='ltr'><strong>ipsum,</strong></span> <span class='ocrx_word' id='word_1_705' title='bbox 1395 4914 1670 4996; x_wconf 91' lang='lat' dir='ltr'><strong>quemadmodum</strong></span> <span class='ocrx_word' id='word_1_706' title='bbox 1710 4925 1786 4979; x_wconf 90' lang='lat' dir='ltr'><strong>ante</strong></span> <span class='ocrx_word' id='word_1_707' title='bbox 1819 4923 2018 4998; x_wconf 89' lang='lat' dir='ltr'><strong>conquestus</strong></span> <span class='ocrx_word' id='word_1_708' title='bbox 2048 4926 2108 4997; x_wconf 89' lang='lat' dir='ltr'><strong>est,</strong></span> 
     </span>
     <span class='ocr_line' id='line_1_54' title="bbox 108 4997 2109 5081; baseline 0.003 -21"><span class='ocrx_word' id='word_1_709' title='bbox 108 5017 175 5061; x_wconf 94' lang='lat' dir='ltr'><strong>uon</strong></span> <span class='ocrx_word' id='word_1_710' title='bbox 196 4997 297 5063; x_wconf 85' lang='lat' dir='ltr'><strong>fuisse</strong></span> <span class='ocrx_word' id='word_1_711' title='bbox 320 4997 474 5080; x_wconf 90' lang='lat' dir='ltr'><strong>adeptum</strong></span> <span class='ocrx_word' id='word_1_712' title='bbox 501 4998 585 5079; x_wconf 94' lang='lat' dir='ltr'><strong>quod</strong></span> <span class='ocrx_word' id='word_1_713' title='bbox 615 4999 761 5078; x_wconf 91' lang='lat' dir='ltr'><strong>volebat,</strong></span> <span class='ocrx_word' id='word_1_714' title='bbox 790 5018 909 5080; x_wconf 88' lang='lat' dir='ltr'><strong>nempe</strong></span> <span class='ocrx_word' id='word_1_715' title='bbox 938 5009 975 5063; x_wconf 89' lang='lat' dir='ltr'><strong>ut</strong></span> <span class='ocrx_word' id='word_1_716' title='bbox 1002 5000 1078 5063; x_wconf 92' lang='lat' dir='ltr'><strong>resi·</strong></span> <span class='ocrx_word' id='word_1_717' title='bbox 1132 5019 1235 5081; x_wconf 90' lang='lat' dir='ltr'><strong>quum</strong></span> <span class='ocrx_word' id='word_1_718' title='bbox 1264 5008 1376 5065; x_wconf 90' lang='lat' dir='ltr'><strong>tamen</strong></span> <span class='ocrx_word' id='word_1_719' title='bbox 1405 5008 1491 5064; x_wconf 91' lang='lat' dir='ltr'><strong>esset</strong></span> <span class='ocrx_word' id='word_1_720' title='bbox 1519 5000 1591 5064; x_wconf 87' lang='lat' dir='ltr'><strong>fons</strong></span> <span class='ocrx_word' id='word_1_721' title='bbox 1620 5020 1723 5081; x_wconf 88' lang='lat' dir='ltr'><strong>aquae</strong></span> <span class='ocrx_word' id='word_1_722' title='bbox 1754 5002 1864 5079; x_wconf 90' lang='lat' dir='ltr'><strong>vivae,</strong></span> <span class='ocrx_word' id='word_1_723' title='bbox 1898 5011 1931 5065; x_wconf 90' lang='lat' dir='ltr'><strong>et</strong></span> <span class='ocrx_word' id='word_1_724' title='bbox 1968 5000 2109 5068; x_wconf 79' lang='lat' dir='ltr'><strong>foderint</strong></span> 
     </span>
     <span class='ocr_line' id='line_1_55' title="bbox 108 5083 2108 5168; baseline 0.004 -23"><span class='ocrx_word' id='word_1_725' title='bbox 108 5083 284 5165; x_wconf 82' lang='lat' dir='ltr'><strong>piscarent:</strong></span> <span class='ocrx_word' id='word_1_726' title='bbox 319 5083 436 5149; x_wconf 86' lang='lat' dir='ltr'><strong>deiude</strong></span> <span class='ocrx_word' id='word_1_727' title='bbox 458 5104 523 5148; x_wconf 93' lang='lat' dir='ltr'><strong>non</strong></span> <span class='ocrx_word' id='word_1_728' title='bbox 546 5084 644 5149; x_wconf 84' lang='lat' dir='ltr'><strong>luisse</strong></span> <span class='ocrx_word' id='word_1_729' title='bbox 670 5093 797 5149; x_wconf 90' lang='lat' dir='ltr'><strong>tantum</strong></span> <span class='ocrx_word' id='word_1_730' title='bbox 826 5085 1024 5166; x_wconf 79' lang='lat' dir='ltr'><strong>praefractos</strong></span> <span class='ocrx_word' id='word_1_731' title='bbox 1047 5093 1080 5148; x_wconf 91' lang='lat' dir='ltr'><strong>et</strong></span> <span class='ocrx_word' id='word_1_732' title='bbox 1131 5084 1193 5149; x_wconf 91' lang='lat' dir='ltr'><strong>sibi</strong></span> <span class='ocrx_word' id='word_1_733' title='bbox 1215 5085 1372 5149; x_wconf 89' lang='lat' dir='ltr'><strong>cisternas</strong></span> <span class='ocrx_word' id='word_1_734' title='bbox 1395 5083 1584 5167; x_wconf 84' lang='lat' dir='ltr'><strong>perforatas.</strong></span> <span class='ocrx_word' id='word_1_735' title='bbox 1617 5085 1733 5168; x_wconf 87' lang='lat' dir='ltr'><strong>Itaque</strong></span> <span class='ocrx_word' id='word_1_736' title='bbox 1756 5085 1844 5164; x_wconf 90' lang='lat' dir='ltr'><strong>dicit,</strong></span> <span class='ocrx_word' id='word_1_737' title='bbox 1867 5085 1964 5152; x_wconf 91' lang='lat' dir='ltr'><strong>Unde</strong></span> <span class='ocrx_word' id='word_1_738' title='bbox 1985 5088 2108 5153; x_wconf 84' lang='lat' dir='ltr'><strong>iactum</strong></span> 
     </span>
     <span class='ocr_line' id='line_1_56' title="bbox 108 5166 2108 5257; baseline 0.005 -27"><span class='ocrx_word' id='word_1_739' title='bbox 108 5166 301 5247; x_wconf 88' lang='lat' dir='ltr'><strong>indomitos,</strong></span> <span class='ocrx_word' id='word_1_740' title='bbox 335 5168 391 5234; x_wconf 90' lang='lat' dir='ltr'><strong>sed</strong></span> <span class='ocrx_word' id='word_1_741' title='bbox 415 5169 512 5234; x_wconf 90' lang='lat' dir='ltr'><strong>etiam</strong></span> <span class='ocrx_word' id='word_1_742' title='bbox 535 5170 690 5236; x_wconf 88' lang='lat' dir='ltr'><strong>saeviisse</strong></span> <span class='ocrx_word' id='word_1_743' title='bbox 712 5170 746 5233; x_wconf 93' lang='lat' dir='ltr'><strong>in</strong></span> <span class='ocrx_word' id='word_1_744' title='bbox 776 5170 864 5251; x_wconf 91' lang='lat' dir='ltr'><strong>ipsos</strong></span> <span class='ocrx_word' id='word_1_745' title='bbox 892 5168 1077 5250; x_wconf 86' lang='lat' dir='ltr'><strong>prophetas,</strong></span> <span class='ocrx_word' id='word_1_746' title='bbox 1132 5182 1190 5248; x_wconf 88' lang='lat' dir='ltr'><strong>cst,</strong></span> <span class='ocrx_word' id='word_1_747' title='bbox 1214 5183 1251 5234; x_wconf 90' lang='lat' dir='ltr'><strong>ot</strong></span> <span class='ocrx_word' id='word_1_748' title='bbox 1273 5190 1291 5233; x_wconf 92' lang='lat' dir='ltr'><strong>a</strong></span> <span class='ocrx_word' id='word_1_749' title='bbox 1314 5190 1364 5234; x_wconf 91' lang='lat' dir='ltr'><strong>me</strong></span> <span class='ocrx_word' id='word_1_750' title='bbox 1387 5169 1624 5235; x_wconf 84' lang='lat' dir='ltr'><strong>discesseritis?</strong></span> <span class='ocrx_word' id='word_1_751' title='bbox 1650 5192 1691 5235; x_wconf 91' lang='lat' dir='ltr'><strong>au</strong></span> <span class='ocrx_word' id='word_1_752' title='bbox 1714 5171 1838 5237; x_wconf 90' lang='lat' dir='ltr'><strong>frustra</strong></span> <span class='ocrx_word' id='word_1_753' title='bbox 1860 5172 1953 5238; x_wconf 91' lang='lat' dir='ltr'><strong>vobis</strong></span> <span class='ocrx_word' id='word_1_754' title='bbox 1971 5174 2108 5257; x_wconf 91' lang='lat' dir='ltr'><strong>promisi</strong></span> 
     </span>
     <span class='ocr_line' id='line_1_57' title="bbox 109 5253 2110 5338; baseline 0.004 -21"><span class='ocrx_word' id='word_1_755' title='bbox 109 5262 141 5317; x_wconf 90' lang='lat' dir='ltr'><strong>et</strong></span> <span class='ocrx_word' id='word_1_756' title='bbox 162 5254 283 5318; x_wconf 89' lang='lat' dir='ltr'><strong>seimus</strong></span> <span class='ocrx_word' id='word_1_757' title='bbox 306 5254 540 5338; x_wconf 79' lang='lat' dir='ltr'><strong>lerosolymam</strong></span> <span class='ocrx_word' id='word_1_758' title='bbox 563 5255 664 5320; x_wconf 81' lang='lat' dir='ltr'><strong>luisse</strong></span> <span class='ocrx_word' id='word_1_759' title='bbox 687 5254 919 5334; x_wconf 86' lang='lat' dir='ltr'><strong>carnificinam,</strong></span> <span class='ocrx_word' id='word_1_760' title='bbox 950 5253 1006 5318; x_wconf 91' lang='lat' dir='ltr'><strong>ubi</strong></span> <span class='ocrx_word' id='word_1_761' title='bbox 1028 5254 1078 5318; x_wconf 93' lang='lat' dir='ltr'><strong>iu·</strong></span> <span class='ocrx_word' id='word_1_762' title='bbox 1133 5276 1187 5321; x_wconf 92' lang='lat' dir='ltr'><strong>me</strong></span> <span class='ocrx_word' id='word_1_763' title='bbox 1208 5256 1276 5319; x_wconf 87' lang='lat' dir='ltr'><strong>fore</strong></span> <span class='ocrx_word' id='word_1_764' title='bbox 1299 5255 1465 5320; x_wconf 90' lang='lat' dir='ltr'><strong>liberalem</strong></span> <span class='ocrx_word' id='word_1_765' title='bbox 1489 5263 1521 5321; x_wconf 92' lang='lat' dir='ltr'><strong>et</strong></span> <span class='ocrx_word' id='word_1_766' title='bbox 1543 5253 1748 5321; x_wconf 85' lang='lat' dir='ltr'><strong>beneficum?</strong></span> <span class='ocrx_word' id='word_1_767' title='bbox 1783 5277 1826 5322; x_wconf 90' lang='lat' dir='ltr'><strong>an</strong></span> <span class='ocrx_word' id='word_1_768' title='bbox 1849 5278 1907 5322; x_wconf 87' lang='lat' dir='ltr'><strong>vos</strong></span> <span class='ocrx_word' id='word_1_769' title='bbox 1930 5259 2110 5327; x_wconf 79' lang='lat' dir='ltr'><strong>frustratus</strong></span> 
     </span>
    </p>
   </div>
   <div class='ocr_carea' id='block_1_6' title="bbox 1850 5359 1901 5412">
    <p class='ocr_par' dir='ltr' id='par_1_7' title="bbox 1850 5359 1901 5412">
     <span class='ocr_line' id='line_1_58' title="bbox 1850 5359 1901 5412; baseline 0 0"><span class='ocrx_word' id='word_1_770' title='bbox 1850 5359 1901 5412; x_wconf 77' lang='lat'><strong>34*</strong></span> 
     </span>
    </p>
   </div>
   <div class='ocr_carea' id='block_1_7' title="bbox 0 0 2412 5970">
    <p class='ocr_par' dir='ltr' id='par_1_8' title="bbox 0 0 2412 5970">
     <span class='ocr_line' id='line_1_59' title="bbox 0 0 2412 5970; baseline 0 0"><span class='ocrx_word' id='word_1_771' title='bbox 0 0 2412 5970; x_wconf 95' lang='lat' dir='ltr'><strong> </strong></span> 
     </span>
    </p>
   </div>
  </div>
 </body>
</html>
