4784 5970
111 378 174 444 373
969 381 1119 448 CAPUT
1140 381 1235 448 LXI.
2037 389 2102 454 374

110 573 197 654 ipse:
228 569 349 633 Venite
371 568 410 632 ad
435 590 486 633 me
508 589 621 633 omnes
648 570 701 651 qui
725 569 877 633 laboratis
899 580 932 632 st
954 570 1079 634 onerati
1132 571 1220 646 aliis,
1256 568 1356 634 donec
1387 568 1542 633 adveniat
1571 573 1764 653 praecipuus
1795 573 1947 637 nuntius:
1981 595 2100 659 nempe

112 658 199 730 estis.
223 665 256 718 et
278 675 337 736 ego
361 654 504 719 reficiam
528 675 596 719 vos.
1131 655 1296 734 Christus,
1323 656 1378 737 qui
1401 678 1436 719 re
1460 657 1531 738 ipsa
1552 669 1697 738 praestet
1719 667 1815 740 atque
1838 660 1990 723 exhibeat
2012 662 2098 743 quod

197 743 226 806 2.
261 740 329 825 (Ad
349 738 601 825 publicandum.)
645 741 709 806 Hic
734 741 926 804 nominatim
951 752 1080 823 tempus
1131 752 1210 805 tunc
1233 739 1324 805 Deus
1347 742 1478 805 iubebat
1499 743 1534 804 in
1557 743 1701 806 futurum
1728 753 1857 826 tempus
1886 745 2098 829 promulgari.

112 827 348 910 impertiendae
378 833 442 888 tam
466 827 606 909 insignis
635 827 760 909 gratiae
789 838 1021 892 commemorat
1044 835 1081 890 ut
1131 827 1264 890 Interea
1295 827 1458 910 significat
1489 827 1611 891 luctum
1652 827 1883 910 impedimento
1920 852 1985 894 non
2021 833 2098 912 lore,

113 913 332 978 dubitationes
356 911 449 975 tollat
467 932 549 994 quae
567 912 645 975 oriri
665 923 823 995 poterant.
853 912 976 976 Multas
994 912 1079 976 enim
1132 913 1306 994 quominus
1345 912 1487 977 laetitiae
1527 916 1694 978 materiam
1733 925 1887 996 suggerat
1920 917 2010 981 Deus
2042 917 2097 982 ubi

113 999 266 1081 obrepere
289 1011 322 1060 et
344 999 501 1078 ancipites
523 1019 619 1062 curas
642 999 758 1079 quibus
781 999 870 1062 varie
893 997 1079 1062 distrahuu·
1132 999 1236 1063 visum
1261 999 1367 1062 luerit.
1412 999 1496 1062 Nam
1520 1000 1715 1063 constituere
1739 1001 1929 1064 tantundem
1953 1003 2039 1067 valet
2061 1024 2098 1068 ac

112 1097 168 1149 tur
186 1086 295 1161 animi,
319 1084 518 1165 experientia
540 1087 611 1164 ipsa
629 1082 770 1165 quotidie
793 1084 957 1148 discimus.
982 1083 1079 1147 Prae·
1103 1099 1106 1149 t
1131 1097 1259 1166 tempus
1291 1086 1482 1167 praefigere,
1514 1106 1554 1148 ne
1583 1105 1693 1149 morae
1722 1086 1827 1149 taedio
1860 1088 2097 1153 exanimentur.

112 1192 224 1236 conam
256 1191 331 1233 vero
360 1170 487 1233 futurae
520 1171 645 1252 gratiae
678 1191 712 1234 se
744 1190 814 1233 esse
847 1169 998 1246 affirmat,
1027 1170 1079 1233 cui
1131 1171 1260 1234 Rursus
1284 1168 1381 1232 dandi
1401 1171 1499 1233 verbo
1522 1170 1726 1234 commendat
1746 1171 1890 1235 vaticinii
1913 1173 2098 1253 efficaciam,

113 1271 240 1337 tempus
263 1254 454 1336 praescribit
476 1277 516 1319 ex
535 1254 597 1318 Dei
622 1254 834 1338 beneplacito.
875 1256 959 1318 Nam
983 1254 1079 1319 sicuti
1132 1262 1168 1319 ut
1190 1267 1278 1319 certo
1302 1256 1443 1334 persuasi
1467 1256 1533 1320 sint
1555 1254 1594 1319 de
1613 1266 1740 1320 eventu.
1775 1256 1904 1321 Alludit
1926 1269 2032 1323 autem
2057 1260 2097 1324 ad

113 1343 254 1426 gratuito
287 1343 395 1405 favore
428 1341 559 1403 iuturus
593 1351 662 1404 erat
694 1340 847 1405 ecclesiae
884 1339 1079 1421 redemptor,
1131 1351 1257 1405 veteres
1287 1342 1370 1405 ritus
1400 1340 1613 1419 Iudaeorum,
1648 1343 1702 1423 qui
1733 1363 1833 1423 quum
1868 1345 2098 1423 premebantur

112 1431 158 1492 ita
188 1427 304 1491 merito
337 1427 471 1490 in‘eius
505 1425 639 1489 arbitrio
672 1427 733 1490 fuit
766 1437 895 1507 tempus
927 1425 1077 1508 deligere.
1131 1427 1237 1508 aliqua
1271 1425 1378 1502 clade,
1417 1427 1579 1491 cineribus
1613 1429 1873 1511 conspargebant
1905 1431 2027 1511 capita,
2065 1439 2098 1495 et

112 1515 213 1579 Forte
243 1512 284 1575 ad
310 1511 486 1576 iubilaeum
516 1511 647 1594 alludit,
677 1512 733 1576 sed
762 1511 850 1576 haud
880 1510 977 1574 dubie
1006 1532 1078 1592 pro·
1131 1533 1258 1576 saccum
1282 1512 1471 1576 induebant.
1510 1511 1573 1576 His
1595 1512 1776 1594 squalorem
1799 1523 1832 1578 et
1855 1514 1975 1578 luctum
2000 1518 2098 1599 signi·

112 1601 243 1664 nuntiat
274 1596 527 1679 exspectandum
557 1618 628 1662 esse
657 1596 790 1680 placidis
813 1608 846 1661 et
868 1597 987 1679 quietis
1009 1598 1079 1659 ani·
1130 1600 1218 1672 fioat,
1253 1619 1334 1679 quac
1364 1600 1517 1662 miserum
1549 1599 1659 1680 populi
1689 1608 1809 1663 statum
1837 1602 2019 1665 necessario
2046 1624 2098 1666 se·

113 1687 192 1763 mis,
230 1684 332 1748 donee
365 1682 491 1764 placeat
524 1682 594 1746 Deo
628 1704 760 1747 manum
795 1704 887 1747 suam
920 1703 1079 1747 exserere.
1131 1693 1290 1765 quantur:
1327 1703 1428 1764 eaque
1461 1685 1595 1765 opponit
1627 1683 1743 1766 gaudio
1776 1694 1809 1748 ct
1842 1684 2000 1765 laetitiae,
2033 1707 2098 1768 qua

112 1771 212 1835 Hunc
247 1789 369 1833 annum
404 1769 527 1833 Paulus
565 1767 775 1849 plenitudinis
812 1780 938 1850 tempus
974 1777 1079 1842 vocat,
1131 1770 1281 1832 fruentur
1308 1790 1407 1850 quum
1430 1769 1462 1831 in
1488 1770 1668 1833 libertatem
1699 1770 1840 1834 restituti
1871 1782 1976 1836 erunt.
2021 1772 2097 1836 Non

113 1856 186 1921 Gal.
217 1856 238 1918 4
268 1854 312 1938 (v.
342 1852 375 1938 4)
408 1866 441 1917 et
473 1855 568 1917 Rom.
598 1855 658 1918 ult.
692 1853 737 1937 (v.
769 1853 832 1939 26).
887 1854 969 1918 Item
1004 1865 1079 1917 ante
1131 1855 1262 1919 videtur
1287 1867 1395 1919 autem
1424 1855 1504 1918 mibi
1537 1854 1772 1936 praetereunda
1799 1855 1913 1920 allusio
1942 1868 2096 1937 quaeest

113 1942 272 2006 vidimus:
306 1940 392 2006 Eece
421 1961 508 2004 nunc
538 1953 666 2022 tempus
695 1953 878 2022 acceptum,
910 1959 982 2003 ecce
1010 1939 1079 2003 dies
1131 1943 1164 2005 in
1193 1941 1324 2004 vocibus
1351 1953 1418 2006 itte
1446 1949 1479 2003 et
1505 1953 1588 2007 tort:
1623 1942 1829 2023 transpositis
1859 1943 1944 2005 euim
1975 1943 2095 2008 solum·

110 2027 245 2092 salutis:
289 2028 373 2107 quod
419 2026 541 2089 Paulus
585 2026 625 2089 ad
669 2046 760 2089 suam
805 2023 1078 2107 praedicationem
1132 2025 1226 2090 modo
1249 2025 1350 2090 literis
1372 2046 1425 2090 res
1447 2025 1685 2091 diversissimas
1706 2028 1898 2108 significare,
1919 2038 2014 2110 atque
2032 2030 2095 2093 ele·

110 2110 330 2177 accommodat
361 2112 404 2194 (2.
428 2110 502 2176 Cor.
526 2112 556 2188 6,
579 2111 621 2196 2).
674 2113 758 2176 Nam
789 2112 865 2175 dum
895 2132 954 2194 per
981 2132 1078 2174 avan·
1131 2113 1221 2197 ganti
1251 2112 1434 2176 inversione
1467 2122 1573 2175 status
1601 2113 1813 2175 mutationem
1844 2123 1956 2176 notare
1983 2115 2095 2180 voluit.

111 2198 232 2283 galium
256 2219 313 2261 uos
336 2196 509 2279 compellat
531 2196 700 2276 Dominus,
731 2198 845 2279 patefit
867 2197 1080 2278 nobiaianua
1217 2196 1369 2282 (Arbores
1400 2197 1563 2280 iustitiae.)
1621 2197 1684 2262 His
1716 2196 1824 2262 verbis
1858 2200 2095 2264 restitutionem

112 2285 206 2362 coeli,
237 2293 273 2347 ut
303 2283 368 2347 iam
392 2282 482 2346 velut
509 2282 542 2346 in
573 2284 805 2364 possessionem
835 2283 991 2346 bonorum
1015 2281 1079 2345 Dei
1131 2284 1242 2365 populi
1265 2280 1421 2364 designat,
1446 2304 1483 2347 ac
1505 2285 1531 2346 si
1555 2281 1684 2358 diceret,
1711 2304 1766 2347 eos
1789 2304 1888 2365 quum
1912 2284 2002 2365 prius
2024 2305 2095 2350 era·

112 2368 342 2451 ingrediamur.
387 2368 461 2432 Nou
485 2379 534 2431 est
556 2370 656 2451 igitur
678 2368 998 2450 procrastinandum:
1023 2366 1078 2431 sed
1132 2370 1227 2433 dicati
1251 2389 1288 2433 ac
1310 2368 1432 2432 similes
1454 2368 1544 2431 arido
1566 2378 1681 2432 trunco
1704 2382 1821 2447 esseut,
1850 2370 2043 2450 plantandos
2064 2383 2097 2436 et

112 2463 241 2535 tompus
264 2467 297 2518 et
315 2456 516 2519 occasionem
540 2476 657 2536 urgere
680 2454 843 2533 debemus,
866 2475 965 2536 quum
989 2463 1079 2516 tanta
1131 2454 1338 2520 stabiliendos
1361 2473 1440 2518 esse.
1479 2454 1545 2518 Eos
1566 2454 1667 2536 igitur
1689 2465 1818 2518 revocat
1839 2456 1879 2518 ad
1903 2457 2097 2538 contempla·

112 2541 205 2605 nobis
227 2540 384 2604 beneficia
405 2540 595 2604 offerantur.
631 2538 695 2604 Sed
719 2540 871 2604 videntur
893 2539 973 2603 baec
996 2541 1080 2601 inter
1132 2542 1252 2605 tionem
1271 2538 1398 2602 divinae
1413 2540 1555 2614 virtutis,
1574 2548 1610 2602 ut
1626 2542 1775 2620 quamvis
1793 2541 1897 2605 enecti
1916 2542 1983 2607 sint
2001 2555 2097 2623 atque

112 2649 147 2691 se
164 2628 340 2690 contraria:
361 2646 485 2706 nempe,
504 2625 573 2689 dies
590 2626 783 2708 beneplaciti
802 2635 833 2689 et
850 2625 917 2688 dies
936 2624 1079 2688 ultiouis.
1132 2626 1259 2701 mortui,
1284 2637 1391 2687 tamon
1415 2623 1580 2688 confident
1602 2645 1636 2688 se
1658 2626 1705 2688 ita
1727 2626 1955 2703 restituendos,
1985 2638 2022 2690 ut
2044 2649 2096 2690 ra-

113 2712 183 2777 Our
205 2727 271 2774 tam
296 2710 424 2773 diversa
453 2711 624 2773 coniunxit
645 2710 771 2776 Isaiae?
801 2711 879 2792 quia
901 2710 992 2772 Deus
1015 2729 1078 2772 non
1132 2710 1217 2776 dices
1235 2718 1345 2793 agant,
1368 2712 1519 2790 viresque
1536 2718 1570 2773 et
1588 2711 1786 2774 incramenta
1808 2713 1974 2793 accipiant.
2007 2713 2096 2778 Hinc

113 2806 217 2881 potest
241 2796 377 2859 liberare
399 2795 567 2860 ecclesiam
590 2817 696 2871 suam,
727 2796 807 2877 quin
830 2817 864 2860 se
886 2796 1008 2858 iustum
1030 2795 1079 2857 iu·
1131 2794 1313 2879 colligenda
1334 2804 1384 2859 est
1406 2795 1600 2858 universalis
1622 2797 1780 2860 doctrina:
1805 2819 1864 2860 nos
1885 2797 2008 2861 scilicet
2030 2820 2094 2862 uon

114 2884 218 2947 dicem
248 2880 412 2955 ostendat,
446 2892 543 2961 atquc
577 2880 732 2945 ultionem
762 2889 870 2945 sumat
899 2879 939 2943 de
960 2880 1079 2961 impiis.
1132 2881 1226 2946 aliter
1263 2881 1296 2944 in
1331 2881 1433 2944 vitam
1471 2881 1598 2945 restitui
1635 2902 1731 2962 quam
1768 2901 1867 2963 quum
1901 2903 1920 2946 a
1954 2882 2096 2948 Domino

114 2969 350 3048 Baaepzarttum
378 2987 455 3050 ergo
477 2965 517 3028 ad
540 2967 666 3045 electos,
696 2967 777 3032 diem
799 2965 935 3030 ultionis
957 2966 995 3028 ad
1020 2966 1079 3028 im·
1133 2968 1327 3049 plantamur.
1373 2966 1538 3030 Vocamur
1566 2966 1697 3048 quidem
1724 2968 1794 3031 eius
1822 2967 1989 3050 plantatio,
2021 2970 2097 3051 quia

113 3058 183 3140 pios
206 3056 319 3125 refert,
352 3053 406 3133 qui
436 3049 603 3116 ecelesiam
637 3053 789 3117 insectari
822 3073 886 3115 non
917 3051 1079 3130 desinunt,
1133 3074 1192 3117 nos
1220 3052 1319 3135 elegit
1349 3052 1389 3117 ab
1411 3052 1525 3115 initio:
1558 3050 1614 3116 sed
1645 3052 1708 3115 alia
1738 3073 1866 3136 quoque
1896 3056 2019 3136 species
2048 3067 2097 3119 est

112 3142 249 3221 ideoque
278 3160 398 3223 poenas
426 3139 514 3219 ipsos
543 3137 620 3201 dare
647 3139 680 3201 in
709 3138 898 3202 liberatione
927 3136 1080 3202 ecclesiae
1133 3138 1343 3221 plantationis
1373 3157 1456 3219 quae
1486 3139 1625 3221 priorem
1656 3138 1747 3201 illam
1777 3140 1937 3220 sequitur,
1971 3141 2096 3205 vocatio

114 3247 245 3291 necesse
267 3237 325 3290 est.
360 3223 464 3290 Sicuti
486 3223 582 3289 etiam
602 3223 726 3289 Paulus
747 3224 890 3305 loquitur
909 3222 952 3308 (2.
966 3224 1078 3287 Thess.
1132 3225 1263 3299 scilicet,
1287 3243 1351 3304 qua
1371 3224 1547 3287 inserimur
1569 3242 1629 3305 per
1650 3223 1746 3288 fidem
1770 3224 1803 3286 in
1824 3225 1948 3289 Obristi
1970 3245 2096 3308 eorpus.

116 3315 143 3385 1,
166 3311 216 3395 6),
251 3313 372 3374 iustum
403 3330 473 3373 esse
502 3330 610 3373 coram
635 3308 706 3373 Deo
736 3309 971 3373 relaxationem
1002 3308 1079 3371 dare
1130 3310 1204 3375 Hoc
1226 3309 1396 3373 hominum
1423 3329 1521 3390 opera
1543 3313 1577 3372 et
1599 3309 1778 3373 ministerio
1808 3309 1968 3392 evangelii
1998 3313 2097 3376 elficit

113 3398 253 3474 afflictis,
283 3395 460 3478 rependere
483 3414 560 3458 vero
582 3395 763 3458 mercedem
787 3396 911 3477 piorum
935 3394 1080 3459 hostibus
1131 3397 1309 3460 Dominus:
1332 3392 1387 3459 sed
1406 3402 1510 3457 totum
1533 3394 1580 3458 illi
1604 3394 1810 3458 tribuendum
1833 3406 1891 3470 est,
1914 3397 1990 3476 quia
2008 3396 2096 3462 solus

113 3486 168 3566 qui
191 3484 310 3547 iniuste
334 3503 388 3545 eos
410 3480 571 3562 affligunt.
617 3481 685 3545 Nec
707 3500 786 3544 vero
815 3500 946 3562 sperare
978 3480 1080 3543 malo·
1132 3491 1182 3545 est
1211 3481 1268 3564 qui
1298 3479 1354 3544 dat
1382 3481 1630 3545 incrementum.
1675 3480 1760 3543 Nam
1794 3500 1938 3563 anagoge
1970 3501 2098 3563 semper

113 3590 188 3633 rum
222 3568 345 3632 exitum
379 3577 529 3649 poterant
559 3566 670 3630 Iudaei
703 3567 764 3629 nisi
799 3565 978 3648 profligatis
1012 3565 1081 3629 suis
1132 3565 1274 3631 tenenda
1302 3576 1352 3630 est
1381 3585 1401 3629 a
1430 3566 1535 3648 prima
1564 3565 1753 3628 liberatione
1783 3565 1822 3628 ad
1852 3564 2019 3647 spirituale
2047 3588 2097 3630 re·

114 3654 270 3718 hostibus.
306 3654 436 3716 Interea
459 3651 600 3716 notanda
622 3659 672 3716 est
693 3671 791 3717 causa
814 3661 942 3714 nostrae
966 3652 1080 3714 libera-
1133 3673 1234 3735 gnum
1264 3651 1397 3715 Christi.
1450 3652 1590 3714 Arbores
1623 3651 1768 3714 iustitiae
1798 3664 1892 3715 vocat
1920 3651 1954 3713 in
1983 3652 2097 3732 quibus

115 3741 228 3803 tionis:
251 3740 311 3803 soli
334 3739 419 3800 enim
444 3736 693 3814 misericordiae,
717 3758 782 3799 non
805 3737 929 3800 meritis
951 3737 1081 3813 nostris,
1133 3739 1256 3801 relucet
1279 3736 1340 3800 Dei
1362 3735 1487 3799 iustitia
1509 3736 1560 3798 vel
1583 3735 1743 3800 rectitudo
1770 3734 1900 3799 ordinis.
1947 3735 2098 3801 Sciamus

116 3826 266 3906 dignitati
307 3834 363 3887 aut
399 3822 579 3886 industriae
619 3821 790 3886 tribuenda
810 3833 884 3886 est.
942 3820 1082 3885 Videtur
1133 3834 1240 3886 tamen
1271 3840 1331 3884 nos
1360 3821 1420 3884 bae
1450 3821 1521 3904 lege
1551 3821 1693 3903 cooptari
1717 3843 1736 3884 a
1759 3821 1899 3885 Domino
1929 3832 1967 3885 ut
1994 3841 2097 3887 novae

116 3910 260 3992 quidem,
289 3920 325 3973 ut
348 3928 451 3990 nuper
474 3908 582 3990 attigi,
613 3907 758 3971 alludere
788 3907 829 3971 ad
852 3927 975 3972 anuum
998 3907 1081 3971 iubi·
1133 3918 1300 3973 creaturae
1330 3907 1519 3980 efficiamur,
1548 3924 1689 3988 veraque
1715 3907 1750 3970 in
1774 3908 1865 3971 nobis
1893 3908 2018 3971 iustitia
2048 3929 2098 3973 re·

116 3996 187 4073 laei,
211 3994 267 4060 sed
290 3994 351 4057 hoc
374 3993 547 4075 praecipue
570 3993 819 4072 observandum,
848 3994 985 4058 salutem
1008 4013 1081 4055 nos·
1133 4004 1221 4076 gnet.
1252 3992 1362 4074 Atque
1386 3992 1462 4055 bino
1483 3992 1639 4073 sequitur,
1664 4013 1722 4056 nos
1740 4012 1857 4074 pravos
1877 4014 1913 4058 ao
1931 4005 2100 4077 corruptos

117 4096 200 4145 tram
230 4082 266 4145 in
296 4081 439 4163 gratuita
461 4078 595 4142 Domini
624 4078 790 4144 voluntate
823 4079 955 4142 omnino
985 4081 1080 4141 sitam
1134 4100 1205 4143 esse
1239 4088 1372 4154 natura,
1412 4096 1517 4158 neque
1550 4078 1644 4141 aliter
1676 4079 1816 4142 fructum
1856 4079 1971 4142 afferre
2009 4101 2101 4160 posse

117 4189 197 4231 esse.
231 4166 285 4232 Ad
306 4164 539 4231 consolandam.
574 4164 801 4245 Repetendum
824 4166 981 4229 memoria
998 4161 1082 4245 quod
1135 4184 1230 4246 quam
1254 4165 1279 4227 si
1300 4183 1359 4226 nos
1382 4163 1519 4226 mutarit
1538 4163 1698 4227 Dominus
1721 4185 1757 4227 ac
1775 4164 1982 4244 plantaverit.
2012 4165 2101 4230 Hine

117 4254 208 4334 prius
237 4252 418 4335 attigimus,
448 4250 546 4313 finem
570 4251 728 4331 evangelii
758 4271 828 4316 esse
848 4260 885 4314 ut
906 4250 1083 4331 eripiamur
1135 4250 1271 4313 diluitur
1293 4269 1379 4312 vana
1401 4256 1433 4312 et
1450 4268 1607 4330 arrogans
1629 4249 1793 4330 persuasio
1815 4250 2023 4330 papistarum,
2046 4253 2101 4332 qui

118 4359 135 4399 e
169 4338 262 4401 malis
295 4335 461 4412 omuibus,
493 4346 594 4417 atque
627 4335 661 4397 in
696 4338 866 4417 pristinam
900 4336 1082 4398 libertatem
1135 4336 1185 4400 vel
1224 4335 1487 4417 praeparationes
1525 4334 1577 4397 vel
1613 4333 1704 4399 liberi
1741 4335 1866 4398 arbitrii
1903 4333 2102 4400 adminicula

118 4425 260 4487 restituti
284 4424 427 4487 absterso
445 4441 591 4484 moerore
610 4420 757 4484 fruamur
774 4421 936 4503 spirituali
954 4421 1082 4505 gaudio.
1135 4421 1298 4503 quaelibet
1329 4419 1482 4503 fingendo
1515 4431 1674 4500 usurpant
1706 4419 1792 4501 quod
1823 4419 1922 4483 solius
1950 4421 2011 4484 Dei
2041 4431 2099 4485 est.

119 4507 215 4588 Quod
238 4509 266 4572 si
289 4509 372 4572 tanti
396 4507 540 4572 beneficii
562 4506 735 4588 participes
758 4528 823 4570 non
847 4508 959 4584 simus,
981 4507 1083 4571 incre·
1135 4507 1220 4571 Nam
1244 4506 1271 4571 ei
1294 4506 1482 4587 plantamur
1505 4525 1524 4568 a
1546 4505 1696 4584 Domino,
1725 4505 1878 4586 sequitur,
1902 4514 2019 4569 natura
2043 4527 2101 4571 nos

119 4594 248 4658 dulitati
283 4605 414 4658 nostrae
445 4604 477 4655 et
507 4590 734 4674 ingratitudini
769 4591 995 4673 imputandum
1025 4597 1083 4666 eat,
1136 4593 1243 4657 aridos
1266 4600 1298 4656 et
1321 4592 1537 4655 infructuosos
1559 4611 1637 4654 esse.
1677 4590 1730 4656 Ad
1749 4591 1999 4673 plorabundam.
2037 4591 2101 4658 Hie

118 4700 181 4763 qua
204 4681 312 4744 Deum
342 4677 433 4742 nohis
463 4691 579 4760 sponte
602 4698 637 4742 se
658 4678 846 4741 offerentem
877 4699 1024 4742 arcemus
1048 4699 1085 4742 ac
1136 4679 1211 4743 linis
1240 4689 1290 4742 est
1319 4688 1447 4741 nostrae
1476 4676 1696 4759 plantationis.
1740 4675 1807 4742 Sed
1831 4677 1869 4740 de
1892 4677 1930 4738 iis
1952 4677 2016 4739 iam
2047 4698 2101 4740 su-

117 4767 290 4830 reiieimus.
1136 4765 1263 4847 periore
1284 4763 1389 4844 capite
1411 4762 1530 4825 dictum
1555 4770 1614 4842 est,
1638 4784 1732 4827 versu
1756 4763 1913 4845 vigesimo
1937 4765 2050 4844 primo.

204 4852 234 4915 3.
264 4849 333 4934 (Ad
353 4847 618 4933 corrodituendum.)
662 4849 774 4930 Pergit
796 4848 831 4911 in
853 4849 964 4913 eodem
987 4870 1084 4933 argu·
1221 4850 1251 4912 4.
1278 4848 1337 4931 (Et
1357 4846 1586 4929 aedificabunt.)
1629 4848 1816 4930 amplificat
1838 4848 1923 4911 illam
1947 4847 2101 4912 ecclesiae

118 4950 237 5001 mento.
284 4934 455 5016 Significat
488 4935 574 4997 enim
606 4934 703 4998 talem
735 4934 803 4997 iore
834 4955 969 5015 poenam
1003 4956 1085 5016 quae
1135 4935 1416 4998 instaurationem:
1440 4944 1538 5015 atque
1559 4935 1592 4995 in
1614 4931 1647 4996 id
1669 4934 1869 5014 potissimum
1893 4932 2042 5008 intendit,
2065 4939 2102 4997 ut

119 5024 239 5107 populo
269 5019 447 5102 infligenda
477 5032 563 5099 erat,
594 5030 631 5083 ut
651 5031 760 5083 tamen
785 5021 899 5084 veniae
921 5022 964 5085 sit
986 5021 1084 5086 locus.
1137 5019 1247 5084 Iudaei
1270 5025 1392 5084 certam
1417 5018 1647 5099 redemptionis
1670 5040 1760 5101 spem
1782 5020 1890 5082 animo
1909 5018 2101 5100 concipiant,

118 5109 164 5172 Et
186 5129 249 5189 quc
273 5106 389 5170 melius
418 5107 479 5170 hoc
509 5106 717 5187 persuadeat,
749 5106 833 5169 banc
862 5105 922 5170 sibi
952 5107 1084 5188 provin·
1137 5106 1289 5186 quoniam
1324 5105 1402 5168 baec
1436 5106 1595 5187 promissa
1632 5103 1832 5168 incredibilia
1868 5125 1938 5167 esee
1970 5106 2102 5169 omnino

119 5196 202 5259 eiam
237 5215 255 5257 a
289 5191 430 5256 Domino
463 5192 665 5256 coniunctam
701 5212 771 5255 esse
805 5190 897 5266 dicit,
932 5201 968 5256 ut
1001 5193 1086 5256 hanc
1137 5191 1342 5254 videbantur.
1387 5192 1495 5272 Atque
1526 5190 1605 5254 baec
1632 5211 1729 5254 causa
1755 5201 1804 5253 est
1832 5208 1890 5253 our
1912 5191 2102 5254 beneficium

120 5279 344 5345 liberationem
374 5278 517 5341 nuntiet:
551 5298 610 5341 nec
640 5277 701 5342 sibi
732 5285 868 5354 tantum,
901 5276 957 5342 sed
987 5280 1085 5342 etiam
1137 5274 1220 5340 illud
1249 5274 1483 5359 redemptionis
1512 5276 1631 5357 amplis
1653 5289 1685 5338 et
1707 5277 1887 5358 magnificis
1910 5276 2017 5340 verbis
2045 5297 2102 5340 ex·

1847 5376 1897 5430 24·
