4784 5970
200 388 264 454 485
943 381 992 448 IN
1018 383 1267 449 IDRllhIIAIlI.
1308 383 1407 450 cAP.
1430 382 1457 449 I.
2137 383 2202 449 486

200 583 337 659 usurpat
359 574 495 639 verbnm
518 572 683 657 eipilamli,
714 578 770 636 aut
792 569 978 647 festinandi,
1009 577 1046 633 ut
1068 577 1172 635 osten·
1227 579 1326 635 tatem
1352 572 1444 655 regni
1467 579 1500 636 et
1529 570 1711 636 sacerdotii.
1755 571 1827 637 Hoc
1858 572 1949 653 prins
1972 569 2202 637 denuntiatum

201 661 257 726 dat
279 681 313 727 se
335 670 422 725 stare
444 667 607 741 paratum,
632 669 670 722 nt
692 657 834 740 proferat
849 658 1000 722 effectum
1017 657 1174 722 sermonis
1226 658 1331 721 fuerat
1355 668 1420 722 tam
1443 656 1483 722 ab
1506 656 1601 735 Isain,
1631 678 1728 739 quam
1759 657 1798 722 ab
1828 656 1901 721 aliis
1931 656 2112 740 prophetis:
2144 657 2201 722 sed

201 748 252 813 sui
275 758 419 828 tempore
449 755 640 828 opportuno.
686 743 759 809 Hoc
787 743 917 825 quidem
947 762 1012 806 non
1044 761 1173 823 sempor
1226 751 1432 825 contemptae
1454 742 1585 807 lucrant
1607 761 1718 806 omnes
1746 743 1862 807 minae.
1909 741 1994 807 Nam
2017 744 2092 807 vivo
2114 742 2203 808 Isaia

202 833 294 898 nobis
317 841 461 914 apparet,
491 831 563 894 ideo
586 829 705 895 dicitur
731 827 818 910 apud
842 827 975 892 Abacuc
997 825 1039 911 (2,
1063 827 1105 912 3),
1136 825 1173 892 Si
1226 847 1284 891 rex
1308 829 1488 912 Babylonis
1511 829 1692 894 embiverat
1715 827 1889 892 amicitiam
1913 828 2000 911 regis
2024 828 2201 893 Ezechiae:

201 938 327 983 moram
350 917 463 982 lecerit
486 914 669 998 prophetia,
697 922 850 996 exspeota
871 912 981 992 illam,
1009 913 1173 995 quianon
1227 922 1260 976 et
1289 913 1450 995 putabant
1478 913 1590 978 Iudaei
1626 911 1686 977 sihi
1715 923 1895 996 opportune
1926 912 2026 979 inisse
2056 913 2201 978 oblatum

202 1001 360 1080 tardabit,
401 1002 458 1066 sed
492 1002 626 1066 veniens
668 1001 786 1064 veniet.
843 998 937 1063 Iubet
971 1019 1048 1081 ergo
1082 997 1173 1063 Dens
1227 997 1308 1063 illud
1332 999 1529 1081 praesidium
1557 1008 1670 1063 contra
1692 999 1855 1082 Assyrios.
1901 997 1967 1064 Sed
1990 1018 2057 1062 non
2079 1018 2200 1080 expen-

201 1088 320 1171 quiotis
343 1088 461 1153 animis
491 1094 681 1168 exspectare
711 1086 862 1150 effectum
893 1082 985 1147 verbi
1015 1083 1082 1147 sui:
1116 1082 1172 1148 sed
1227 1083 1349 1148 debant
1370 1085 1432 1149 Dei
1455 1106 1554 1148 mann
1579 1085 1646 1167 regi
1674 1082 1770 1148 corda
1793 1084 1975 1163 hominum,
2003 1095 2035 1148 at
2057 1085 2142 1150 fleoti
2166 1084 2200 1148 in

200 1183 311 1256 postea
335 1172 425 1238 addit
449 1192 507 1255 per
530 1171 662 1236 modum
685 1170 911 1245 correctionis,
943 1169 1087 1232 Veniens
1119 1189 1173 1232 vo·
1227 1189 1340 1234 omnes
1368 1178 1495 1251 partes:
1528 1189 1635 1252 neque
1668 1169 1765 1233 etiam
1796 1168 1991 1252 reputabant
2020 1190 2055 1233 se
2086 1170 2150 1234 ianr
2181 1189 2201 1233 a

201 1260 276 1335 niet,
301 1258 363 1322 hoo
385 1270 444 1336 est,
466 1257 615 1332 efficiam,
638 1267 670 1322 et
693 1256 862 1338 praestabo
881 1255 1001 1335 reipsa
1017 1253 1173 1335 quidquid
1227 1255 1339 1318 multis
1358 1257 1454 1320 annis
1476 1275 1669 1339 provocasse
1685 1254 1746 1318 Dei
1766 1255 1955 1330 vindictam,
1978 1267 2011 1320 et
2028 1254 2119 1319 illum
2139 1252 2200 1319 sibi

200 1343 377 1427 prophetae
399 1345 462 1407 mei
485 1364 527 1408 ex
550 1341 704 1406 mandato
727 1361 800 1406 meo
823 1340 948 1423 loquuti
967 1340 1104 1403 luerint:
1128 1340 1174 1402 ita
1227 1360 1297 1404 esse
1319 1340 1457 1406 hostem.
1503 1339 1614 1420 Quum
1641 1360 1718 1424 ergo
1747 1341 1795 1404 ita
1816 1348 2019 1423 contemptae
2047 1350 2080 1404 et
2109 1341 2201 1422 quasi

202 1429 293 1494 nulla
316 1430 380 1493 erit
401 1449 501 1506 more,
531 1428 608 1510 quia
629 1427 752 1493 scilieet
773 1426 1000 1509 opportunitas
1022 1446 1065 1489 ex
1087 1424 1172 1489 arbi·
1225 1425 1365 1489 ludibrio
1381 1425 1511 1491 habitae
1526 1425 1663 1491 luissent
1677 1446 1790 1491 omnes
1806 1427 1923 1505 minae,
1939 1446 2026 1490 nuno
2045 1425 2201 1489 Ieremias

201 1515 265 1579 trio
300 1513 363 1578 Dei
396 1513 530 1597 pendet,
573 1525 604 1577 et
646 1533 711 1578 non
753 1532 794 1577 ex
836 1512 1005 1576 hominum
1045 1509 1172 1575 indicio.
1226 1510 1333 1593 prodit
1354 1512 1389 1575 in
1412 1510 1565 1588 modium,
1589 1521 1623 1575 et
1641 1511 1716 1576 dicit
1736 1519 1891 1576 venturos
1913 1531 1984 1576 esse
2006 1512 2200 1592 septentrio·

200 1601 320 1665 Postea
342 1601 506 1682 sequitur:
540 1598 596 1664 sed
627 1599 703 1679 quia
733 1607 827 1664 sonat
857 1597 1076 1681 horologium,
1108 1617 1172 1660 non
1227 1596 1317 1661 nales
1347 1597 1492 1680 populos,
1527 1617 1643 1678 nempe
1679 1606 1746 1660 tam
1778 1596 1941 1681 Assyrios,
1972 1615 2068 1679 qnam
2099 1596 2200 1661 ohol-

200 1706 328 1767 possum
353 1686 490 1750 ulterius
514 1685 675 1767 progredi.
1226 1680 1331 1747 daeos.
1378 1682 1461 1746 Nam
1485 1684 1605 1747 seimus
1636 1682 1856 1747 monarchiam
1887 1703 1984 1746 unam
2015 1682 2114 1747 luisse
2143 1682 2199 1746 ab·

1226 1777 1369 1850 sorptam
1401 1768 1440 1831 ab
1471 1768 1582 1833 altera.
1629 1766 1786 1833 Chaldaei
1814 1769 1902 1831 enim
1932 1766 2092 1831 dominati
2122 1778 2201 1832 sunt

559 1875 813 1936 pgch'plo,
1227 1854 1382 1938 Assyriis,
1406 1861 1501 1935 atque
1528 1854 1575 1916 ita
1605 1854 1723 1918 foetum
1756 1864 1814 1929 est,
1842 1864 1878 1918 ut
1908 1862 2013 1917 totum
2044 1854 2110 1918 lere
2139 1853 2200 1917 im·

1226 1940 1351 2022 perium
1375 1938 1541 2014 orientale,
1566 1939 1709 2021 exeeptis
1732 1940 1842 2003 Persis
1861 1950 1894 2003 ot
1911 1939 2026 2015 Medis,
2050 1940 2089 2003 ad
2113 1939 2200 2021 ipsos

284 2025 349 2104 Da,
380 2026 569 2106 entrripotens
597 2024 695 2105 Deus,
724 2024 849 2107 quaestio
876 2023 1023 2106 dioensis
1049 2023 1173 2088 corrrier
1226 2026 1401 2089 transierit.
1453 2025 1616 2106 Respecto
1648 2033 1756 2088 autem
1787 2024 1928 2089 Iudaeae
1956 2035 2050 2089 erant
2078 2025 2200 2107 aquilo·

198 2132 254 2178 nos
275 2112 318 2176 ad
338 2117 366 2175 te
387 2111 529 2184 inuuere,
553 2114 580 2175 et
599 2130 767 2175 serreoeem
788 2115 876 2173 tunm
897 2110 932 2172 in
954 2107 1084 2175 salutem
1105 2129 1173 2174 ees-
1228 2132 1332 2176 nares.
1377 2110 1455 2175 Ideo
1478 2109 1638 2194 propheta
1660 2109 1738 2175 dicit
1764 2132 1800 2176 se
1823 2109 1944 2175 vidisse
1966 2110 2061 2175 ellam
2081 2111 2200 2192 feruen-

198 2204 280 2262 tram
301 2216 468 2274 emesenae,
490 2200 525 2259 et
547 2195 603 2259 tibi
625 2194 749 2261 libenter
770 2200 853 2260 etee
868 2195 972 2259 auimo
989 2213 1172 2274 pareamus,
1226 2201 1295 2261 teer.
1330 2195 1427 2261 Multi
1444 2216 1502 2278 per
1521 2196 1618 2260 ollam
1641 2195 1831 2278 intelligunt
1850 2216 1959 2279 regem
1980 2194 2199 2280 babylonium.

198 2288 226 2349 et
251 2285 297 2346 ito
325 2283 426 2346 simus
454 2281 609 2364 remiperi,
642 2302 680 2344 ne
708 2282 793 2346 redut
820 2281 909 2345 nobis
936 2281 971 2344 ie
1003 2280 1172 2361 interitum,
1227 2280 1291 2347 Sed
1316 2281 1468 2345 videntur
1491 2282 1576 2345 male
1595 2281 1740 2364 accipere
1760 2283 1846 2363 quod
1871 2280 2029 2363 propheta
2048 2281 2142 2345 dicit:
2167 2292 2201 2346 et

198 2369 279 2449 quart
296 2368 330 2432 in
347 2368 477 2433 salutem
494 2372 632 2432 naseam
649 2367 877 2432 destinaveras:
899 2367 953 2431 sed
970 2384 1074 2430 semen
1091 2366 1173 2430 illud
1225 2388 1352 2450 possem
1376 2367 1525 2431 retollere
1547 2387 1657 2432 eorum
1687 2367 2001 2449 interpretationem,
2032 2367 2095 2431 nisi
2126 2386 2201 2430 con·

195 2452 434 2534 incorruptibile,
453 2473 512 2534 que
529 2472 585 2518 ees
602 2453 812 2534 reponeretis
827 2471 913 2531 spem
929 2453 1011 2515 vitae
1028 2450 1171 2530 coelestis,
1226 2463 1337 2517 tentus
1359 2473 1463 2517 essem
1486 2452 1627 2535 simplici
1650 2453 1798 2527 veritate,
1827 2472 1909 2534 quae
1931 2450 2048 2516 deinde
2069 2453 2102 2516 in
2126 2472 2200 2535 pro·

195 2540 241 2603 ite
263 2544 337 2621 apat
358 2540 393 2602 in
414 2538 558 2602 cordibus
579 2540 694 2602 nostris
715 2538 846 2614 radices,
872 2541 898 2601 et
918 2538 1056 2617 [ructum
1078 2557 1173 2601 suum
1226 2559 1340 2622 gressu
1364 2537 1480 2601 melius
1500 2538 1631 2618 patebit.
1667 2538 1757 2620 Ergo
1775 2537 1837 2602 olla
1852 2538 1975 2619 servem
1994 2541 2045 2602 eet
2062 2539 2200 2620 populus

190 2625 344 2706 proferet,
359 2629 393 2688 et
410 2643 518 2687 noreen
535 2629 624 2686 tuum
637 2621 839 2705 plorifieetur:
861 2623 907 2685 sie
919 2622 1056 2702 meritati
1073 2624 1173 2687 simus
1226 2625 1294 2706 ipse
1316 2624 1475 2700 iudaicus,
1502 2622 1773 2704 quemadmodum
1797 2643 1854 2687 suo
1878 2622 1947 2687 loce
1970 2623 2088 2687 clarius
2112 2621 2200 2688 vide·

195 2711 231 2773 in
254 2711 346 2774 atriis
363 2710 473 2774 demus
490 2714 569 2781 tuae,
589 2713 623 2770 ut
640 2709 817 2788 floreamus,
839 2707 1003 2788 etfruotus
1023 2714 1176 2788 appareat
1226 2709 1323 2773 bitur.
1373 2708 1487 2789 Neque
1515 2709 1602 2773 enim
1628 2707 1702 2773 volo
1733 2726 1819 2772 nuno
1849 2708 1883 2771 in
1914 2728 2015 2771 unum
2045 2728 2200 2773 acervum

195 2801 255 2860 toto
277 2796 359 2859 uitae
380 2798 504 2858 reostrae
526 2813 630 2871 eursu,
659 2793 752 2858 donee
773 2793 894 2857 tandem
913 2794 1063 2873 fruamur
1085 2793 1175 2858 beata
1226 2795 1336 2858 omnia
1365 2794 1525 2877 colligere.
1573 2793 1638 2860 Sed
1668 2793 1785 2859 dicitur
1815 2793 1956 2875 populus
1986 2813 2056 2857 osse
2085 2793 2202 2860 similis

196 2881 254 2946 illa
272 2881 346 2958 vita,
365 2900 444 2960 quae
460 2879 548 2943 rrobis
567 2879 602 2942 ie
620 2877 698 2943 eaelo
714 2879 849 2959 reposita
867 2882 920 2955 est,
936 2897 998 2958 per
1015 2875 1174 2943 Christum
1226 2880 1304 2945 ollae
1322 2880 1463 2960 ferventi,
1486 2879 1562 2961 quia
1584 2878 1747 2943 Dominus
1777 2880 1865 2944 coxit
1887 2881 1985 2959 ipsos,
2016 2877 2118 2944 donee
2149 2901 2200 2944 re·

198 2965 358 3030 ‹iorninem
379 2968 530 3044 nostrum,
550 2963 661 3029 Amen.
1227 2965 1312 3030 danti
1336 2964 1402 3029 lere
1431 2973 1538 3029 esseut
1567 2965 1601 3028 in
1632 2964 1782 3029 nihilum.
1828 2962 1958 3028 Dicitur
1986 2972 2095 3027 autem
2119 2984 2202 3045 pars

1227 3049 1307 3115 ellae
1333 3055 1468 3130 spectare
1496 3069 1607 3115 uersus
1634 3051 1882 3132 septentrionem,
1915 3050 2067 3132 quoniam
2098 3048 2201 3131 illino,

284 3135 334 3199 13.
358 3136 402 3200 Et
417 3136 481 3217 suit
499 3154 601 3200 sermo
620 3133 751 3199 Ieboaae
765 3134 808 3199 ael
824 3154 872 3199 me
889 3135 1020 3200 seeundo
1037 3133 1173 3212 dicendo,
1227 3135 1323 3200 sicuti
1345 3136 1499 3201 oontinne
1520 3144 1591 3218 post
1608 3136 1746 3219 exponit
1763 3135 1929 3217 Ieremias,
1953 3155 2108 3199 accensus
2130 3146 2202 3199 erat

197 3221 274 3303 quid
296 3226 329 3284 tu
351 3221 464 3285 nieles?
509 3221 553 3284 Et
579 3221 659 3297 diei,
687 3218 789 3285 Oltam
808 3221 974 3300 ferventem
1003 3239 1056 3303 cpe
1077 3220 1173 3297 uideo,
1228 3221 1322 3304 ignis.
1367 3221 1411 3285 Et
1433 3229 1508 3302 apte
1530 3222 1684 3285 convenit
1710 3220 1899 3287 similitudo.
1944 3220 2028 3284 Nam
2059 3220 2113 3285 ubi
2143 3242 2201 3303 ap-

196 3306 294 3387 faeies
316 3308 385 3370 eius
407 3328 428 3371 a
446 3307 529 3388 facie
551 3305 719 3387 aquilonis.
1226 3307 1358 3388 ponitur
1375 3305 1439 3370 ella
1457 3305 1497 3370 ad
1518 3307 1638 3389 ignem,
1661 3307 1768 3371 fervet
1786 3304 1826 3370 ah
1845 3327 1882 3371 ea
1902 3316 2004 3387 parte,
2026 3325 2109 3387 quae
2130 3305 2200 3388 igni

285 3391 334 3455 14.
356 3391 400 3456 Et
414 3391 496 3456 dixit
511 3390 646 3456 Iebeaali
661 3390 703 3456 ael
716 3411 772 3467 me,
789 3391 840 3455 Ab
855 3390 999 3474 aquilone
1016 3390 1175 3471 epuletur
1226 3392 1376 3474 proxima
1395 3401 1453 3472 est,
1476 3398 1509 3456 et
1529 3392 1637 3457 bullae
1656 3411 1770 3455 omnes
1789 3401 1960 3456 transeunt
1983 3391 2014 3452 in
2036 3390 2201 3455 diversam

198 3475 266 3560 (alii
278 3485 415 3540 vertunt
430 3476 600 3559 pandetur,
613 3476 668 3539 alii
685 3476 844 3540 solvetur:
865 3484 1013 3558 erumpet
1031 3473 1174 3560 proprie)
1226 3485 1361 3559 partem.
1407 3475 1495 3541 Dicit
1525 3496 1603 3559 ergo
1631 3476 1724 3541 ollam
1754 3476 1906 3552 ebullisse,
1935 3473 1989 3539 sed
2021 3475 2075 3550 ita,
2105 3480 2140 3538 ut
2168 3494 2201 3540 os

197 3562 317 3628 malum
340 3583 435 3644 super
457 3568 578 3630 cunctos
600 3558 787 3641 liebitotores
808 3566 916 3625 errae.
1226 3563 1293 3625 eius
1315 3566 1393 3625 esset
1414 3582 1433 3625 a
1451 3567 1544 3642 parte
1560 3561 1802 3644 septentrional-i,
1826 3580 1941 3642 nempe
1960 3561 2112 3642 quoniam
2135 3559 2202 3625 illio

1226 3657 1296 3710 erat
1328 3646 1422 3729 ignis,
1457 3655 1490 3709 et
1522 3646 1589 3712 illio
1623 3655 1718 3711 erant
1747 3644 1884 3710 flabella.
1931 3645 2082 3726 Denique
2111 3645 2201 3711 Deus

285 3733 354 3795 Iam
380 3732 494 3814 incipit
512 3732 669 3795 Ieremias
692 3751 873 3795 sermonem
894 3729 1035 3813 dirigere
1056 3728 1096 3793 ad
1120 3751 1173 3812 po·
1227 3730 1403 3813 prophetae
1436 3751 1494 3796 suo
1529 3731 1633 3796 voluit
1667 3730 1838 3796 ostendere
1871 3731 2026 3814 populum
2060 3730 2199 3796 similem

200 3817 324 3901 pulum,
347 3818 399 3882 oui
422 3817 517 3882 datus
536 3829 607 3880 erat
625 3816 795 3899 propheta.
836 3816 1005 3880 Hactenus
1028 3815 1113 3880 enim
1134 3812 1174 3879 de
1227 3838 1296 3882 esse
1314 3817 1413 3894 carni,
1433 3837 1516 3897 quae
1533 3819 1678 3881 coniecta
1695 3817 1729 3880 in
1746 3816 1844 3883 ollam
1863 3818 2020 3898 coquitur,
2038 3827 2070 3880 ot
2089 3827 2202 3898 postea

199 3922 258 3968 sua
282 3904 449 3967 vocatione
472 3900 635 3978 disseruit,
658 3913 695 3965 ut
717 3911 880 3966 constaret
908 3902 1068 3966 autoritas
1099 3899 1173 3966 doo-
1227 3902 1386 3978 exuritur,
1414 3902 1465 3966 vel
1498 3902 1657 3984 redigitur
1685 3902 1781 3986 longo
1811 3911 1957 3983 tempore
1986 3902 2020 3965 in
2050 3902 2201 3967 nihilum.

200 3989 305 4052 trinae
333 3989 411 4068 eins,
444 3999 476 4049 et
506 3987 552 4051 ita
580 3986 613 4050 in
648 4007 768 4070 genere
800 3986 953 4068 loquutus
987 3996 1050 4051 cst:
1087 4006 1175 4050 nuno
1227 3986 1841 4069 Viditprophetaosollaeferventis,
1867 3987 2062 4070 valloniam,
2084 4008 2201 4070 nempe

200 4083 309 4138 autem
333 4071 517 4155 specialiter
547 4070 770 4137 accommodat
799 4093 891 4136 suam
921 4071 1103 4137 doctrinam
1133 4070 1173 4135 ad
1227 4093 1332 4154 aqua
1358 4079 1452 4153 parte
1482 4071 1666 4149 ebulliebat,
1697 4082 1843 4155 spectare
1867 4092 1981 4137 versus
2008 4075 2201 4156 septentrio·

201 4159 367 4242 populum.
412 4157 504 4223 Dicit
532 4157 633 4240 igitur
664 4157 806 4221 oblatam
837 4155 899 4221 sibi
926 4177 996 4223 esse
1024 4157 1175 4222 ebionem
1227 4175 1319 4222 nem:
1343 4157 1415 4221 ideo
1439 4157 1612 4239 respondet
1635 4159 1725 4223 Deus
1747 4158 1911 4239 interpres
1936 4158 2035 4224 huius
2059 4159 2202 4238 visionis,

200 4244 278 4309 ollae
309 4243 465 4325 ferventis,
500 4243 590 4307 euius
620 4243 720 4323 sarias
751 4247 819 4306 erat
850 4262 959 4308 uersus
989 4242 1173 4324 aquilonem.
1228 4263 1325 4324 quam
1348 4242 1509 4307 obtulerat
1532 4264 1716 4323 servosne,
1737 4242 1789 4308 Ab
1810 4243 1957 4324 aquilone
1978 4250 2117 4325 erumpet
2137 4265 2202 4309 mo-

202 4328 298 4409 Quod
320 4339 428 4394 antem
449 4327 540 4393 Deus
559 4329 748 4411 interrogat,
770 4336 803 4391 et
822 4327 994 4409 respondet
1011 4331 1081 4411 ipse
1098 4345 1174 4410 pro·
1226 4328 1290 4392 lum
1311 4347 1408 4409 super
1429 4333 1551 4393 maces
1572 4329 1757 4394 habitatores
1779 4333 1881 4393 terrae
1911 4350 2028 4410 nempe
2050 4329 2201 4394 Iudaeae.

200 4415 309 4497 pheta,
343 4415 376 4478 iu
409 4435 446 4478 eo
479 4415 652 4480 oonfirmat
684 4432 778 4477 suum
808 4412 1015 4478 vaticinium:
1050 4412 1175 4495 quiesi
1227 4414 1425 4479 Pronuntiat
1444 4413 1779 4478 hisverbisDeusse
1799 4414 1864 4476 iam
1884 4414 2068 4479 accendisse
2090 4415 2202 4497 ignem

203 4510 368 4564 narrasset
390 4499 582 4583 simpliciter
613 4497 790 4564 sevidisse
820 4497 914 4564 ollam
940 4499 1113 4578 ferventem,
1142 4508 1176 4562 et
1200 4536 1203 4561 l
1228 4497 1313 4580 apud
1343 4499 1541 4574 Chaldaeos,
1573 4510 1605 4563 et
1628 4501 1793 4581 Assyrios,
1825 4520 1889 4580 que
1920 4500 2076 4582 populum
2106 4521 2202 4564 sunm

203 4586 404 4666 exposuisset
427 4606 579 4667 quorsum
604 4585 711 4649 oblata
740 4595 826 4648 esset
856 4583 936 4648 haec
964 4585 1079 4667 figura,
1110 4603 1173 4647 non
1199 4564 1203 4693 i
1226 4584 1332 4648 instar
1350 4585 1457 4650 cernis
1475 4592 1644 4666 excoquat,
1667 4596 1700 4648 et
1718 4583 1848 4649 tandem
1868 4593 2039 4651 consumat
2059 4605 2201 4667 prorsus,

203 4671 316 4734 luisset
344 4678 470 4734 tantum
503 4668 655 4753 ponderis
684 4670 719 4733 in
748 4667 865 4733 verbis.
911 4668 977 4734 Sed
1009 4669 1063 4733 ubi
1085 4668 1176 4733 Deus
1200 4710 1203 4765 1
1228 4669 1500 4752 quemadmodum
1534 4671 1602 4734 lieri
1631 4669 1713 4734 solet
1742 4670 1796 4734 nbi
1830 4691 1906 4736 caro
1934 4679 2047 4734 manet
2075 4671 2109 4734 in
2143 4689 2203 4735 sua

202 4757 271 4838 ipse
291 4755 391 4831 adest,
411 4764 445 4819 et
463 4757 653 4839 pronuntiat
669 4753 745 4839 qnid
765 4754 927 4838 significet
943 4753 1007 4818 olla
1027 4753 1175 4831 bulliens,
1200 4772 1204 4833 l
1228 4755 1301 4831 olla,
1326 4768 1357 4819 et
1384 4757 1470 4839 ignis
1500 4754 1638 4820 subinde
1667 4754 1865 4835 accenditur,
1896 4768 1928 4819 et
1956 4752 2075 4819 adsunt
2103 4756 2202 4820 etiam

203 4840 268 4904 illio
287 4842 498 4906 confirmator
512 4841 715 4904 vaticinium.
754 4841 797 4903 Et
816 4840 951 4904 minime
967 4840 1098 4904 dubium
1118 4848 1176 4918 ost,
1200 4840 1204 4931 1
1228 4838 1367 4920 flabella,
1391 4861 1521 4906 necesse
1543 4849 1592 4905 ost
1614 4860 1744 4905 earnem
1768 4861 1900 4922 prorsus
1928 4841 1962 4905 in
1993 4839 2131 4904 nihilum
2155 4861 2203 4904 ro·

203 4927 280 5008 quin
312 4927 470 5010 propheta
498 4926 582 4991 hanc
615 4924 766 5008 loquendi
800 4927 936 4991 formam
968 4925 1178 5007 usurpaverit
1201 4944 1205 5005 1
1230 4925 1306 5008 aigi,
1331 4933 1501 5007 postquam
1520 4935 1609 4990 conta
1628 4936 1686 5005 est,
1707 4925 1759 4990 vel
1778 4925 1873 4990 elixa.
1909 4923 1964 4990 Sic
1984 4926 2082 4989 etiam
2107 4935 2204 4990 testa·

204 5013 290 5076 acsi
314 5012 404 5077 Dens
431 5014 509 5096 ipse,
540 5012 631 5094 quasi
661 5011 784 5093 positus
814 5011 848 5073 in
880 5009 994 5088 medio,
1025 5008 1178 5092 probaret
1202 5008 1205 5081 i
1230 5020 1283 5074 tur
1305 5011 1398 5077 Deus
1419 5013 1483 5075 iam
1506 5012 1615 5093 iguem
1639 5032 1709 5076 esse
1733 5030 1905 5076 accensum
1929 5011 1962 5074 in
1984 5008 2149 5076 Chaldaea
2171 5020 2204 5077 et

204 5118 238 5162 se
261 5118 331 5163 esse
347 5106 494 5163 autorem
511 5096 608 5161 huius
623 5096 781 5161 vaticinii.
815 5095 908 5161 Haeo
924 5106 1032 5160 autem
1049 5115 1178 5159 summa
1202 5132 1205 5179 1
1229 5096 1378 5181 Assyria,
1401 5097 1456 5178 qui
1479 5096 1617 5160 Iudaeos
1640 5118 1705 5161 non
1730 5106 1857 5161 tantum
1876 5107 2004 5179 coquat,
2027 5096 2203 5162 sedetiam

204 5191 263 5261 est,
286 5193 441 5249 venturos
471 5203 541 5248 esse
565 5180 756 5259 Chaldaeos,
787 5182 841 5264 qui
872 5180 985 5246 urbem
1013 5179 1177 5264 Ierosoly·
1202 5184 1207 5313 ’1
1231 5180 1357 5265 redigat
1390 5183 1423 5245 in
1458 5180 1605 5246 nihilum.
1657 5182 1832 5247 (laetarum
1867 5181 1939 5247 aliis
1974 5182 2082 5247 verbis
2116 5184 2203 5248 idem

204 5288 292 5333 mam
311 5277 470 5349 evertant,
493 5269 547 5351 qui
568 5267 684 5332 tollant
702 5274 734 5332 et
752 5266 904 5332 aboleant
922 5286 1051 5332 omnem
1071 5265 1177 5349 digni·
1231 5269 1393 5350 exprimit,
1418 5286 1534 5349 nempe
1553 5267 1672 5333 malum
1693 5273 1855 5332 uenturum
1875 5287 1941 5333 esse
1962 5288 1983 5332 a
2003 5271 2205 5350 septentrione

1947 5369 1998 5422 31*
