4784 5970
194 380 256 446 ιιι
922 376 969 442 ιιι
992 374 1242 442 ιιιιιιιιιιιιι.
1287 376 1386 443 ιιι.
1411 359 1483 443 ιιι·
2141 376 2205 442 coa

281 567 365 631 Aliis
393 567 502 631 verbis
534 565 671 631 eandem
705 567 902 632 sententiam
938 566 1055 647 repetit
1079 565 1168 630 Iere·
1222 564 1362 631 Summa
1384 574 1449 642 est,
1483 566 1554 649 Ego
1578 565 1679 630 semel
1703 564 1893 649 complexus
1914 586 1988 630 sum
2012 585 2072 632 vos
2094 586 2205 632 amore

197 653 293 719 mias:
335 651 392 717 scd
424 651 516 715 Deus
549 651 611 716 hac
645 652 819 716 verborum
858 653 1010 734 congerie
1049 652 1169 716 clarius
1222 649 1399 733 coniugali:
1436 651 1515 715 estis
1548 650 1679 733 quidem
1703 671 1722 714 a
1745 671 1797 716 me
1821 651 1971 728 alienati,
2007 651 2066 716 sed
2099 651 2205 717 redite

196 737 339 803 ostendit
372 757 470 819 quam
499 738 541 801 sit
563 736 693 802 futurus
715 737 756 800 ad
778 735 920 801 dandam
945 737 1072 800 veniam
1097 756 1169 817 pro·
1223 747 1343 816 tamen,
1374 756 1435 819 ego
1458 748 1591 818 paratus
1612 757 1686 801 sum
1708 737 1750 800 ad
1772 737 1920 815 veniam,
1952 746 1985 800 et
2007 736 2144 818 perinde
2166 756 2206 801 ac

196 823 288 888 clivis
323 824 349 886 si
383 822 554 886 Israelitae
587 842 628 886 ex
663 820 771 886 animo
813 821 1015 904 resipiscant.
1080 821 1170 886 Satis
1223 823 1250 885 si
1273 822 1354 884 mihi
1375 841 1504 903 semper
1534 822 1632 886 fidem
1662 822 1928 904 praestitissetis:
1963 821 2084 886 Iterum
2114 841 2206 887 uase

197 911 304 974 lucrat
336 908 436 973 semel
470 918 567 990 atque
600 928 664 971 uno
687 907 787 972 verbo
811 909 925 972 testari
960 908 1027 971 fore
1062 908 1169 988 placa·
1223 926 1308 970 mom
1328 927 1397 985 eoa,
1431 907 1548 990 inquit.
1593 905 1660 972 Sed
1685 917 1798 988 postea
1828 906 1995 990 adiungit,
2034 907 2137 974 Ursum
2166 927 2205 974 ee

196 994 310 1059 bilem:
344 995 400 1058 sed
426 994 517 1057 Deus
539 993 596 1057 ubi
620 991 710 1057 videt
731 993 804 1057 illos
825 1014 896 1058 essa
919 994 1038 1068 tardos,
1073 1005 1170 1074 atque
1222 992 1306 1075 urbe,
1329 992 1410 1058 duos
1432 1012 1470 1056 ea
1489 992 1629 1074 semilis.
1674 993 1739 1056 Hie
1763 993 1855 1057 locus
1877 990 1999 1075 dignus
2023 1000 2074 1057 est
2096 993 2207 1058 obser·

196 1082 295 1145 etiam
318 1079 467 1143 difficiles
490 1080 530 1143 ad
554 1078 751 1161 parendum,
785 1079 892 1162 pergit
914 1080 947 1142 in
970 1078 1084 1142 eadem
1115 1099 1171 1142 ex·
1226 1088 1317 1156 ratu,
1351 1077 1427 1159 quia
1459 1077 1604 1141 ostendit
1628 1076 1718 1143 Deus
1748 1096 1814 1142 non
1847 1098 1927 1156 esse,
1961 1096 2022 1143 eur
2044 1078 2100 1142 alii
2117 1078 2205 1144 alios

197 1166 390 1230 hortatione.
435 1164 521 1228 Mira
543 1165 624 1230 haec
647 1179 696 1229 est
717 1163 930 1247 indulgentia,
953 1182 1055 1245 quum
1078 1162 1170 1226 Deus
1223 1171 1430 1245 exspectent:
1466 1161 1583 1228 deinde
1611 1164 1711 1227 etiam
1742 1165 1770 1228 si
1800 1183 1918 1245 corpus
1951 1167 2061 1245 ipsum
2092 1165 2205 1247 populi

196 1272 288 1316 suam
311 1251 453 1335 gretiam
477 1249 592 1315 videns
614 1249 745 1333 negligi,
780 1260 813 1313 et
843 1249 934 1331 quasi
968 1250 1077 1331 respui
1111 1248 1170 1312 ho·
1224 1260 1389 1330 putrescat
1411 1249 1445 1313 in
1468 1251 1536 1313 suis
1558 1250 1708 1330 peccatis,
1734 1260 1843 1313 tamen
1867 1250 1894 1312 si
1913 1250 2008 1332 pauci
2031 1250 2073 1314 ad
2096 1252 2206 1332 ipsum

197 1338 322 1402 minum
346 1337 493 1420 segnitie,
516 1346 628 1400 tamen
650 1355 717 1398 non
740 1335 882 1400 desistit:
914 1333 970 1398 sed
994 1335 1113 1399 iterum
1136 1340 1170 1398 et
1223 1333 1367 1410 redeant,
1391 1356 1426 1399 se
1448 1332 1514 1399 illis
1536 1335 1634 1398 etiam
1658 1335 1727 1399 lore
1750 1334 1952 1417 placabilem.
1991 1336 2036 1399 ut
2059 1336 2121 1400 fait
2145 1335 2206 1401 hoa

197 1423 294 1487 tertio
325 1424 411 1504 ipsos
433 1423 563 1485 invitat.
609 1420 692 1500 Quis
725 1420 896 1485 hominum
930 1421 978 1484 ita
1007 1421 1170 1502 patienter
1223 1429 1323 1500 caput
1352 1419 1447 1483 valde
1480 1420 1709 1485 necessarium.
1754 1420 1885 1485 Foedus
1919 1422 2006 1484 enim
2038 1421 2102 1487 Dei
2133 1427 2206 1486 erat

198 1509 299 1572 ferret
320 1508 444 1591 gratiae
466 1527 544 1570 suae
571 1516 603 1569 et
625 1505 748 1571 lavaris
776 1502 966 1570 fastidium?
1000 1504 1057 1569 sed
1080 1504 1169 1569 vide·
1223 1525 1397 1570 commune
1417 1505 1572 1570 universo
1595 1506 1712 1570 semini
1730 1505 1893 1570 Abrahae.
1925 1506 2082 1572 Poterant
2100 1507 2205 1591 igitur

198 1615 270 1659 mus
292 1593 400 1657 Deum
435 1613 500 1655 non
523 1591 635 1655 statim
670 1592 804 1657 reiicere
836 1591 947 1655 tardos
981 1605 1014 1656 et
1047 1592 1169 1674 pigros,
1222 1590 1383 1656 coniicere
1416 1590 1530 1654 foedus
1562 1588 1644 1654 illud
1668 1611 1740 1654 esse
1763 1592 1974 1672 exstinctum,
2008 1594 2073 1657 nisi
2097 1599 2204 1657 totum

197 1678 253 1745 sed
277 1698 380 1743 novos
401 1677 553 1741 stimulos
576 1676 741 1755 adhibere,
770 1690 808 1740 ut
830 1678 917 1758 ipsos
939 1675 1073 1740 tandem
1097 1696 1168 1756 per·
1223 1676 1380 1759 populum
1401 1676 1579 1759 colligeret.
1617 1675 1730 1758 Neque
1752 1679 1842 1741 enim
1863 1677 2009 1760 elegerat
2031 1678 2123 1756 duos,
2147 1689 2205 1741 aut

196 1778 342 1828 moreat:
366 1763 463 1844 idque
488 1764 683 1845 plusquam
705 1762 926 1828 necessarium
950 1768 1008 1826 est.
1055 1760 1170 1840 Qualis
1222 1771 1299 1842 tres,
1329 1772 1385 1826 ant
1408 1773 1549 1841 centum,
1576 1771 1633 1825 aut
1655 1762 1763 1827 mille:
1794 1763 1939 1848 elegerat
1962 1772 2068 1827 totum
2091 1782 2205 1829 semen

197 1850 283 1912 anim
314 1860 400 1913 esset
432 1856 544 1931 torpor
576 1847 711 1912 noster?
744 1849 807 1912 nisi
839 1846 982 1930 quotidie
1005 1846 1097 1910 Deus
1118 1847 1169 1909 in·
1223 1846 1386 1911 Abrahae.
1432 1848 1521 1929 llrgo
1550 1846 1707 1929 quoniam
1739 1848 1820 1912 hacc
1854 1849 2030 1931 promissio
2053 1850 2124 1914 sine
2147 1869 2205 1912 ex·

197 1943 307 2012 staret,
331 1934 586 2017 quotusquisque
608 1953 721 1997 aurem
744 1934 915 2015 praeberet
935 1933 1006 1996 eius
1024 1932 1169 1995 admoni·
1222 1934 1369 2017 ceptione
1399 1933 1551 1997 omnibus
1574 1941 1646 1997 erat
1667 1935 1868 2008 communis,
1903 1939 2034 2017 poterat
2067 1935 2206 2017 quisque

197 2018 361 2083 tionibus?
383 2040 448 2083 non
467 2021 588 2083 mirum
607 2019 708 2101 igitur
725 2031 783 2094 est,
802 2020 829 2082 si
847 2019 1019 2101 ignoscens
1038 2026 1170 2081 nostrae
1221 2019 1268 2082 ita
1290 2018 1491 2094 ratiocinari,
1522 2017 1612 2097 Quid
1634 2018 1717 2082 mihi
1740 2040 1816 2084 oum
1840 2021 1922 2098 Deo,
1954 2020 2018 2084 nisi
2042 2031 2206 2102 quatenus

198 2103 360 2182 tarditati,
394 2103 551 2182 seeundo,
585 2117 618 2169 ot
639 2106 736 2168 tertio
765 2125 824 2169 noa
846 2102 887 2168 ad
910 2103 1168 2185 resipiscentiam
1222 2124 1295 2167 sum
1318 2104 1509 2186 progenitus
1528 2125 1569 2167 ex
1587 2123 1707 2188 genere
1722 2104 1902 2169 Abrahae?
1924 2107 2016 2186 atqui
2041 2126 2106 2169 non
2132 2124 2205 2170 sum

197 2192 334 2254 invitat:
368 2189 454 2271 quod
476 2190 576 2254 etiam
598 2191 632 2254 in
655 2190 790 2256 ecclesia
819 2209 949 2272 semper
971 2189 1167 2270 experimur.
1222 2189 1319 2271 solue,
1344 2208 1420 2252 nam
1437 2209 1553 2254 sumus
1574 2190 1855 2255 omnesAbrahae
1877 2190 1955 2255 filii:
1980 2190 2076 2254 video
2094 2198 2205 2256 autem

197 2276 288 2340 Haeo
317 2276 401 2339 ratio
424 2287 473 2340 est
495 2276 606 2358 igitur,
640 2296 698 2340 eur
727 2274 812 2339 idem
847 2296 936 2339 nuno
965 2276 1060 2338 iteret
1095 2293 1169 2356 pro·
1223 2276 1387 2338 neminem
1410 2276 1558 2340 converti
1581 2275 1622 2340 ad
1646 2274 1771 2339 Deum:
1806 2278 1854 2340 ita
1883 2273 2091 2357 pereundum
2122 2276 2204 2341 mihi

197 2361 304 2443 pheta,
325 2361 530 2426 Revertimini
547 2380 638 2443 nune,
656 2361 771 2443 inquit,
790 2360 853 2440 filii
869 2360 1004 2425 rebelles.
1031 2358 1170 2422 Dixerat
1223 2371 1368 2424 osteum
1392 2369 1459 2425 toto
1483 2360 1611 2443 populo.
1658 2361 1747 2444 Ergo
1771 2383 1812 2426 ne
1835 2362 1917 2426 haec
1946 2361 2103 2445 cogitatio
2134 2381 2206 2426 mo·

195 2447 295 2529 prius,
318 2447 499 2510 Revertere
523 2446 624 2510 Israel
649 2446 793 2510 rebellis:
828 2455 940 2527 postea
962 2444 1062 2523 addit,
1090 2442 1169 2602 zuo·
1193 2412 1197 2495 l
1223 2455 1315 2508 retur
1337 2448 1416 2528 pios,
1440 2448 1513 2512 ideo
1535 2467 1626 2511 nunc
1643 2445 1731 2526 dicit,
1757 2446 1861 2513 Unum
1882 2466 2046 2512 assumam
2064 2467 2102 2511 ce
2118 2447 2203 2528 urbe,

1126 2544 1169 2606 u:
1193 2501 1197 2645 Ι
1222 2535 1252 2594 et
1270 2531 1351 2596 duos
1372 2552 1410 2596 ee
1433 2532 1579 2613 familia:
1613 2531 1674 2596 hoc
1696 2542 1759 2612 est,
1788 2534 1889 2598 etiam
1913 2534 1940 2598 si
1963 2554 2049 2598 unus
2072 2541 2204 2598 tantum

194 2533 283 2596 aiom
303 2552 355 2613 epo
376 2532 513 2596 moritus
533 2533 568 2595 ia
589 2532 686 2596 codic.
724 2530 869 2611 Quidam
893 2531 1084 2595 existimant

196 2618 389 2680 tantundem
414 2617 531 2689 valere,
566 2628 663 2697 atque
693 2617 798 2679 taedio
828 2615 924 2694 affici,
957 2615 1012 2679 ubi
1035 2617 1069 2678 in
1092 2641 1169 2684 con·
1194 2656 1197 2693 ι
1223 2637 1266 2683 ex
1285 2618 1365 2682 urbe
1384 2639 1448 2681 una
1463 2616 1504 2680 ad
1520 2637 1572 2680 me
1589 2618 1710 2696 veniat,
1728 2620 1874 2701 reperiet
1892 2628 2037 2701 apertam
2055 2619 2204 2684 ianuam:

196 2702 376 2765 structione
400 2702 542 2781 ponitur,
576 2702 672 2766 sicuti
703 2702 755 2765 hic
784 2685 883 2776 ’ahta
901 2714 967 2768 022
996 2702 1030 2764 in
1063 2706 1169 2769 vobis:
1194 2700 1197 2739 '
1224 2707 1251 2768 si
1274 2703 1338 2766 duo
1361 2713 1490 2766 tantum
1512 2723 1553 2766 ex
1577 2723 1644 2766 una
1665 2702 1753 2768 tribu
1782 2704 1822 2768 ad
1847 2725 1900 2768 me
1923 2704 2075 2783 veniant,
2105 2706 2204 2769 etiam

198 2786 254 2851 sed
277 2808 343 2850 non
365 2784 540 2868 quadraret
570 2786 649 2852 haec
672 2787 866 2868 significatio
897 2787 1060 2867 praesenti
1081 2790 1168 2854 loco:
1224 2791 1311 2872 ipsos
1351 2787 1533 2851 admittam.
1593 2788 1756 2853 uouemus
1796 2790 1972 2855 consilium
2013 2789 2203 2872 prophetae.

198 2871 318 2936 rectius
340 2873 441 2955 igitur
462 2872 517 2936 alii
535 2877 679 2951 vertunt,
702 2871 865 2951 Quoniam
888 2873 1074 2938 dominatus
1097 2895 1171 2939 snm
1224 2875 1427 2956 Interpretes
1450 2871 1580 2954 quidem
1603 2871 1714 2938 dicunt
1738 2895 1840 2939 unum
1864 2896 1906 2942 ex
1928 2875 2017 2954 urbe,
2047 2876 2204 2957 quoniam

198 2956 304 3021 vobis:
323 2959 379 3021 sed
400 2957 460 3022 hoe
479 2957 660 3021 dominium
678 2977 743 3020 non
763 2956 858 3022 dehet
877 2959 1060 3039 promiscue
1077 2962 1171 3040 sumi,
1225 2960 1318 3024 Deus
1341 2958 1439 3022 etiam
1462 2957 1489 3020 si
1511 2958 1689 3022 multitudo
1710 2970 1839 3043 pereat,
1870 2982 1936 3026 non
1960 2960 2087 3025 desinet
2108 2961 2204 3045 igno-

198 3041 471 3126 quemadmodum
493 3042 580 3125 apud
598 3042 751 3106 Latinos:
775 3043 918 3107 refertur
935 3043 1022 3106 enim
1041 3047 1171 3128 proprie
1226 3065 1316 3110 scere
1339 3043 1451 3118 tribus,
1479 3043 1530 3107 vel
1553 3052 1709 3125 quatuor:
1744 3045 1801 3109 sed
1825 3067 1891 3110 non
1914 3046 2087 3130 attingunt
2117 3044 2204 3129 quod

197 3127 238 3192 ad
262 3128 431 3206 maritum,
462 3130 515 3211 qui
539 3130 633 3192 uxori
660 3147 739 3192 suae
763 3139 899 3212 praeest.
945 3128 1013 3194 Neo
1036 3129 1171 3196 dubium
1226 3130 1398 3213 praecipue
1431 3127 1568 3212 dignum
1601 3137 1672 3194 erat
1704 3135 1838 3210 notatu,
1875 3151 1994 3216 nempe
2028 3130 2100 3196 ideo
2135 3152 2204 3198 ser-

197 3221 247 3278 est
269 3213 349 3295 quin
371 3213 465 3279 Deus
494 3215 662 3279 continuet
692 3234 874 3278 sermonem
905 3235 1011 3296 sunm,
1043 3227 1078 3280 et
1099 3238 1170 3300 per·
1226 3235 1357 3280 monem
1380 3213 1421 3283 ad
1444 3214 1524 3279 duos
1547 3222 1579 3279 et
1601 3224 1668 3282 tres
1690 3216 1857 3301 restringi,
1887 3217 2053 3300 quoniam,
2077 3226 2114 3280 ut
2138 3217 2204 3283 dio·

198 3299 292 3362 sistat
314 3299 348 3361 in
371 3298 664 3363 illasimilitudine
686 3299 838 3382 coniugii,
863 3299 902 3362 de
925 3303 1076 3382 quoiam
1101 3323 1170 3368 sae·
1225 3313 1294 3367 tum
1319 3310 1385 3380 est,
1419 3311 1548 3382 poterat
1575 3301 1662 3382 ipsos
1693 3302 1774 3367 haeo
1802 3304 1957 3387 cogitatio
1988 3314 2102 3366 tenere
2132 3322 2205 3384 per·

199 3384 271 3465 pius
294 3383 417 3447 dictum
441 3384 510 3449 luit.
543 3385 688 3450 Accusat
709 3386 799 3448 enim
821 3385 974 3450 adulterii
993 3386 1170 3469 Israelitas,
1226 3389 1350 3470 plexos,
1369 3386 1452 3469 quod
1473 3386 1596 3451 scilicet
1612 3388 1830 3451 communiter
1848 3408 1962 3452 omnes
1981 3388 2075 3452 electi
2094 3396 2204 3450 essent

199 3470 353 3551 quoniam
383 3469 515 3552 abipso
538 3469 752 3535 desciverant.
799 3470 877 3535 ldeo
907 3471 1071 3554 adiungit,
1102 3473 1172 3556 Epo
1225 3475 1258 3537 in
1290 3491 1419 3536 sacrum
1452 3471 1616 3553 populum.
1669 3471 1778 3535 Hodie
1811 3472 1909 3536 etiam
1944 3470 2072 3536 utilitas
2106 3472 2204 3536 huius

197 3561 300 3619 tomen
321 3574 392 3619 sum
413 3557 548 3622 paruus
566 3561 673 3620 uester.
721 3557 860 3620 Dixerat
893 3559 999 3638 prius,
1034 3556 1071 3622 Si
1099 3560 1171 3640 quia
1226 3559 1394 3621 doctrinae
1419 3553 1459 3618 ad
1482 3576 1542 3619 nos
1571 3556 1722 3637 pertinet.
1766 3556 1927 3622 Videmus
1963 3557 2053 3620 enim
2083 3555 2204 3623 multos

200 3662 335 3705 uxorem
355 3642 584 3723 repudiaverit,
604 3662 685 3723 quae
703 3662 738 3705 se
756 3641 920 3705 addixerit
938 3651 1049 3724 postea
1067 3644 1171 3720 alteri,
1226 3643 1286 3707 hac
1306 3640 1448 3706 stultitia
1470 3640 1524 3703 vel
1546 3639 1676 3704 excludi
1698 3662 1718 3704 a
1740 3661 1797 3722 spe
1823 3641 1957 3716 salutis,
1988 3641 2039 3706 vel
2062 3641 2122 3707 sibi
2147 3641 2205 3706 ob·

200 3747 367 3807 nunquam
391 3728 481 3790 volet
509 3747 584 3792 oum
612 3727 685 3807 ipsa
713 3726 932 3790 reconciliari:
968 3745 1028 3807 ego
1061 3740 1171 3791 antem
1226 3741 1354 3791 struere
1376 3744 1550 3801 aceessum,
1584 3725 1739 3807 quoniam
1762 3725 1819 3788 alii
1842 3727 1925 3791 alios
1948 3728 2138 3810 respiciunt,
2172 3737 2206 3792 et

200 3814 331 3894 ignosco
356 3823 486 3875 vestrae
516 3812 681 3895 perfidiae,
711 3812 829 3875 vestris
859 3811 1065 3875 libidinibus:
1100 3823 1174 3876 tan·
1227 3810 1403 3876 multitudo
1427 3820 1518 3874 tonet
1540 3810 1686 3893 singulos
1707 3809 1894 3893 implicitos.
1936 3813 1978 3876 In
2003 3824 2126 3896 papatu
2149 3813 2204 3897 qui

200 3908 269 3959 tum
291 3895 387 3959 colite
410 3896 547 3979 posthae
570 3897 754 3961 castitatem
778 3916 916 3974 mecum,
946 3915 1007 3979 ego
1031 3898 1172 3962 vicissim
1226 3899 1264 3962 fit
1285 3909 1323 3962 ut
1345 3907 1413 3961 tam
1437 3895 1532 3959 multi
1555 3896 1767 3978 pertinaciter
1786 3898 1857 3964 Deo
1880 3901 2063 3966 resistant?
2086 3918 2204 3983 nempe

201 3993 288 4045 caste
311 3980 479 4046 vobiscum
502 4002 699 4066 megaram.
744 3981 796 4045 Ita
819 3981 880 4047 hoo
903 3982 980 4061 loco,
1012 3982 1081 4065 Epo
1102 4004 1174 4047 cum
1227 3984 1303 4065 quia
1329 3989 1447 4064 putant
1469 4001 1504 4045 se
1526 3987 1596 4045 tuto
1625 3980 1727 4046 latere
1749 3982 1782 4046 in
1806 3984 1913 4049 turba.
1959 3985 2004 4049 Et
2027 3983 2113 4067 apud
2143 4005 2205 4050 nos

200 4066 337 4130 maritus
359 4072 470 4132 vomer:
500 4068 641 4145 honest,
670 4068 769 4131 etiam
792 4070 819 4132 si
842 4090 900 4132 vos
923 4067 1172 4148 repudiaverim.
1227 4070 1326 4133 etiam
1349 4066 1505 4145 videmus,
1536 4076 1572 4129 ut
1594 4066 1648 4131 alii
1671 4067 1744 4133 aliis
1767 4070 1835 4133 sint
1857 4069 2037 4137 obstaculo.
2082 4071 2206 4135 Veniat

201 4153 341 4215 Dixerat
370 4153 457 4216 enim
481 4175 516 4217 se
538 4152 665 4217 dedisse
686 4153 835 4217 libellum
857 4154 1002 4235 repudii:
1034 4153 1094 4218 hoc
1115 4168 1173 4231 est,
1227 4155 1329 4237 igitur
1348 4173 1477 4234 semper
1495 4152 1588 4216 nobis
1605 4153 1638 4215 in
1657 4162 1803 4217 mentem
1821 4154 1903 4221 haec
1922 4155 2078 4233 doctrina,
2097 4155 2206 4220 Deum

201 4239 293 4318 quasi
317 4236 454 4318 publicis
478 4237 598 4303 tabulis
620 4258 655 4301 se
678 4246 834 4303 testatum
856 4240 968 4320 fuisse,
1000 4238 1081 4302 nihil
1105 4259 1173 4303 am·
1228 4241 1282 4303 ubi
1303 4237 1436 4302 brachia
1453 4257 1512 4300 sua
1531 4235 1688 4318 extendit,
1711 4238 1797 4303 valle
1818 4240 1971 4323 amplecti
1992 4262 2060 4305 non
2079 4250 2207 4305 tantum

188 4322 287 4403 ,plius
310 4322 371 4387 sibi
394 4344 464 4388 esec
486 4324 722 4388 coniunctionis
744 4344 818 4388 cum
842 4325 960 4406 populo
982 4324 1049 4387 illo.
1088 4324 1174 4388 Nam
1228 4344 1341 4389 omnes
1363 4322 1476 4400 simul,
1506 4323 1534 4385 si
1556 4342 1620 4387 uno
1643 4341 1804 4389 consensu
1826 4325 1868 4390 ad
1890 4327 2000 4409 ipsum
2022 4335 2207 4406 accurrant,

202 4406 354 4471 exsilium
376 4420 447 4471 erat
468 4410 573 4473 instar
596 4407 736 4473 divortii.
782 4407 853 4472 lam
884 4409 977 4484 dicit,
1011 4408 1082 4491 Epo
1103 4429 1175 4474 cum
1227 4407 1396 4485 sedduos,
1425 4408 1578 4486 veltres,
1604 4407 1849 4475 sitantumex
1871 4433 1938 4477 una
1960 4410 2043 4477 urbe
2066 4411 2106 4474 ad
2131 4430 2207 4474 enm

201 4492 337 4556 moritus
368 4499 474 4558 vester.
527 4493 613 4557 Nam
647 4492 747 4557 etiam
777 4494 804 4556 si
834 4514 895 4575 cgo
927 4505 994 4558 tam
1028 4496 1175 4577 graviter
1228 4495 1374 4567 veniant,
1394 4493 1444 4557 vel
1461 4513 1502 4558 ex
1518 4503 1586 4556 toto
1603 4495 1732 4578 populo.
1762 4496 1935 4581 Adiungit,
1958 4497 2071 4565 Venire
2086 4496 2208 4577 fumum

202 4578 309 4641 laesus
331 4597 351 4639 a
372 4578 466 4643 vobis
496 4579 624 4657 fuerim,
658 4578 732 4660 quia
765 4576 927 4644 fefellistis
960 4578 1059 4642 fldem
1094 4580 1175 4644 mihi
1227 4601 1280 4645 eos
1301 4582 1337 4644 ia
1360 4578 1445 4644 Sica.
1485 4579 1557 4642 Iam
1581 4579 1643 4645 hoo
1665 4581 1766 4644 semel
1790 4581 1913 4648 dietum
1938 4584 2055 4647 luerat.
2097 4581 2208 4666 Signi-

203 4661 328 4741 datam,
363 4672 472 4727 tamen
506 4684 622 4728 maneo
652 4663 687 4726 in
717 4664 890 4746 proposito,
924 4671 961 4728 ut
989 4665 1051 4727 sim
1081 4664 1175 4730 vobis
1227 4667 1304 4732 fioat
1325 4663 1530 4748 igiturDeus
1552 4665 1732 4747 temporale
1755 4667 1824 4732 iore
1847 4668 2011 4747 exsilium,
2036 4668 2207 4731 etiterum

203 4748 349 4811 maritus.
395 4748 559 4813 Tenemus
581 4770 658 4832 ergo
681 4769 769 4813 nunc
791 4749 971 4830 genuinum
998 4749 1176 4832 prophetae
1229 4759 1394 4832 compotes
1411 4748 1654 4815 lorelsraelitas
1669 4772 1747 4815 suae
1764 4752 1985 4831 haereditatis,
2005 4752 2033 4817 si
2050 4761 2209 4836 appareat

202 4853 344 4898 sensum.
390 4833 557 4913 Quoniam
586 4843 715 4916 poterat
741 4835 922 4917 desperatio
943 4835 991 4899 ita
1012 4836 1176 4900 constrin·
1228 4835 1350 4901 inillis
1373 4855 1451 4899 vera
1473 4836 1613 4900 etseria
1635 4839 1819 4902 conversio.
1863 4837 2034 4922 Sequitur,

203 4939 280 5002 gere
309 4917 486 4998 Israelitas,
519 4933 557 4983 ut
586 4919 761 4984 horrerent
793 4939 958 4985 accessum
991 4920 1101 5000 illum,
1135 4921 1176 4984 ad
1399 4955 1400 4958 ¹

203 5024 299 5086 quem
323 5002 472 5069 hortatus
494 5005 580 5086 ipsos
603 5006 711 5070 fuerat
732 5004 905 5088 propheta:
928 5027 969 5070 ne
991 5014 1098 5070 terror
1119 5007 1176 5068 im·
1315 5007 1366 5071 15.
1398 5005 1442 5071 at
1462 5006 1539 5071 dabo
1561 5006 1646 5072 uobis
1662 5013 1806 5089 pastores
1827 5011 1997 5075 secuudum
2018 5031 2071 5078 eor
2093 5031 2208 5096 meum,

203 5090 327 5173 pediat,
360 5089 535 5172 quominus
556 5092 763 5175 resipiscant,
799 5092 888 5155 Deus
910 5091 963 5156 hic
986 5092 1176 5173 pronuntiat
1229 5096 1479 5174 etpuaeenteoa
1500 5092 1632 5158 amentia
1654 5098 1682 5157 ct
1703 5093 1910 5176 intelligentia
1931 5094 2086 5181 (honest,
2108 5098 2210 5163 soien-

204 5197 238 5239 se
260 5175 326 5241 illis
349 5177 419 5240 lore
441 5177 613 5255 maritum,
648 5187 680 5242 et
702 5198 738 5242 se
760 5176 906 5242 nondum
937 5178 1074 5242 oblitum
1105 5197 1176 5241 esse
1230 5186 1281 5242 tar
1303 5189 1336 5242 et
1358 5177 1560 5266 prudenter).

203 5260 290 5325 illius
308 5263 557 5344 coniunctionis,
580 5283 644 5346 qua
663 5263 750 5345 ipsos
769 5263 869 5328 semel
890 5264 1041 5346 dignatus
1059 5264 1175 5328 fuerat.

309 5363 419 5420 Caluini
436 5382 529 5434 opera.
547 5362 617 5420 'Vnt
636 5365 726 5419 XXX
731 5367 798 5423 VH.
1789 5414 1795 5429 ,
1969 5368 2003 5423 36
