4784 5970
188 331 251 395 219
1073 325 1123 390 ΙΝ
1147 325 1313 392 ISAIAM
2126 322 2192 388 220

191 516 428 602 tranquillitas:
452 513 726 598 quemadmodum
749 513 839 596 prius
862 534 931 599 cap.
947 513 989 578 29
1009 512 1159 579 vidimus.
1213 521 1341 578 tantum
1363 511 1404 578 ad
1427 512 1615 592 doctrinam,
1638 512 1694 578 sed
1717 512 1758 577 ad
1781 522 1884 577 totam
1908 510 2113 577 vocationem
2136 532 2187 576 re·

190 605 353 669 Docemur
388 601 485 665 etiam
515 600 591 683 qnid
621 599 828 682 potissimum
857 600 892 665 in
920 599 1091 682 scripturis
1119 600 1160 665 ab
1213 599 1292 663 ferri
1314 597 1425 663 debet:
1460 618 1561 681 quum
1582 596 1705 665 scilicet
1734 596 1856 663 addicit
1884 596 1945 663 sibi
1975 596 2011 660 in
2040 617 2184 671 servum,

191 707 385 771 unoquoque
419 701 566 751 nostrum
608 683 830 767 quaerendum
873 685 931 751 eit:
974 705 1092 767 nempe
1125 694 1160 749 ιι
1215 697 1246 767 et
1268 686 1437 749 certiorem
1459 684 1537 749 facit
1558 683 1609 748 sui
1632 683 1728 748 oflicii
1751 703 1847 765 quem
1870 682 2000 747 mittere
2029 680 2188 758 decrevit,

191 774 338 840 doctrina
360 771 569 837 sublevandis
593 771 732 836 miseriis
755 771 876 837 nostris
898 769 1015 834 idonea
1036 778 1067 835 et
1085 781 1161 851 apta
1214 790 1316 853 quum
1349 768 1406 834 dat
1439 769 1609 847 mandata,
1643 780 1675 832 et
1708 769 1840 852 exsequi
1873 764 1965 833 iubet
1996 767 2084 850 qnod
2118 769 2187 852 ipse

190 860 386 925 imbuemur.
426 858 460 922 Is
483 858 570 921 enim
592 877 627 920 se
650 855 781 920 demum
804 856 839 920 in
861 855 1031 941 evangelio
1054 856 1161 938 profe·
1214 854 1356 919 mandat.
1401 853 1576 920 Caeterum
1609 874 1673 919 non
1702 863 1830 919 tantum
1863 853 2009 935 aperitur
2043 855 2135 918 auris
2169 875 2188 918 a

191 945 274 1011 cisse
296 944 386 1023 sciat,
412 943 468 1025 qni
492 942 683 1024 tempestiva
705 941 922 1007 consolatione
944 942 1089 1006 adversis
1110 963 1161 1005 re·
1214 940 1358 1004 Domino
1381 961 1481 1022 quum
1503 938 1646 1005 ostendit
1667 938 1744 1022 quid
1773 941 1842 1022 ipse
1872 938 1969 1004 velit:
2001 939 2059 1003 sed
2084 959 2187 1023 quum

192 1032 253 1096 bus
276 1038 333 1094 aut
355 1029 453 1094 etiem
474 1027 649 1110 deploratis
671 1027 818 1092 animum
843 1048 940 1092 suum
970 1027 1095 1110 erigere
1125 1046 1162 1090 ao
1215 1025 1390 1090 efficaciter
1413 1025 1553 1090 hominis
1576 1025 1722 1089 animum
1744 1024 1901 1110 percellit,
1928 1034 2024 1107 atque
2046 1024 2095 1089 ita
2116 1024 2187 1089 atfi-

192 1116 355 1183 snstinere
387 1122 500 1196 potest.
550 1112 767 1194 Multiplioem
801 1112 931 1196 quidem
964 1133 1033 1178 esse
1067 1133 1162 1176 usum
1215 1113 1260 1175 cit
1282 1123 1317 1175 ut
1339 1112 1368 1175 ei
1392 1112 1607 1194 obsequatur:
1630 1109 1904 1193 quemadmodum
1926 1109 2074 1176 Psalle
2094 1110 2187 1196 (vl)

193 1201 359 1267 doetrinae
376 1199 489 1278 fateor,
511 1196 672 1280 quianon
691 1198 784 1263 modo
802 1197 933 1263 afflictis
952 1207 986 1260 ιι
1003 1197 1162 1262 debilibus
1217 1197 1350 1262 dicitur:
1374 1198 1498 1260 Aurem
1514 1206 1623 1261 autem
1639 1195 1750 1260 fodisti
1765 1196 1855 1261 mibi.
1889 1196 1935 1260 Et
1954 1195 1999 1260 ait
2015 1194 2187 1262 Christus:

193 1286 337 1354 solandis
359 1285 450 1349 utilis
473 1295 538 1361 est,
569 1283 625 1349 sed
648 1285 745 1348 etiam
768 1303 900 1349 severas
921 1282 1163 1366 obiurgationes
1216 1280 1412 1363 Quicunque
1434 1280 1558 1346 audivit
1581 1292 1613 1346 et
1635 1281 1746 1347 didicit
1768 1303 1788 1346 a
1808 1291 1915 1364 patre,
1945 1279 2000 1346 ille
2032 1283 2124 1348 venit
2145 1280 2186 1345 ad

193 1383 226 1439 et
248 1373 354 1436 minas
376 1369 532 1435 adversus
566 1370 761 1452 praefractos
791 1370 944 1435 continet.
989 1369 1163 1435 Caeterum
1216 1387 1279 1431 me.
1323 1366 1400 1447 Quo
1421 1367 1562 1449 pertinet
1583 1367 1763 1433 secundum
1785 1366 1980 1444 membrum,
2003 1365 2061 1432 ubi
2085 1381 2187 1451 negat

193 1457 297 1522 Isaiae
320 1456 380 1521 hoc
404 1455 464 1521 sibi
486 1456 659 1538 praecipue
681 1455 866 1519 iniunctum
896 1455 1008 1532 docet,
1038 1466 1075 1519 nt
1105 1475 1163 1537 pro
1216 1473 1251 1518 se
1274 1452 1373 1517 fuisse
1396 1450 1563 1517 rebellem:
1597 1451 1737 1518 Summa
1758 1464 1824 1531 eet,
1859 1452 1942 1517 nihil
1965 1472 2042 1516 eum
2064 1460 2186 1518 temere

194 1543 387 1607 necessitate
421 1541 582 1623 praesenti
620 1540 844 1605 deficientibus
877 1539 1008 1605 Iudaeis
1040 1537 1163 1622 aliquid
1217 1537 1361 1623 aggredi,
1384 1536 1440 1602 sed
1465 1538 1641 1603 vocationis
1660 1538 1724 1602 Dei
1745 1538 1845 1620 probe
1867 1539 2045 1616 conscium,
2067 1559 2188 1603 munus

195 1628 300 1695 solatii
323 1627 447 1691 afferat.
1217 1623 1358 1689 doctoris
1381 1624 1590 1705 quantumvis
1619 1644 1720 1706 grave
1749 1643 1787 1688 ac
1816 1623 2004 1703 molestum,
2038 1624 2117 1707 quia
2147 1622 2187 1688 ad

283 1711 454 1796 (Exorasti
483 1709 597 1795 mooe.)
645 1709 710 1774 Hie
743 1718 882 1775 testatur
904 1710 1085 1775 Dominum
1118 1710 1164 1772 ite
1217 1709 1398 1793 perandum
1423 1709 1628 1773 voluntarius
1651 1709 1704 1789 sit,
1727 1708 1828 1775 obire.

196 1798 370 1865 sollicitum
393 1818 462 1862 esse
486 1797 672 1861 demiseris
695 1803 728 1859 et
749 1797 921 1878 oppressis,
946 1807 982 1859 ut
1004 1817 1108 1873 mane,
1131 1794 1162 1858 id
1302 1795 1332 1858 6.
1356 1792 1492 1878 (Corpus
1512 1814 1614 1858 eveum
1635 1794 1788 1875 reposui.)
1828 1794 1973 1870 Probris,
1997 1794 2135 1871 cavillis,
2157 1802 2188 1859 et

196 1895 245 1950 est
268 1884 477 1965 tempestive,
508 1882 573 1945 illis
596 1894 772 1947 succurrat.
817 1881 886 1946 Nos
908 1882 1039 1964 quidem
1068 1901 1164 1961 saepe
1217 1879 1415 1963 petulantiae
1430 1881 1604 1961 impiorum
1620 1882 1753 1961 opponit
1769 1880 1942 1946 infractam
1959 1879 2187 1946 fortitudinem

197 1969 331 2035 destitui
354 1968 574 2033 consolatione
598 1967 718 2032 fateor:
751 1967 807 2032 sed
829 1968 978 2048 quamvis
1006 1967 1163 2049 aliquam·
1217 1986 1281 2048 qua
1303 1964 1443 2029 donatus
1464 1976 1530 2029 est:
1565 1967 1657 2048 qussi
1681 1965 1811 2044 diceret,
1839 1978 2005 2049 uteunque
2027 1966 2188 2032 obsistere

198 2054 253 2119 diu
276 2073 335 2117 nos
358 2053 512 2138 languere
535 2055 621 2118 sinat
642 2051 750 2128 Deus,
785 2052 931 2135 singulos
953 2063 1064 2117 tamen
1087 2051 1164 2115 arti·
1217 2063 1375 2116 conentur
1397 2049 1461 2115 Dei
1483 2061 1738 2132 contemptores,
1768 2072 1802 2116 se
1824 2063 1932 2116 tamen
1955 2052 2110 2118 omnibus
2131 2073 2187 2118 ec·

197 2141 286 2208 culos
314 2139 566 2221 opportunitatis
596 2148 698 2215 tenet,
732 2147 769 2202 ut
802 2139 1028 2203 necessitatem
1061 2137 1164 2219 ipsam
1218 2156 1291 2202 rum
1317 2136 1446 2200 iniuriis
1475 2134 1544 2200 fore
1572 2137 1787 2219 superiorem,
1822 2147 1859 2202 ut
1892 2138 2033 2220 suscepti
2067 2137 2188 2203 laboris

198 2231 327 2291 mature
356 2224 546 2306 praeveniat
574 2245 633 2288 suo
662 2223 794 2287 auxilio.
838 2224 946 2302 Adde,
982 2225 1010 2288 si
1040 2220 1165 2287 tardius
1218 2242 1385 2304 nunquam
1408 2220 1579 2302 poeniteat.
1611 2221 1745 2307 interea
1767 2233 1878 2305 aperte
1901 2222 1995 2288 docet
2016 2221 2070 2289 hic
2086 2222 2185 2303 loeus,

198 2322 374 2386 succurrat,
397 2310 430 2373 id
454 2309 598 2375 accidere
617 2318 727 2373 nostro
749 2308 848 2374 vitio:
875 2308 1037 2390 quianon
1061 2308 1166 2372 solum
1218 2307 1384 2371 ministros
1407 2305 1500 2370 verbi
1520 2306 1662 2372 fideliter
1683 2328 1803 2373 munus
1831 2327 1928 2373 suum
1958 2310 2094 2392 exsequi
2122 2328 2189 2374 non

199 2405 329 2478 torpore
352 2405 479 2471 nostro,
512 2393 569 2459 sed
598 2395 695 2459 etiam
725 2395 930 2459 contumacia
958 2393 1166 2459 subducimus
1217 2411 1312 2474 posse
1335 2392 1414 2474 quin
1436 2403 1601 2457 certamen
1623 2415 1643 2457 a
1665 2392 1786 2457 mundo
1808 2392 1995 2458 immineat:
2017 2394 2084 2460 imo
2107 2394 2186 2459 hino

199 2502 257 2547 nos
288 2480 357 2544 eius
385 2481 519 2564 gratiae.
571 2477 739 2560 Quidquid
771 2480 829 2555 sit,
863 2479 976 2545 sedulo
1009 2477 1166 2563 advigilat
1218 2477 1295 2541 inde
1317 2476 1441 2542 duriter
1463 2479 1671 2559 impetantur.
1716 2478 1801 2542 Nam
1831 2478 1929 2544 simul
1959 2490 2056 2563 atque
2086 2479 2189 2544 Isaiae

200 2587 328 2649 semper
350 2577 446 2648 atquo
469 2566 611 2630 accurrit
633 2564 672 2629 ad
696 2585 789 2646 opem
812 2564 995 2629 ferendam:
1029 2565 1095 2628 imo
1117 2563 1166 2627 fu·
1219 2585 1254 2628 se
1276 2562 1431 2627 mandato
1454 2563 1523 2628 Deo
1544 2565 1785 2647 obtemperasse
1808 2564 1895 2642 dicit,
1918 2564 2069 2650 adiungit
2091 2564 2189 2631 etiam

200 2654 328 2738 gientes
351 2653 448 2715 etiam
471 2661 503 2715 et
526 2659 747 2733 repugnantes
769 2649 810 2714 ad
832 2672 867 2716 se
890 2664 998 2733 voest,
1032 2662 1070 2714 ut
1098 2650 1166 2714 eius
1219 2668 1336 2731 corpus
1356 2669 1453 2713 suum
1471 2649 1727 2731 percutientibus
1745 2657 1931 2733 expositum
1946 2650 2057 2717 fuisse
2092 2649 2188 2716 Hanc

200 2738 324 2822 gratiae
357 2748 390 2800 ot
423 2736 633 2821 benignitatis
666 2746 765 2818 gustu
799 2757 992 2802 recreemur.
1042 2734 1168 2799 Iterum
1219 2735 1322 2818 igitur
1353 2733 1571 2799 conditionem
1602 2735 1713 2801 fideles
1742 2737 1803 2802 Dei
1835 2739 1923 2802 servi
1955 2737 2102 2821 effugere
2135 2756 2189 2801 ne-

201 2845 278 2888 vero
300 2824 418 2903 repetit
438 2842 543 2900 marre,
573 2843 635 2904 quo
666 2823 943 2887 continuationem
972 2829 1006 2886 et
1033 2820 1168 2886 assidui·
1220 2823 1359 2902 queunt,
1393 2818 1472 2884 dum
1496 2821 1586 2884 verbi
1616 2820 1797 2887 doctrinam
1827 2821 2078 2900 administrant,
2112 2821 2191 2904 quin

202 2920 301 2972 tatem
324 2908 496 2990 significet,
526 2929 567 2970 ne
590 2909 696 2988 ipsum
728 2928 817 2971 more
847 2908 1014 2972 hominum
1044 2905 1169 2971 subitos
1221 2905 1406 2970 sustineant
1428 2926 1563 2988 pugnas,
1587 2909 1740 2989 convicia,
1762 2906 1845 2983 odia,
1864 2907 2055 2990 calumnias,
2082 2918 2115 2974 et
2137 2927 2192 2970 va·

202 2992 358 3075 quosdam
386 2993 527 3072 impetos
556 2992 675 3055 habore
704 2992 941 3069 existimemus,
976 3001 1014 3055 ut
1041 2991 1170 3058 abiiciat
1221 2992 1287 3055 rios
1308 2991 1451 3056 insultus
1473 2991 1513 3055 ab
1536 2991 1748 3070 adversariis,
1779 2994 1896 3076 quibus
1917 2993 2028 3058 odiosa
2050 3006 2101 3058 cst
2123 3012 2191 3058 mo·

203 3078 254 3142 vel
284 3076 380 3157 paulo
410 3088 482 3158 post
510 3077 655 3159 negligat
683 3097 736 3141 eos
765 3097 903 3158 quorum
931 3097 1044 3141 curam
1070 3076 1170 3141 semel
1223 3074 1321 3139 nendi
1357 3086 1390 3141 et
1429 3077 1689 3157 reprehendendi
1728 3079 1876 3157 libertas,
1914 3100 1979 3162 qua
2018 3079 2108 3161 ipsos
2144 3077 2192 3141 uti

204 3161 359 3242 suscepit,
392 3181 472 3241 quos
498 3164 603 3242 potius
632 3161 738 3244 gratia
760 3181 819 3224 sua
841 3162 1047 3242 prosequitur
1070 3182 1172 3243 usque
1195 3178 1200 3248 l
1223 3181 1354 3225 necesse
1374 3174 1432 3226 est.
1476 3161 1617 3228 Armant
1639 3165 1741 3248 igitur
1762 3185 1832 3229 sese
1854 3165 2035 3230 constantia
2063 3176 2097 3229 et
2119 3161 2191 3238 fide,

203 3247 238 3311 in
261 3249 366 3324 finem,
389 3265 448 3309 noc
471 3267 612 3326 unquam
636 3244 854 3310 consolatione
877 3244 1032 3310 destituit.
1224 3246 1378 3327 qnoniam
1402 3245 1522 3311 bellum
1545 3249 1585 3312 iis
1607 3270 1706 3333 grave
1734 3259 1882 3332 paratum
1912 3261 1970 3315 est.
2015 3250 2085 3317 Nec
2115 3268 2191 3314 vero

289 3329 348 3415 (Ut
370 3330 500 3394 audiani
521 3332 601 3394 sicut
621 3329 725 3415 docti.)
764 3329 937 3414 Significat
959 3351 1025 3394 non
1048 3342 1084 3396 ut
1106 3341 1172 3395 tar·
1226 3331 1490 3414 persequutiones
1512 3333 1685 3415 impiorum
1708 3333 1909 3400 solummodo
1931 3337 2103 3418 exprimit,
2136 3332 2193 3400 sed

207 3417 258 3482 dis
293 3426 325 3479 et
358 3416 487 3499 ignavis
516 3415 698 3481 vellicatam
732 3416 795 3481 sibi
827 3417 925 3482 fuisse
958 3436 1085 3496 aurem,
1117 3415 1173 3480 sed
1225 3417 1440 3499 ignominiam
1463 3417 1591 3483 mundi:
1615 3419 1699 3502 quod
1721 3421 1813 3503 impii
1835 3421 1957 3485 iustam
1979 3441 2112 3487 csusem
2134 3419 2192 3483 ha·

208 3503 307 3568 luisse
330 3502 503 3565 formatum
527 3522 564 3565 ac
586 3502 732 3584 politum.
775 3500 914 3567 Interim
944 3523 1003 3568 suc
1025 3503 1174 3584 exemplo
1227 3501 1303 3566 bere
1327 3501 1432 3566 videri
1460 3513 1635 3585 appetunt,
1665 3505 1741 3570 dum
1770 3507 1879 3571 infesti
1909 3519 1987 3572 sunt
2016 3506 2107 3572 verbi
2136 3505 2193 3569 mi·

209 3588 362 3652 admonet
394 3587 501 3650 Deum
537 3588 711 3652 efficaciter
745 3587 858 3653 docere
891 3608 1005 3653 omnes
1038 3609 1174 3670 qnorum
1228 3588 1351 3669 nistris,
1373 3609 1550 3670 eorumque
1572 3591 1752 3656 doctrinam
1775 3592 1987 3658 insectantur.
2021 3593 2089 3658 Eos
2107 3591 2195 3658 enim

209 3673 388 3737 ministerio
411 3673 458 3735 uti
484 3674 552 3737 vult
574 3674 607 3736 in
630 3674 769 3738 salntem
800 3674 951 3739 ecclesiae
979 3694 1067 3739 suae.
1111 3673 1176 3738 Pa·
1228 3693 1287 3754 pro
1311 3673 1465 3739 maleficis
1492 3682 1525 3738 et
1554 3677 1719 3742 sceleratis
1746 3676 1858 3745 haberi
1888 3678 2024 3762 volunt,
2058 3688 2094 3742 ut
2122 3673 2195 3742 odio

210 3779 282 3822 rum
306 3759 393 3821 enim
423 3769 507 3821 esset
534 3759 620 3839 ipsos
648 3760 776 3823 institui
805 3760 947 3824 humano
976 3780 1081 3838 more,
1113 3760 1176 3824 nisi
1229 3769 1261 3823 et
1294 3760 1509 3824 exsecrationi
1543 3762 1610 3825 sint
1642 3763 1802 3828 omnibus.
1857 3761 1973 3846 Itaque
2006 3764 2109 3828 variis
2141 3780 2197 3826 ecs

210 3846 298 3907 intus
321 3842 469 3922 spiritum
494 3843 555 3906 Dei
579 3845 772 3926 magistrum
796 3845 963 3910 haberent.
997 3844 1086 3909 Hinc
1109 3865 1176 3909 ms·
1229 3844 1400 3909 calumniis
1426 3845 1655 3926 proscindunt,
1690 3869 1749 3912 nec
1775 3848 1815 3913 ab
1844 3847 1910 3913 ullo
1939 3850 2049 3930 probri
2077 3866 2198 3934 genere

210 3930 274 3992 lius
298 3934 426 3993 constat
448 3947 544 4009 quam
573 3949 688 3992 verum
721 3930 764 3992 sit
791 3929 876 4010 quod
904 3931 994 4011 prius
1025 3929 1176 4006 diximus,
1230 3930 1402 4008 abstinent,
1425 3933 1462 3994 ut
1483 3931 1563 3995 satis
1586 3933 1681 3996 hodie
1710 3935 1911 4016 experimur,
1941 3957 2041 4017 quum
2070 3937 2111 4001 ab
2140 3930 2198 3997 ad·

210 4033 275 4078 non
300 4013 379 4076 alios
402 4033 472 4078 esse
496 4012 597 4078 bonos
621 4013 774 4087 doctores,
797 4035 893 4096 qnam
916 4016 971 4096 qui
992 4015 1067 4080 boni
1085 4014 1178 4078 disci·
1231 4015 1382 4079 versariis
1404 4014 1570 4093 haeretici,
1592 4016 1787 4097 seductores,
1810 4019 1953 4085 seditiosi
1975 4041 2143 4096 vocamur,
2166 4026 2199 4083 et

211 4099 280 4180 puli
310 4097 438 4161 fuerint.
490 4098 556 4162 Eos
586 4100 672 4162 enim
703 4098 811 4163 doctos
838 4112 872 4163 et
899 4098 1042 4165 eruditos
1071 4107 1176 4165 vocat.
1230 4100 1302 4164 aliis
1325 4097 1506 4164 maledictis
1529 4101 1734 4185 impetimur,
1768 4126 1851 4188 quae
1873 4104 2006 4172 Christo
2035 4109 2136 4174 etiam
2166 4108 2199 4167 et

211 4184 296 4249 Nam
320 4182 375 4265 qni
399 4182 520 4247 discere
543 4205 609 4248 non
633 4182 827 4266 dignantur,
857 4183 940 4266 quod
963 4207 997 4249 se
1019 4194 1176 4267 quantum
1230 4184 1383 4266 apostolis
1415 4185 1540 4250 obieeta
1571 4197 1656 4254 sunt.
1702 4189 1796 4256 Adde
1829 4191 1915 4275 quod
1948 4215 2015 4258 non
2049 4191 2146 4258 modo
2180 4209 2200 4252 a

212 4289 294 4353 opus
317 4278 367 4333 est
389 4288 502 4349 sapere
525 4279 651 4351 putent,
681 4268 728 4332 bis
750 4269 932 4334 insaniunt:
967 4270 1096 4351 quando
1117 4272 1176 4335 soli
1230 4268 1384 4352 professis
1402 4279 1435 4333 et
1452 4272 1573 4338 exteris
1593 4273 1739 4341 hostibus
1759 4278 1887 4361 ingesta
1904 4281 1966 4346 sibi
1984 4279 2084 4343 fuisse
2103 4289 2199 4361 sputa

212 4356 343 4421 demum
365 4350 484 4417 iudicio
508 4355 571 4418 Dei
593 4367 765 4419 censentur
788 4375 863 4419 vcro
885 4354 1002 4419 eruditi
1026 4377 1062 4419 ac
1085 4355 1177 4434 docti,
1232 4364 1264 4418 et
1285 4353 1437 4436 colaphos
1454 4355 1593 4425 inflictos
1611 4360 1704 4426 dicit:
1727 4362 1784 4428 sed
1803 4365 1993 4449 perstringit
2011 4384 2095 4447 quas
2112 4363 2200 4429 ferre

213 4443 269 4523 qui
292 4441 382 4523 prins
406 4437 513 4502 doceri
537 4461 570 4504 se
599 4440 761 4505 sustinent
787 4459 884 4520 quem
914 4438 1080 4505 doctorum
1107 4462 1178 4504 mu·
1231 4442 1372 4522 oportuit
1410 4443 1619 4510 contumelias
1658 4450 1697 4513 ab
1737 4449 1902 4516 intestinis
1943 4465 1975 4515 et
2013 4447 2202 4515 domesticis

213 4547 292 4591 nere
325 4525 521 4609 longantur,
563 4538 599 4588 ut
631 4534 751 4589 certam
783 4544 895 4588 eorum
928 4546 1009 4606 quus
1045 4524 1180 4590 tradunt
1233 4526 1397 4590 hostibus:
1432 4529 1507 4608 quia
1539 4551 1665 4612 semper
1699 4555 1716 4597 e
1749 4535 1854 4601 medio
1887 4536 2042 4603 ecclesiae
2074 4537 2201 4623 gremio

213 4613 377 4677 notionem
399 4609 548 4686 habeant,
580 4631 638 4675 nec
661 4611 835 4692 quidquam
857 4609 889 4673 in
913 4610 1055 4673 medium
1078 4609 1180 4692 prole·
1232 4619 1374 4695 surgunt
1395 4611 1532 4694 improbi
1555 4627 1588 4680 et
1609 4616 1673 4682 Dei
1696 4630 1941 4702 contemptores,
1965 4623 2022 4705 qui
2045 4623 2202 4691 audacter

215 4707 305 4775 rant,
338 4695 402 4761 nisi
435 4695 519 4777 quod
555 4696 667 4759 testari
701 4695 824 4776 possint
854 4715 872 4758 a
902 4692 972 4758 Deo
1000 4694 1178 4777 profectum
1233 4694 1398 4778 prophetis
1427 4697 1593 4766 insultent.
1636 4703 1689 4768 Ad
1717 4703 1797 4770 haec
1825 4707 1927 4788 igitur
1955 4709 2126 4776 moderate
2155 4710 2203 4775 fe·

214 4805 300 4851 esse:
334 4781 466 4860 deinde,
500 4779 636 4845 subinde
670 4777 838 4856 discendo,
871 4779 1043 4844 continuos
1075 4781 1180 4846 facere
1233 4781 1335 4846 rende
1358 4792 1485 4862 paratos
1506 4807 1576 4851 esse
1598 4794 1725 4870 oportet
1747 4792 1801 4871 qui
1826 4794 1895 4857 Deo
1917 4796 2040 4860 serviro
2067 4795 2202 4862 volunt:

215 4889 406 4954 progressus
436 4889 501 4933 non
532 4876 690 4930 recusant.
735 4863 830 4944 Quod
859 4864 914 4929 alii
941 4866 976 4928 in
998 4866 1180 4932 accusativo
1233 4878 1270 4931 ut
1291 4887 1349 4948 per
1369 4868 1534 4934 infamiam
1563 4882 1597 4937 et
1627 4873 1741 4937 bonam
1774 4877 1893 4942 lamam
1922 4879 2106 4946 ambulent:
2142 4903 2204 4946 neo

216 4955 340 5038 legunt,
362 4955 447 5020 sieut
470 4953 589 5030 doctos,
612 4949 730 5014 durum
753 4969 790 5014 ac
812 4960 971 5015 remotum
993 4958 1053 5014 est.
1233 4962 1361 5017 tantum
1384 4952 1504 5038 plagas,
1528 4957 1653 5037 exsilia,
1678 4959 1814 5039 vincula,
1838 4973 1959 5032 mortes
1976 4978 2222 5046 contemnant„

302 5040 331 5105 5.
360 5037 529 5124 (Dominus
552 5034 690 5120 Ielrooo.)
734 5035 858 5099 Iterum
881 5035 997 5117 repetit
1017 5034 1100 5118 quod
1123 5057 1181 5100 an·
1233 5036 1290 5102 sed
1324 5038 1421 5102 etiam
1455 5042 1573 5122 probra
1605 5056 1638 5108 et
1670 5045 1897 5133 ignominiam,
1933 5053 2065 5118 temetsi
2096 5065 2205 5121 morte

218 5136 270 5191 tea
293 5125 435 5191 dixerat:
459 5135 554 5207 atque
576 5123 629 5189 hie
651 5118 897 5203 comprehendit
918 5121 1027 5186 omnia
1044 5141 1125 5217 quae
1141 5122 1179 5186 ad
1234 5121 1398 5188 interdum
1431 5124 1561 5193 duriora
1592 5150 1662 5195 esse
1695 5131 1873 5200 videantur.
1925 5135 2020 5205 Haeo
2053 5139 2206 5205 doctrina

218 5211 360 5278 doctoris
382 5212 526 5279 officium
549 5209 724 5294 pertinent.
758 5204 841 5270 Nam
865 5207 983 5287 apertio
1007 5227 1094 5271 auris
1116 5228 1181 5272 non
1234 5227 1334 5291 quum
1358 5208 1399 5274 ad
1420 5212 1489 5293 pios
1511 5234 1623 5282 omnes
1645 5216 1816 5299 pertineat,
1840 5233 1909 5286 tum
1935 5243 2011 5289 vero
2028 5227 2207 5311 praecipue
