4784 5970
188 343 250 408 683
996 335 1380 405 PRAELEOTIONES
2146 336 2208 402 684

188 533 351 598 studuerit
383 529 469 610 ipsos
497 526 536 589 ad
567 549 601 592 se
631 548 798 593 revocare:
833 527 950 593 deinde
979 526 1064 610 quod
1093 546 1157 591 non
1211 526 1280 592 nlla
1301 524 1336 591 in
1358 548 1395 592 rs
1417 550 1453 593 ss
1475 528 1653 611 praeferre,
1687 539 1719 594 et
1747 527 1809 595 hac
1837 530 1873 594 in
1895 538 1997 613 parte
2020 538 2131 594 erant
2159 527 2208 590 in·

189 630 316 682 tantum
352 614 500 678 doctrina
534 634 611 678 usus
643 614 760 693 suerit,
795 612 851 678 sed
884 614 983 678 etiam
1017 612 1159 678 clamore
1210 612 1361 693 seriores,
1391 612 1476 697 quod
1499 623 1629 679 tantum
1651 612 1844 681 constabant
1871 635 1914 679 ex
1944 633 2021 680 una
2053 612 2155 678 tribu
2176 624 2208 677 st

189 703 289 790 (baud
312 701 408 766 dubie
431 701 516 763 enim
540 700 689 764 clamoris
712 700 845 765 nomine
867 697 1023 783 intelligit
1041 697 1159 763 exhor·
1211 697 1361 764 dimidiu:
1393 699 1496 765 maior
1527 711 1635 764 autem
1669 710 1740 766 erat
1773 699 1950 766 multitudo
1989 700 2115 766 decem
2148 699 2207 762 tri·

189 791 326 855 tationes
349 800 381 852 et
405 785 519 861 minas,
546 807 627 867 quae
651 785 830 850 debuerant
852 785 925 868 plus
948 785 1068 850 habere
1091 784 1159 848 effi-
1210 784 1319 850 buum.
1364 785 1471 851 Vocat
1492 806 1594 851 senen
1615 784 1775 869 Ephraim
1795 796 1930 872 propter
1961 786 2124 869 primum
2156 805 2205 849 re·

189 876 297 942 caciae
325 877 365 938 ad
396 873 482 952 ipsos
513 871 759 954 permovendos)
794 873 828 936 in
859 870 919 936 hac
953 871 1160 936 contumacia
1211 891 1302 954 gem:
1336 869 1452 936 deinde
1474 872 1628 953 quoniam
1650 872 1756 937 tribus
1778 873 1834 937 illa
1857 872 2005 938 nobilior
2034 872 2111 937 fuit
2133 871 2207 936 aliis

188 983 336 1027 summus
353 960 492 1023 furiosae
508 958 661 1023 audaciae
676 957 827 1023 cumulus
842 965 986 1040 apparet.
1021 954 1160 1022 Summa
1211 976 1337 1021 novem.
1383 957 1428 1021 Et
1449 956 1533 1040 apud
1558 958 1735 1041 prophetas
1763 958 1885 1040 passim
1909 958 2089 1042 Ephraim
2113 957 2208 1040 poni·

190 1060 254 1123 est,
290 1048 395 1111 Deum
419 1064 531 1107 omnes
550 1047 691 1108 rationes
719 1053 890 1125 expertum
922 1062 1007 1115 esse.
1042 1040 1158 1124 quibus
1211 1052 1266 1105 tur
1287 1062 1345 1125 pro
1367 1041 1480 1120 Israel,
1503 1043 1637 1121 houset,
1660 1044 1908 1135 propagnoillo
1924 1043 2092 1119 secundo,
2118 1043 2206 1125 quod

189 1133 360 1198 reduceret
382 1129 520 1193 Iudaeos
544 1130 583 1193 ad
607 1150 719 1193 sanam
751 1139 907 1207 mentem,
940 1127 1004 1191 nisi
1025 1148 1159 1210 prorsus
1213 1136 1322 1192 tamen
1357 1128 1525 1211 opulentia
1557 1131 1661 1214 magis
1700 1131 1844 1196 florebat.
1896 1129 1998 1196 Nunc
2041 1139 2206 1194 tenemus

190 1220 327 1284 fuissent
350 1216 520 1297 desperati.
567 1216 680 1297 Neque
703 1217 790 1279 enim
815 1213 913 1279 semel
946 1220 1074 1278 tantum
1105 1233 1160 1276 eos
1211 1213 1380 1280 consilium
1404 1215 1588 1297 prophetae.
1632 1215 1721 1281 Hinc
1745 1237 1823 1281 vero
1843 1214 2034 1300 colligenda
2058 1223 2120 1281 ast
2141 1215 2207 1280 uti·

190 1304 329 1381 vocavit,
352 1302 408 1367 sed
431 1303 575 1384 saepius:
609 1300 725 1366 deinde
747 1299 923 1383 prophetas
944 1299 1100 1364 instruxit
1122 1318 1160 1361 ea

191 1392 312 1454 virtute
337 1402 372 1452 ut
393 1399 525 1452 strenue
549 1388 777 1451 incumberent
802 1385 843 1449 ad
872 1383 1059 1450 obeundum
1087 1404 1160 1448 mu·

191 1497 261 1539 nus.
295 1476 368 1540 Non
394 1483 524 1536 tantum
547 1472 654 1537 docuit
678 1493 735 1554 per
758 1472 845 1554 ipsos
867 1471 944 1554 quid
968 1481 1052 1535 esset
1070 1469 1160 1547 utile,

191 1562 244 1626 sed
260 1561 414 1637 clamavit,
438 1558 498 1622 hoc
514 1571 572 1632 est,
596 1558 721 1621 addidit
736 1559 891 1622 maiorem
908 1556 1160 1631 vehementiam,

191 1658 227 1710 ut
249 1647 385 1710 tarditas
408 1646 633 1727 corrigeretur.
668 1642 781 1723 Quum
804 1664 881 1726 ergo
903 1640 985 1707 nihil
1005 1641 1160 1724 profuerit

191 1733 283 1797 Deus
316 1730 468 1794 omnibus
502 1729 623 1811 modis,
658 1729 739 1793 nihil
772 1738 889 1811 restat,
925 1727 986 1793 nisi
1015 1739 1050 1790 ut
1077 1727 1161 1791 male

191 1827 335 1900 pereant,
358 1814 485 1894 quando
508 1817 552 1878 ita
569 1827 645 1880 sunt
660 1813 779 1896 perditi
796 1835 856 1879 sua
870 1825 994 1897 sponte.
1030 1811 1162 1878 Faciam

191 1904 289 1986 igitur
310 1901 382 1966 huic
403 1902 517 1975 danai,
547 1902 662 1982 inquit,
693 1903 729 1964 iu
756 1922 819 1982 qua
846 1900 1021 1967 thomatem
1042 1903 1087 1964 est
1108 1918 1161 1963 uo·

190 2009 259 2052 mera
281 2007 389 2051 meum.
422 1986 497 2052 Non
522 1985 653 2050 dubium
671 1998 720 2049 est
738 1988 817 2068 quin
834 1985 1023 2069 praeveniat
1047 2006 1161 2050 omnes

193 2074 399 2157 exceptiones
422 2093 519 2153 quum
544 2071 630 2148 dicit,
660 2071 737 2138 Scio
760 2071 837 2154 quid
860 2072 932 2139 sitis
954 2069 1084 2148 dicturi,
1115 2070 1161 2134 lo·

192 2182 265 2225 cum
289 2159 376 2222 hunc
399 2179 526 2222 sacrum
550 2180 620 2222 esse
644 2160 731 2232 Deo,
763 2168 795 2222 et
823 2158 891 2223 illic
918 2158 1065 2224 invocari
1092 2158 1161 2220 eius

194 2266 320 2321 nomen,
344 2254 376 2308 et
391 2244 458 2308 illic
473 2245 583 2307 offerri
606 2245 778 2308 sacrificia:
801 2244 1020 2320 haecomnia,
1043 2245 1161 2324 inquit,

193 2331 341 2412 profectu
365 2331 531 2407 carebunt,
554 2331 629 2411 quia
651 2331 745 2394 etiam
766 2330 801 2393 in
821 2327 888 2394 Silo
910 2330 1084 2394 invocatum
1099 2329 1163 2410 fuit

193 2437 300 2482 tremere
323 2415 402 2490 Dei,
436 2423 462 2479 ct
484 2416 549 2480 illic
577 2415 744 2479 habdavit:
776 2415 927 2498 quamvis
956 2435 1034 2497 ergo
1060 2414 1162 2478 stulte

193 2504 321 2585 ponatis
345 2501 493 2565 fiduciam
518 2514 660 2566 vestram
683 2503 718 2565 in
747 2500 808 2567 hoc
836 2500 924 2581 loco,
959 2521 1024 2565 nou
1053 2510 1160 2564 tamen

194 2589 328 2670 effugiet
350 2609 485 2669 poenam
507 2609 588 2667 quae
610 2587 735 2651 indicta
756 2586 818 2651 fuit
836 2586 946 2669 priori.
991 2585 1161 2668 Adiungit,

199 2675 296 2755 Quem
316 2674 388 2738 dedi
410 2673 494 2737 uobis
521 2678 548 2736 et
571 2674 717 2753 patribus
744 2674 872 2738 vestrm:
904 2672 949 2737 sit
969 2672 1027 2736 ita.
1071 2671 1163 2736 Hace

194 2762 302 2825 omnia
336 2780 394 2841 per
428 2760 669 2824 concessionem
703 2758 841 2841 legenda
874 2770 967 2824 sunt:
1000 2768 1032 2821 et
1064 2755 1162 2822 simul

195 2846 318 2911 accedit
340 2844 545 2927 anticipatio,
580 2854 617 2907 ut
638 2843 824 2929 intelligant
846 2843 958 2909 Iudaei
989 2843 1070 2907 nihil
1100 2842 1162 2906 sibi

194 2932 357 3014 prodesse,
379 2931 463 3011 quod
480 2930 572 2994 Deus
595 2932 627 2993 in
651 2941 763 2994 monte
779 2930 859 2996 Sion
882 2930 1033 2996 voluerat
1055 2948 1163 2993 saera·

195 3020 280 3081 rium
309 3017 368 3080 sibi
398 3018 530 3080 exstrui.
576 3017 659 3080 Erat
689 3016 776 3081 enim
804 3014 885 3080 illud
913 3015 1162 3081 incitamentum

195 3103 235 3165 ad
256 3104 418 3184 pietatem.
464 3101 574 3180 Quum
598 3123 675 3166 vero
697 3123 831 3185 prorsus
854 3103 888 3166 in
911 3101 1073 3166 diversam
1091 3121 1164 3182 par-

195 3198 261 3252 tem
285 3207 462 3252 conversus
492 3196 577 3250 esset
607 3187 695 3251 loeus
728 3187 799 3263 ille,
833 3197 866 3250 et
898 3208 997 3268 quum
1031 3185 1164 3268 indigne

195 3274 402 3356 profanatum
425 3283 511 3336 esset
533 3272 599 3337 illic
630 3293 750 3336 nomen
771 3271 850 3348 Dei,
881 3272 974 3345 dicit,
1004 3270 1165 3351 Quamvis

195 3359 283 3424 hunc
309 3359 416 3423 locum
446 3368 478 3423 et
506 3358 596 3422 vobis
627 3371 659 3421 et
688 3357 834 3440 patribus
863 3359 982 3423 vestris
1011 3355 1165 3433 dederim,

196 3445 299 3595 gihilo
326 3455 434 3508 tamen
465 3444 578 3509 melior
607 3446 678 3511 eius
706 3442 846 3509 conditio
874 3445 936 3509 erit
965 3463 1064 3527 quam
1083 3441 1164 3508 Silo.

224 3533 361 3613 equitur,

284 3754 333 3817 15.
363 3753 406 3816 Et
423 3753 590 3832 proiiee'am
613 3772 666 3817 eos
688 3773 709 3815 c
730 3752 811 3832 facie
833 3772 912 3833 meo,
936 3752 1030 3817 seue
1045 3753 1167 3832 proteu

197 3859 300 3903 omnes
320 3839 436 3920 fratres
456 3843 580 3915 cestros,
602 3842 696 3902 totum
718 3858 820 3902 scaen
843 3837 1011 3920 Ephraim.

1211 1300 1251 1365 lis
1273 1297 1437 1377 doctrina,
1474 1298 1579 1365 Deum
1605 1321 1774 1384 nunquam
1797 1302 1844 1367 sic
1865 1301 1968 1367 fuisse
1994 1300 2206 1368 obstrictum

1212 1384 1270 1450 uni
1300 1386 1434 1470 populo,
1469 1386 1520 1451 vel
1550 1386 1635 1465 loeo,
1669 1388 1747 1469 quin
1775 1387 1914 1453 liberum
1947 1397 2041 1453 esset
2076 1407 2206 1471 poenas

1211 1472 1343 1553 exigere
1367 1471 1406 1534 de
1429 1491 1540 1536 eorum
1563 1472 1749 1553 impietate,
1782 1473 1838 1556 qui
1861 1474 1930 1538 aius
1952 1474 2131 1539 beneficia
2153 1473 2205 1538 vel

1212 1558 1375 1640 aspernati
1398 1557 1544 1640 fuerant,
1574 1558 1626 1622 vel
1650 1560 1904 1643 profanaverant
1926 1580 1990 1624 sua
2013 1560 2205 1644 ingratitu-

1213 1644 1289 1708 dine
1311 1653 1344 1706 et
1361 1644 1428 1709 suis
1443 1643 1627 1710 sceleribus.
1660 1644 1800 1728 Hocque
1815 1645 1993 1728 diligenter
2009 1643 2203 1710 notandum

1213 1738 1278 1808 est,
1311 1730 1386 1810 quia
1408 1729 1557 1794 videmus
1579 1729 1640 1795 hoc
1662 1730 1779 1795 vitium
1810 1731 1902 1815 quasi
1925 1731 2024 1797 nobis
2048 1752 2133 1797 esse
2155 1732 2204 1795 in·

1213 1815 1370 1898 genitum,
1392 1827 1428 1878 ut
1450 1816 1572 1882 scilicet
1594 1817 1819 1898 superbiamus
1850 1817 1978 1900 quoties
2011 1817 2202 1883 liberaliter

1214 1899 1383 1966 nobiscum
1399 1899 1490 1966 Deus
1512 1902 1589 1985 egit.
1623 1901 1679 1968 Sic
1701 1902 1788 1968 enim
1811 1903 1979 1969 abutimur
2002 1904 2081 1968 eius
2102 1903 2201 1968 bene·

1214 1987 1314 2064 ficiis,
1349 1997 1387 2057 ut
1409 1994 1560 2068 putemus
1584 1987 1677 2053 nobis
1699 1988 1773 2071 plus
1795 1988 1909 2065 licere,
1942 1989 2023 2071 quia
2054 1990 2139 2072 plns
2166 1989 2199 2053 in

1215 2093 1273 2136 nos
1295 2071 1450 2150 contulit,
1483 2094 1580 2155 quam
1603 2073 1638 2139 in
1660 2074 1751 2139 alios.
1795 2074 1868 2141 Hac
1895 2083 2007 2139 autem
2037 2074 2199 2158 superbia

1214 2157 1296 2223 nibil
1320 2167 1370 2222 est
1391 2159 1495 2240 magis
1518 2179 1723 2240 perversum:
1757 2165 1790 2225 et
1812 2171 1923 2225 tamen
1951 2160 2001 2224 ita
2023 2161 2197 2226 insolesci-

1215 2265 1287 2307 mus
1310 2245 1435 2325 quoties
1459 2264 1517 2308 nos
1538 2245 1628 2309 Deus
1651 2247 1784 2311 ornavit
1811 2245 2033 2330 peculiaribus
2064 2247 2194 2331 gratiis.

1214 2328 1369 2394 'Ponenda
1390 2339 1441 2393 est
1462 2329 1564 2412 igitur
1587 2329 1667 2396 haec
1688 2333 1866 2414 prophetae
1888 2330 2049 2412 doctriua,
2075 2352 2195 2415 nempe

1215 2414 1285 2479 Deo
1308 2434 1437 2496 semper
1466 2414 1605 2479 liberum
1634 2437 1705 2482 esse
1733 2417 1906 2496 iudicium,
1941 2427 1979 2481 ut
2007 2419 2194 2484 vindictam

1215 2510 1322 2566 sumat
1350 2497 1389 2563 de
1419 2499 1526 2582 impiis
1553 2510 1585 2565 et
1613 2502 1761 2587 ingratis.
1804 2502 1895 2569 Hinc
1923 2503 2024 2569 etiam
2056 2514 2195 2587 apparet

1215 2607 1310 2670 quam
1333 2585 1433 2650 stulta
1455 2587 1497 2650 sit
1525 2587 1725 2670 papistarum
1754 2589 1924 2655 iactantia:
1954 2610 2033 2653 nam
2066 2591 2193 2673 quoties

1215 2679 1383 2754 opponunt
1406 2671 1498 2737 nobis
1520 2672 1605 2737 sedis
1627 2674 1822 2756 apostolieae
1844 2696 1978 2750 nomen,
2011 2687 2191 2757 putantes

1215 2757 1381 2823 occlusum
1413 2778 1484 2823 esse
1517 2759 1604 2823 Deo:
1639 2770 1756 2842 putant
1790 2781 1920 2825 omnem
1953 2760 2056 2826 fidem
2094 2760 2190 2826 verbo

1216 2845 1285 2908 eius
1306 2863 1377 2907 esse
1400 2842 1593 2908 detractam:
1622 2845 1762 2928 denique
1785 2844 2010 2919 obdurescunt
2031 2846 2191 2913 adversus

1215 2927 1335 3009 Deum,
1357 2931 1449 3012 quasi
1472 2929 1536 2994 illis
1558 2941 1643 2995 esset
1666 2931 1812 3015 legitima
1834 2933 2004 3015 possessio,
2032 2935 2190 3016 qnoniam

1216 3014 1315 3079 semel
1338 3015 1560 3096 praedicatum
1583 3017 1646 3081 luit
1668 3017 1794 3083 Rome
1808 3017 2027 3103 evangelium,
2051 3027 2088 3084 st
2103 3018 2190 3085 locus

1216 3101 1271 3165 ille
1294 3101 1355 3165 suit
1377 3101 1469 3182 quasi
1492 3103 1598 3182 prima
1626 3102 1719 3168 sedes
1748 3104 1901 3169 ecclesias
1930 3113 1998 3167 tam
2029 3105 2066 3168 in
2096 3104 2190 3169 Italia

1217 3208 1314 3268 quam
1336 3187 1534 3269 inliluropa.
1580 3190 1680 3271 Atqui
1703 3187 1796 3254 Deus
1819 3210 1986 3272 nunquam
2008 3189 2068 3254 illo
2093 3190 2190 3274 priri-

1217 3272 1301 3352 legio
1334 3272 1505 3354 insignivit
1538 3274 1651 3338 urbem
1674 3275 1831 3354 Romam,
1865 3296 1968 3359 neque
2003 3276 2092 3341 dixit
2125 3275 2189 3340 illic

1217 3354 1277 3421 sibi
1300 3378 1371 3421 esso
1405 3356 1614 3423 domicilium.
1660 3358 1696 3424 Si
1730 3360 1865 3427 haberet
1920 3381 1981 3445 apa
2013 3380 2091 3426 cum
2124 3362 2189 3426 suis

1217 3441 1302 3524 quod
1324 3440 1488 3508 habebant
1511 3456 1589 3510 tunc
1611 3443 1726 3510 Iudaei
1749 3448 1847 3529 (quod
1870 3382 1918 3511 ael
1933 3458 2082 3512 montem
2109 3444 2190 3514 Sion

1218 3527 1372 3613 pertinet)
1395 3530 1467 3612 quis
1489 3530 1589 3594 ferret
1612 3551 1723 3595 eorum
1747 3536 1908 3610 furorem,
1940 3552 2005 3598 non
2036 3533 2112 3600 dieo
2141 3554 2189 3598 su·

1217 3614 1385 3697 perbiam?
1427 3615 1529 3697 Atqui
1553 3615 1700 3682 videmus
1722 3617 1799 3700 quid
1821 3620 2010 3701 pronuntiet
2032 3617 2190 3684 Ieremias

1218 3700 1390 3764 demente
1420 3699 1519 3784 Sion,
1549 3700 1588 3765 de
1618 3723 1684 3784 quo
1713 3714 1823 3768 tamen
1852 3702 1972 3769 dictum
2005 3717 2079 3770 erat
2101 3705 2191 3770 Haec

1218 3787 1345 3868 requies
1367 3806 1440 3850 msa
1462 3787 1497 3849 in
1512 3789 1677 3853 saeculum
1693 3789 1831 3854 saeculi:
1854 3789 2089 3877 hicuhabitabo,
2113 3810 2191 3874 quo·

1218 3872 1303 3935 niam
1328 3871 1412 3954 elegi
1442 3892 1523 3936 eam.
1570 3873 1618 3938 Ite
1645 3893 1735 3950 uuae,
1766 3875 1882 3958 inquit,
1911 3876 1946 3940 in
1969 3875 2049 3941 Silo.
2095 3876 2192 3942 Nunc

1162 3966 1165 3970 ’
1218 3979 1259 4021 ex
1282 3977 1345 4040 quo
1368 3955 1448 4035 Silo,
1472 3968 1503 4022 et
1526 3958 1738 4042 lerosolyma.
1762 3974 1794 4023 et
1816 3967 1867 4024 tot
1888 3961 2123 4028 celeberrimas
2142 3984 2192 4028 nr·

284 4042 456 4107 Concludit
489 4041 689 4122 superiorem
722 4043 927 4107 sententiam.
972 4040 1063 4107 Satis
1095 4042 1165 4125 qui·

1219 4045 1284 4119 bes,
1308 4042 1364 4106 ubi
1387 4042 1463 4107 olim
1479 4045 1589 4107 floruit
1605 4046 1823 4129 evangelium,
1846 4046 1939 4112 nobis
1954 4060 2091 4132 ereptae
2106 4057 2191 4129 sunt,

199 4130 271 4193 dem
295 4150 329 4193 se
351 4129 552 4211 explicuerat
573 4128 746 4209 propheta:
780 4127 836 4192 sed
861 4128 1064 4193 confirmatio
1086 4127 1167 4192 baec
1219 4126 1433 4193 dubitandum
1457 4150 1522 4193 non
1545 4141 1594 4194 est
1616 4131 1694 4212 quin
1717 4131 1884 4197 horribilis
1906 4133 1998 4213 ultio,
2022 4143 2056 4198 st
2079 4135 2193 4201 interi·

198 4215 381 4280 necessaria
403 4214 466 4276 fnit
488 4212 573 4294 apud
606 4226 671 4277 tam
703 4214 885 4295 praefracta
912 4215 1028 4295 capita.
1073 4213 1166 4277 Nihil
1219 4225 1271 4279 tus
1282 4225 1415 4278 maneat
1426 4236 1479 4279 eos
1491 4217 1670 4299 omnesqui
1685 4217 1802 4283 salutis
1821 4217 2002 4284 doctrinam
2019 4233 2193 4303 respuunt,

199 4321 275 4382 ergo
298 4320 418 4364 novum
441 4297 544 4376 affert,
568 4300 624 4363 sed
649 4308 779 4364 tantum
803 4297 946 4363 ostendit
968 4298 1071 4364 nihilo
1093 4301 1166 4382 plus
1219 4311 1251 4363 et
1284 4299 1341 4381 qui
1374 4299 1580 4382 vilipendunt
1617 4303 1808 4367 thesaurum
1849 4303 2022 4389 evangelii.
2080 4304 2193 4387 Quum

198 4384 410 4468 popularibus
433 4383 499 4447 suis
528 4386 597 4447 fore
630 4385 782 4467 praesidii
817 4382 975 4471 adversus
1001 4386 1062 4449 Dei
1095 4387 1167 4449 vin·
1219 4404 1297 4469 ergo
1319 4391 1369 4449 tot
1391 4385 1593 4452 documentis
1617 4389 1707 4454 Deus
1728 4386 1906 4454 ostenderit
1927 4410 1962 4456 se
1985 4411 2053 4455 non
2078 4392 2193 4476 alliga·

198 4470 327 4548 dictam,
350 4492 445 4552 quam
470 4470 566 4532 fuerit
587 4471 755 4536 Israelitis.
801 4471 845 4535 Et
867 4468 939 4534 ideo
964 4492 1051 4535 nunc
1073 4478 1167 4536 vocat
1219 4478 1290 4535 tum
1313 4491 1383 4535 esse
1407 4471 1482 4536 ullis
1504 4471 1597 4552 loeis,
1630 4496 1727 4556 quam
1750 4474 1870 4540 stolida
1891 4484 1940 4541 est
1966 4476 2032 4542 ista
2058 4476 2193 4557 ferocia,

77 4609 81 4614 .
196 4557 314 4638 {ratres
335 4557 485 4636 ipsorum,
508 4556 603 4619 sicuti
627 4558 718 4638 prius
741 4557 895 4641 populum
919 4554 1013 4620 suum
1030 4556 1166 4621 dixerat.
1219 4556 1304 4639 quod
1339 4556 1455 4621 volunt
1488 4559 1583 4622 titulo
1617 4559 1703 4625 sedis
1737 4560 1931 4643 apostolicae
1962 4562 2194 4630 Romanenscs

198 4642 280 4706 Erat
303 4645 390 4706 enim
415 4664 472 4724 par
492 4640 631 4706 conditio
655 4641 763 4706 decem
792 4641 953 4717 tribuum,
985 4642 1088 4707 donec
1109 4664 1166 4708 vo·
1219 4652 1367 4707 evertere
1396 4652 1428 4706 et
1450 4664 1579 4708 omnem
1609 4645 1788 4711 doctrinam
1818 4656 1851 4710 et
1878 4666 2007 4712 omnem
2039 4649 2194 4716 timorem

198 4727 259 4792 luit
282 4728 374 4792 Deus
396 4748 504 4793 arcam
526 4747 618 4790 suam
642 4727 760 4793 deferri
783 4729 817 4794 in
846 4737 990 4792 montem
1014 4726 1103 4805 Sion,
1132 4739 1167 4792 ut
1219 4727 1299 4806 Dei,
1342 4739 1374 4792 et
1404 4728 1560 4812 quidquid
1594 4731 1634 4794 ad
1667 4732 1859 4815 religionem
1893 4733 2041 4815 spectat?
2097 4737 2195 4802 Nunc

199 4814 333 4879 haberet
361 4814 470 4877 sedem
494 4814 526 4875 in
551 4813 638 4876 tribu
661 4814 819 4881 Iehudah.
865 4813 1065 4879 Sedamnos
1096 4835 1167 4896 por·
1220 4835 1402 4898 pergamus.

200 4920 301 4981 aeque
325 4906 420 4963 erant
441 4899 498 4961 filii
522 4897 692 4962 Abrahae:
723 4901 839 4966 deinde
867 4900 1049 4981 superiores
1075 4911 1168 4963 erant

199 4985 383 5064 israelitae,
417 4985 530 5048 saltem
562 5006 699 5049 numero
731 4999 762 5051 et
792 4989 951 5070 potentia,
986 4987 1057 5050 ideo
1091 4985 1168 5051 dicit
1308 4984 1357 5048 16.
1390 4985 1433 5049 Et
1455 4992 1488 5049 tu
1509 5007 1546 5051 ue
1568 5007 1635 5052 ores
1652 5008 1715 5070 pro
1732 4991 1848 5071 populo
1875 4991 1943 5071 hoe,
1972 4996 2000 5055 et
2032 5015 2070 5058 ae
2101 4995 2196 5060 elaces

199 5076 293 5135 totum
314 5092 426 5140 semen.
472 5071 545 5134 Hoc
568 5071 750 5154 emphatice
774 5074 921 5137 additur:
945 5072 1058 5136 Iudaei
1081 5073 1166 5136 enim
1215 5091 1276 5150 pro
1298 5071 1380 5151 ipsis
1407 5072 1586 5151 clauseram,
1616 5080 1644 5138 et
1666 5078 1892 5157 precationem,
1920 5083 1949 5141 et
1978 5099 2016 5140 ue
2047 5100 2198 5146 occurras

200 5154 365 5222 habebant
399 5158 558 5221 duntaxat
589 5157 754 5222 dimidiam
787 5160 908 5224 tribum
933 5158 1085 5221 Manasse
1118 5179 1166 5221 se·
1237 5155 1435 5235 intercedas,
1470 5170 1518 5222 est
1548 5160 1634 5223 enim
1659 5162 1890 5226 translatitium
1915 5163 2062 5231 verbum.
2111 5168 2195 5231 Nam

200 5263 290 5305 cum:
326 5244 435 5308 decem
460 5243 563 5307 tribus
586 5245 767 5326 perierant:
798 5268 863 5310 non
893 5253 1043 5325 poterant
1065 5245 1167 5327 igitur
1192 5202 1195 5299 l

1222 5155 1278 5317 itte
1301 5244 1461 5326 significat
1484 5246 1613 5310 obviam
1637 5245 1700 5325 ire,
1732 5245 1787 5311 sed
1817 5250 1973 5332 accipitur
2003 5272 2064 5333 pro
2095 5255 2196 5319 inter·
