4784 5970
188 359 252 425 339

189 550 222 614 in
246 549 337 614 nobis
360 561 419 631 est,
442 568 619 613 arceamus.
654 550 699 612 Et
721 558 807 614 certe
829 549 973 634 quisquis
996 553 1158 633 permittit

190 635 274 717 quod
296 634 468 717 prohibere
491 634 575 709 licet,
600 634 835 715 quodammodo
858 637 965 700 iubet:
997 646 1034 701 nt
1057 637 1155 700 silen-

190 721 270 784 tium
299 719 457 802 quaedam
480 721 524 784 sit
545 721 668 802 species
697 741 883 787 cousensus.
929 721 1055 786 Eodem
1084 744 1156 805 per-

189 808 273 870 tinet
295 806 380 888 quod
403 807 575 872 subiicitur
598 807 789 870 membrum.
834 818 925 874 betti
951 808 1005 871 alii
1029 809 1157 890 passive

189 892 368 974 accipiunt,
399 901 431 956 et
453 891 551 955 talem
575 893 751 974 prophetae
774 913 907 957 sensum
929 914 998 958 esse
1020 901 1156 976 putant:

188 976 294 1041 Nemo
317 979 402 1043 iuste
432 976 602 1053 iudicatur,
633 979 707 1059 quie
729 980 839 1042 omnia
868 977 964 1060 plena
986 984 1063 1043 sunt
1086 999 1156 1044 cor-

189 1063 335 1145 ruptelis,
361 1063 486 1127 interea
508 1083 603 1126 nemo
625 1073 794 1146 repugnat.
839 1062 904 1129 Sed
928 1066 1034 1129 activa
1055 1065 1156 1147 signi·

189 1148 300 1213 ficatio
319 1149 432 1212 melius
451 1150 613 1227 convenit,
633 1150 709 1230 quia
726 1150 812 1213 inter
830 1169 865 1214 se
883 1149 1059 1214 cohaerent
1078 1151 1158 1214 haec

190 1233 263 1311 duo,
287 1234 449 1298 neminem
473 1234 614 1299 clamare
636 1255 693 1316 pro
716 1235 852 1299 iustitia:
877 1243 910 1299 et
930 1236 1077 1300 veritatis
1100 1245 1157 1298 aut

188 1319 396 1384 rectitudinis
424 1320 548 1385 nullum
571 1341 642 1384 esse
663 1319 837 1385 vindicem.
883 1320 967 1384 Nam
990 1321 1077 1402 quod
1100 1321 1156 1384 alii

190 1413 332 1484 vertunt,
359 1405 463 1469 Nemo
486 1426 521 1470 se
543 1406 648 1486 ipsum
671 1405 793 1471 iudicat
814 1427 901 1488 vere,
923 1404 1021 1489 paulo
1044 1406 1156 1471 durius

189 1501 248 1555 est.
293 1490 465 1556 Caeterum
499 1492 574 1573 quia
607 1490 720 1555 multis
751 1491 830 1556 loeis
862 1490 923 1557 hoo
953 1492 1088 1557 verbum
1122 1495 1154 1556 in

188 1576 312 1659 Niphal
335 1596 394 1660 pro
418 1577 597 1659 disceptare
619 1577 753 1657 capitur,
777 1585 950 1642 contextus
974 1577 1027 1642 hie
1049 1579 1156 1659 aptius

189 1662 291 1726 fluere
314 1663 404 1726 visus
433 1673 495 1737 est,
527 1663 689 1725 neminem
716 1683 750 1726 se
771 1663 978 1745 interponere
1005 1684 1063 1746 pro
1085 1664 1156 1728 iure

190 1748 322 1826 tuendo,
352 1756 389 1811 ut
410 1748 567 1811 iustitiam
599 1748 698 1812 libere
721 1757 753 1812 et
774 1747 862 1813 clara
884 1767 963 1813 voce
994 1748 1155 1827 defendat,

190 1844 222 1897 et
245 1833 351 1916 litiget
373 1854 443 1898 cum
467 1832 634 1914 improbis:
659 1833 722 1898 nisi
744 1834 828 1901 forte
849 1834 989 1899 clamare
1011 1855 1070 1918 pro
1093 1835 1157 1901 ius-

191 1918 263 1983 titia
292 1918 331 1983 ad
355 1920 491 1984 miseros
521 1919 577 2000 qui
605 1918 724 1983 iniuste
744 1932 907 1984 vexantur
935 1919 1057 1985 referre
1086 1921 1156 2004 pla·

191 2013 277 2070 caat:
301 2003 392 2086 quasi
414 2003 536 2068 diceret
557 2024 611 2068 eos
625 2005 860 2085 obmutescere,
882 2006 956 2086 quia
978 2004 1061 2070 nihil
1086 2028 1156 2089 pro

190 2091 326 2154 ficerent
347 2090 526 2155 clamando.
567 2088 634 2153 Sed
657 2090 717 2155 hoc
740 2110 866 2173 quoque
887 2111 1039 2173 asperum
1061 2102 1155 2155 esset.

191 2174 286 2256 Quod
315 2175 343 2239 ei
366 2184 431 2239 tam
462 2195 574 2239 severe
604 2173 803 2240 damnantur
829 2197 849 2240 a
871 2175 941 2240 Deo
970 2177 1025 2258 qui
1052 2177 1156 2243 iustas

191 2260 361 2325 hominum
390 2281 503 2325 causas
536 2260 724 2342 negligunt,
757 2282 816 2326 nec
845 2272 1039 2327 succurrunt
1068 2261 1155 2326 labo·

191 2346 356 2422 rantibus,
391 2346 466 2428 quid
497 2345 588 2409 nobis
618 2348 672 2409 fiet
702 2347 729 2409 si
758 2345 868 2410 nullus
896 2347 983 2411 aelus
1016 2346 1156 2412 tuendae

192 2431 313 2515 gloriae
336 2429 399 2494 Dei
422 2451 481 2494 noe
503 2430 543 2493 ad
566 2430 722 2495 scelerum
745 2431 1002 2514 obiurgationem
1024 2433 1156 2498 incitet?

183 2518 220 2580 -si
243 2517 476 2581 conniveamus
502 2516 651 2580 ludibriis
678 2516 794 2598 quibus
819 2517 911 2599 impii
933 2539 1058 2584 sacram
1081 2520 1155 2583 doc·

192 2603 311 2665 trinam
338 2604 397 2667 Dei
426 2602 643 2680 subsannant,
673 2622 855 2684 nomenque
877 2604 946 2668 eius
968 2605 1156 2687 profanant:

191 2689 218 2751 si
238 2687 492 2753 machinationes
515 2688 631 2769 quibus
654 2686 788 2770 perdere
810 2698 968 2753 conentur
990 2690 1155 2756 ecclesiam

189 2772 255 2837 Dei
273 2773 485 2858 negligamus,
507 2793 615 2837 annon
639 2775 754 2838 merito
775 2773 928 2855 perfidiae
950 2774 1157 2841 damnabitur

191 2858 357 2923 silentium
391 2858 564 2922 nostrum?
601 2859 641 2921 ln
674 2880 817 2937 summa,
851 2870 975 2925 rectum
1008 2861 1155 2927 ordinem

193 2955 303 3009 nostra
325 2943 420 3025 eulpa
443 2965 571 3026 pessum
594 2944 642 3007 ire
664 2944 742 3009 dicit
764 2944 881 3021 Isaiae,
912 2947 975 3010 uisi
997 2946 1156 3029 improbis

192 3029 297 3111 quoad
330 3030 365 3092 in
395 3030 487 3093 nobis
520 3043 568 3092 est
600 3029 789 3094 resistimus.
842 3030 970 3096 Deinde
1003 3032 1157 3096 admonet

193 3116 278 3180 hene
300 3136 369 3179 esse
392 3124 571 3178 extremam
594 3115 824 3192 confusionem,
848 3116 903 3180 ubi
926 3137 1022 3181 nemo
1043 3138 1156 3182 exsur-

193 3202 240 3285 git
267 3200 411 3265 iustitiae
440 3209 605 3281 patronus.
651 3200 771 3265 Dicens
793 3219 848 3266 ece
870 3201 1030 3266 confidere
1060 3202 1155 3269 rebus

192 3287 286 3351 vanis
308 3286 471 3369 significat
493 3304 683 3349 coacervare
705 3305 876 3367 perversas
907 3286 1053 3366 fiducias,
1085 3290 1155 3372 qui·

192 3371 252 3438 bus
273 3371 391 3437 callum
415 3371 585 3436 obducant.
628 3370 690 3434 Est
712 3381 823 3434 autem
844 3371 897 3436 hic
920 3373 1079 3454 nequitiae
1100 3395 1156 3439 eu-

191 3457 315 3535 mulus,
348 3458 426 3521 dum
449 3455 623 3520 blanditiae
645 3456 723 3521 hinc
745 3456 820 3520 inde
841 3456 1011 3541 captando,
1043 3470 1157 3541 sponte

191 3565 227 3608 se
248 3543 411 3608 obdurant
433 3541 474 3606 ad
496 3552 717 3623 contemptum
740 3540 819 3606 Dei:
853 3553 886 3607 et
907 3543 1026 3609 talibus
1048 3544 1156 3610 illece-

191 3630 258 3695 bris
281 3629 442 3693 demulcet
464 3626 566 3692 Satan
601 3627 769 3709 reprobos,
803 3627 904 3692 donec
937 3649 1071 3711 prorsus
1102 3651 1157 3696 eos

191 3715 346 3788 fascinet,
380 3726 416 3778 ut
445 3715 533 3777 omni
563 3714 678 3776 timore
702 3714 763 3776 Dei
792 3733 929 3779 excusso
963 3736 1026 3779 non
1063 3715 1157 3780 modo

192 3799 369 3881 despiciant
398 3798 648 3875 cumconsilio,
679 3799 735 3862 sed
757 3800 843 3863 fastu
869 3799 976 3864 inflati
1003 3801 1157 3866 audacter

191 3885 402 3949 subsannent.
448 3883 612 3963 Quoniam
641 3885 742 3966 igitur
775 3886 967 3968 praecipites
990 3906 1049 3950 nos
1070 3888 1157 3969 rapit

192 3970 344 4048 audacia,
380 3968 435 4032 ubi
468 3967 565 4032 salsas
598 3989 672 4050 spes
705 3970 899 4051 opponimus
933 3972 995 4035 Dei
1029 3972 1155 4048 iudicio,

192 4055 348 4137 propheta
369 4054 519 4119 fiduciam
538 4053 631 4132 hauc,
655 4052 714 4117 sub
733 4056 826 4119 euius
844 4056 1067 4138 integumento
1086 4078 1156 4121 sese

192 4140 356 4206 occultant
387 4141 468 4203 vafri
499 4140 662 4221 homines,
698 4159 762 4202 non
793 4140 850 4205 ebs
877 4162 913 4205 re
942 4143 1034 4223 ponit
1065 4145 1155 4225 quasi

192 4226 382 4308 desperatae
411 4225 551 4289 malitiae
579 4235 709 4288 notam:
743 4226 817 4307 quia
841 4226 1056 4292 insatiabilem
1086 4248 1155 4293 esse

192 4313 339 4376 morbum
370 4321 513 4390 constat,
546 4309 600 4374 ubi
630 4311 734 4392 palam
768 4310 907 4394 improbi
938 4312 1001 4376 sibi
1030 4313 1155 4377 adulari

192 4419 256 4462 ncn
285 4396 450 4471 dubitant,
486 4397 623 4478 fretique
652 4416 711 4459 sua
737 4397 903 4477 protervia
935 4398 995 4461 sibi
1026 4399 1156 4480 quidvis

191 4483 288 4548 licere
311 4491 438 4564 putant.
476 4481 576 4544 Addit
593 4482 625 4544 in
646 4502 756 4545 eorum
779 4502 929 4547 sermone
950 4483 1057 4565 palem
1080 4503 1155 4548 con·

191 4569 272 4650 spici
304 4567 415 4649 quales
444 4565 511 4629 sint
539 4586 651 4630 eorum
686 4568 821 4632 affectus
849 4579 881 4631 et
908 4588 1028 4644 mores,
1061 4569 1156 4632 sicuti

192 4653 363 4736 proverbio
397 4652 529 4731 dicitur,
567 4652 711 4734 linguam
746 4673 816 4717 esse
849 4652 988 4735 effigiem
1027 4654 1155 4719 mentis.

192 4739 386 4823 Quanquam
416 4736 496 4800 haec
529 4737 686 4818 particula
716 4738 864 4802 bifariam
895 4739 1012 4820 exponi
1041 4748 1154 4821 potest,

190 4826 244 4891 vel
263 4825 348 4907 quod
370 4822 450 4886 nihil
470 4822 644 4904 loquantur
661 4824 795 4906 sincere,
817 4822 874 4886 sed
893 4842 1004 4887 eorum
1023 4824 1155 4908 linguae

191 4911 231 4976 ad
254 4910 432 4975 fallendum
456 4908 610 4972 contiuuo
632 4928 694 4972 usu
719 4908 875 4972 formatae
895 4909 975 4973 sint:
1000 4909 1050 4973 vel
1069 4910 1155 4992 quod

192 5007 339 5078 erumpat
368 5016 478 5059 eorum
508 4994 696 5075 improbitas
719 4994 753 5056 in
776 5005 921 5075 apertam
952 4996 1155 5060 iactantiam:

192 5082 274 5164 quod
296 5080 472 5147 secundum
497 5079 600 5162 magis
622 5079 703 5144 mihi
727 5081 887 5162 probatur.

277 5166 498 5254 (Concipiuttt.)
536 5167 713 5247 Elegantes
735 5170 813 5229 sunt
835 5167 915 5230 istae
938 5165 1155 5248 metaphorae,

192 5254 309 5336 quibus
331 5262 497 5337 comparat
519 5252 636 5334 impios
659 5251 848 5316 mulieribus
871 5271 954 5333 quae
977 5251 1098 5316 foetum
1122 5254 1154 5315 in

1063 361 1113 428 IN
1136 361 1302 429 ISAIAM

2119 356 2182 424 340

1208 560 1301 615 utero
1331 549 1424 614 alunt
1446 568 1483 612 ac
1506 548 1621 613 deinde
1652 549 1816 613 emittunt.
1860 547 1912 613 Ita
1933 547 2066 630 impios.
2103 549 2178 615 duur

1208 635 1440 700 machinantur
1462 636 1550 699 intus
1568 655 1644 699 suas
1661 634 1801 712 fraudes,
1823 632 1917 716 quasi
1936 634 2091 716 gravidos
2110 655 2178 701 esse

1209 722 1295 796 dicit,
1320 721 1421 786 donec
1442 721 1570 804 pariant
1593 742 1652 785 sno
1674 725 1838 801 tempore:
1865 718 1896 783 id
1920 728 1979 795 est,
2003 741 2104 801 quum
2127 743 2177 786 oc·

1208 807 1354 871 essiones
1376 816 1409 870 et
1430 807 1689 888 opportunitates
1713 805 1800 870 nacti
1822 814 1908 869 sunt.
1954 803 2047 870 Dicit
2066 815 2176 873 autem

1207 892 1378 974 concipere
1401 891 1536 957 nocendi
1559 891 1701 967 consilia,
1731 901 1768 954 ut
1792 889 1908 955 deinde
1929 891 2094 973 simplices
2118 895 2176 957 iui-

1208 998 1270 1059 que
1287 988 1421 1041 vexent:
1441 978 1532 1058 qnasi
1552 976 1682 1056 diceret,
1699 996 1837 1058 coquere
1856 976 1953 1058 longa
1968 977 2176 1044 meditatione

1208 1083 1267 1127 sua
1288 1062 1419 1141 seelera,
1450 1072 1482 1125 et
1504 1083 1632 1144 semper
1654 1071 1785 1144 paratos
1814 1082 1885 1126 esse
1906 1063 1947 1125 ad
1971 1083 2090 1127 noxam
2119 1065 2176 1128 ali-

1208 1168 1321 1230 quam:
1353 1149 1516 1231 quianon
1540 1160 1667 1213 cessant
1697 1148 1773 1212 hinc
1802 1144 1878 1212 inde
1905 1166 2073 1214 accersere
2097 1150 2175 1214 obli·

1208 1253 1288 1315 quas
1311 1236 1452 1299 rationes
1475 1231 1593 1316 quibus
1615 1233 1792 1298 exhibeant
1812 1233 1930 1315 quietis
1953 1236 2130 1317 negotium.

1294 1318 1323 1383 5.
1358 1317 1441 1403 (Oea
1465 1318 1587 1403 repuli.)
1631 1319 1778 1402 Longius
1807 1317 2016 1402 progreditur
2037 1319 2176 1385 Iudaeos

1208 1424 1399 1488 comparans
1432 1425 1496 1468 non
1529 1415 1656 1468 tantum
1686 1403 1891 1477 mulieribus,
1924 1403 1980 1469 sed
2004 1405 2176 1471 virulentis

1209 1490 1334 1554 bestiis:
1368 1511 1431 1572 quo
1455 1491 1557 1573 magis
1578 1494 1704 1556 constet
1726 1488 1882 1572 quidquid
1905 1487 1947 1552 ab
1967 1490 2047 1572 ipsis
2069 1491 2176 1573 prodit

1208 1576 1410 1640 mortiferum
1442 1597 1480 1640 ac
1508 1575 1606 1640 letale
1635 1596 1715 1640 esse.
1760 1575 1872 1639 Primo
1894 1575 1995 1658 igitur
2017 1575 2099 1641 dicit
2118 1598 2175 1642 ex-

1207 1660 1337 1726 cludere
1360 1682 1422 1726 ova
1444 1661 1565 1744 reguli:
1588 1663 1663 1743 quia
1683 1661 1777 1725 sicuti
1798 1661 1912 1743 vipera
1933 1680 2033 1725 ovum
2058 1683 2175 1744 ponere

1208 1747 1329 1828 nequit,
1352 1747 1414 1811 nisi
1433 1748 1628 1811 veneficum:
1651 1748 1698 1810 ita
1716 1766 1772 1811 eos
1789 1746 1953 1828 pravitate
1970 1747 2018 1811 sic
2034 1746 2175 1813 imbutos

1208 1853 1278 1897 esse
1296 1853 1333 1897 ac
1351 1833 1495 1905 refertos,
1518 1844 1554 1896 ut
1572 1831 1654 1896 nihil
1677 1833 1738 1897 nisi
1763 1833 1898 1895 noxium
1916 1832 2081 1897 emittant.
2112 1834 2190 1900 Per>

1206 1917 1284 1983 otas
1306 1937 1506 1996 arcesarces,
1528 1918 1691 2001 significat
1710 1918 1756 1980 ita
1774 1917 1902 1982 steriles
1918 1937 1989 1981 esse
2005 1926 2040 1982 et
2054 1939 2174 1986 vacuos

1207 2003 1293 2082 boni,
1317 2013 1354 2067 ut
1376 2005 1445 2084 ipsa
1467 2023 1595 2085 quoque
1619 2004 1776 2067 virtutum
1799 2002 1906 2084 specie
1928 2001 2051 2068 fallant.
2086 2004 2174 2070 Dua·

1209 2089 1269 2153 bus
1301 2089 1388 2153 enim
1423 2090 1509 2152 notis
1542 2089 1657 2170 impios
1691 2088 1857 2172 designat:
1897 2087 2058 2170 primum,
2091 2091 2173 2174 qnod

1207 2194 1305 2257 opera
1327 2194 1409 2256 quae
1432 2173 1535 2238 edunt
1560 2175 1703 2239 referant
1731 2183 1915 2256 corruptam
1944 2194 2057 2239 eorum
2082 2188 2172 2241 natu·

1208 2279 1294 2324 ram:
1326 2259 1458 2334 deinde,
1489 2260 1572 2342 quod
1597 2261 1676 2324 nulli
1699 2260 1746 2323 rei
1769 2259 1836 2324 sint
1865 2258 1976 2324 utiles:
2007 2259 2092 2325 nibil
2115 2262 2171 2327 bu·

1209 2346 1385 2423 manitatis,
1412 2344 1525 2422 officii,
1553 2346 1707 2423 caritatis,
1737 2344 1811 2409 fidei
1834 2353 2004 2428 praestent
2024 2346 2068 2412 iis
2089 2347 2174 2412 inter

1208 2451 1289 2514 quos
1327 2440 1511 2495 versantur.
1574 2429 1649 2496 Soio
1691 2430 1787 2495 aliter
1831 2431 1952 2513 exponi
1999 2431 2041 2496 ab
2083 2432 2173 2498 aliis:

1210 2537 1325 2600 nempe
1358 2516 1492 2598 impios,
1527 2516 1604 2580 dnm
1636 2516 1709 2581 aliis
1741 2516 1920 2580 moliuntur
1952 2516 2109 2596 exitium,
2141 2540 2175 2584 se

1209 2603 1296 2685 ipsos
1317 2601 1462 2685 perdere,
1485 2601 1562 2666 dum
1585 2610 1706 2684 putant
1727 2622 1762 2665 se
1784 2601 1972 2681 industrios,
2001 2604 2122 2669 trustra
2142 2614 2175 2669 et

1208 2689 1349 2752 inaniter
1370 2686 1535 2751 laborare:
1563 2688 1684 2752 irretiri
1706 2689 1776 2751 suis
1798 2688 1942 2771 ipsorum
1965 2688 2102 2772 laqueis,
2123 2709 2174 2755 ca·

1208 2773 1284 2838 dere
1305 2773 1340 2837 in
1364 2771 1489 2836 foveam
1513 2794 1610 2855 quam
1633 2773 1792 2838 foderunt.
1837 2771 1904 2839 Sed
1925 2774 2080 2839 existimo
2101 2795 2174 2857 pro-

1209 2860 1341 2942 phetam
1375 2858 1515 2923 voluisse
1547 2858 1634 2941 quod
1667 2860 1732 2922 iam
1766 2858 1850 2922 dixi:
1890 2859 2011 2942 impios
2042 2860 2174 2937 scilicet,

1210 2944 1345 3026 ubique,
1380 2964 1510 3026 semper
1542 2955 1639 3027 atque
1669 2944 1702 3008 in
1736 2944 1886 3009 omnibus
1918 2943 2016 3010 rebus
2050 2967 2174 3023 neaera

1209 3032 1360 3113 prodesse
1396 3048 1573 3111 nunquam.
1628 3028 1783 3112 Quisquis
1819 3029 1989 3114 negotium
2026 3030 2176 3097 habuerit

1208 3135 1283 3180 oum
1312 3115 1391 3196 ipsis
1420 3115 1568 3180 exitiales
1599 3135 1636 3179 ec
1664 3117 1834 3198 pestiferos
1866 3136 2050 3182 sensurum.
2101 3117 2175 3184 Huc

1208 3200 1351 3284 pertinet
1372 3202 1458 3282 quod
1478 3201 1556 3266 dicit
1574 3202 1608 3264 in
1626 3202 1697 3265 ovis
1718 3201 1819 3265 latere
1841 3201 1973 3266 exitiale
1994 3222 2174 3268 venenum:

1208 3287 1235 3350 si
1260 3305 1336 3349 vero
1359 3283 1551 3368 frangantur
1572 3286 1738 3350 exiturum
1759 3307 1831 3351 esse
1852 3296 2051 3370 serpentem.

1293 3370 1322 3435 6.
1356 3368 1463 3455 (retae
1483 3371 1614 3456 comm.)
1657 3371 1749 3437 Idem
1779 3373 1899 3454 repetit
1926 3394 1963 3438 ac
1985 3374 2173 3439 confirmat:

1207 3455 1362 3539 quidquid
1393 3457 1625 3539 aggrediantur
1647 3456 1700 3521 vel
1723 3457 1916 3539 suscipiant,
1946 3479 2014 3523 sem
2060 3481 2079 3525 r
2105 3480 2175 3525 esee

1208 3542 1351 3605 humano
1375 3543 1486 3624 generi
1506 3542 1657 3607 inutiles:
1686 3542 1761 3626 quie
1783 3540 1947 3609 destinato
1976 3544 2018 3610 ab
2044 3554 2175 3611 crreant

1208 3627 1248 3692 ab
1269 3626 1418 3691 omnibus
1447 3628 1660 3693 humanitatis
1689 3627 1812 3693 officiis.
1856 3628 1931 3695 Hoc
1959 3640 2072 3695 autem
2102 3651 2174 3713 per·

1208 3712 1266 3776 diti
1289 3712 1412 3796 ingenii
1442 3714 1571 3797 signum
1598 3723 1662 3792 eet,
1695 3714 1742 3778 ita
1763 3735 1798 3779 se
1820 3713 1987 3779 maleficiis
2014 3715 2175 3794 addicere,

1207 3797 1359 3863 utnulla
1386 3818 1518 3880 prorsus
1546 3797 1758 3864 commoditas
1786 3797 1949 3882 speranda
1975 3800 2019 3865 sit
2041 3823 2084 3866 ex
2106 3802 2174 3866 eius

1207 3885 1277 3949 vita
1299 3884 1354 3966 qui
1378 3885 1485 3948 omnis
1514 3884 1658 3949 iustitiae
1679 3904 1802 3949 vacuus
1828 3895 1861 3949 et
1882 3885 2004 3949 sterilis
2026 3906 2098 3952 esse
2119 3906 2174 3971 ap·

1208 3970 1299 4052 petit.
1343 3968 1410 4032 Alii
1432 3980 1611 4051 exponunt,
1635 3970 1720 4052 quod
1743 3969 1813 4034 eine
1835 3970 1983 4053 profectu
2006 3973 2175 4055 acquirere

1208 4055 1339 4118 divitias
1361 4053 1557 4127 studebunt,
1589 4066 1622 4118 et
1644 4076 1814 4139 assurgere
1835 4058 1870 4119 in
1895 4056 2063 4123 honorem.
2108 4056 2172 4124 Sed

1207 4160 1267 4223 ego
1300 4139 1478 4221 simplicius
1510 4141 1649 4223 accipio:
1681 4140 1785 4205 Nemo
1813 4162 1847 4205 se
1876 4161 1987 4206 eorum
2021 4141 2173 4224 operibus

1207 4233 1312 4307 teget,
1347 4225 1422 4305 quie
1444 4225 1477 4289 in
1501 4246 1611 4290 eorum
1645 4236 1777 4291 textura
1811 4225 1893 4290 nibil
1922 4237 1974 4291 est
2002 4228 2101 4293 solidi
2124 4228 2174 4293 rel

1207 4310 1303 4375 firmi.
1343 4308 1453 4374 Variis
1476 4322 1583 4375 autem
1606 4311 1848 4394 loquutionibus
1870 4333 1939 4377 rem
1962 4313 2101 4379 eandem
2125 4316 2174 4378 iu·

1207 4395 1327 4477 culcat,
1361 4409 1397 4458 ut
1426 4395 1625 4461 demonstret
1653 4418 1764 4462 eorum
1793 4418 1892 4480 opera
1920 4397 2003 4464 nihil
2038 4400 2174 4464 omnino

1208 4481 1324 4545 efferre
1354 4480 1512 4546 utilitatis.
1557 4483 1657 4566 Atqui
1679 4484 1711 4546 in
1736 4483 1798 4547 hoo
1819 4484 1889 4547 nati
1917 4504 2033 4550 sumus
2055 4491 2094 4550 ut
2116 4505 2176 4569 ope

1208 4576 1318 4631 nostra
1340 4566 1488 4630 iuventus
1511 4569 1687 4651 proximos,
1711 4580 1743 4631 et
1764 4569 1798 4631 in
1821 4588 2025 4634 communem
2049 4572 2174 4636 utilita-

1208 4665 1271 4716 tem
1303 4650 1425 4732 aliquid
1449 4653 1591 4718 vicissim
1621 4654 1833 4718 conferamus.
1879 4655 2045 4720 Efferatae
2073 4656 2176 4740 igitur

1207 4748 1284 4802 sunt
1304 4735 1437 4818 belluae,
1461 4758 1520 4802 nec
1539 4737 1685 4803 homines
1708 4738 1893 4822 appellandi
1913 4753 2001 4820 sunt,
2024 4743 2082 4824 qui
2103 4754 2175 4806 tau·

1208 4831 1276 4886 tum
1300 4821 1340 4886 ad
1365 4823 1545 4886 nocendum
1569 4825 1702 4888 solertes
1726 4847 1853 4890 summa
1874 4825 2036 4891 industria
2057 4838 2177 4894 cavent

1208 4929 1249 4972 ne
1283 4907 1358 4989 quid
1394 4910 1526 4990 prosint.
1585 4908 1702 4974 Statim
1737 4912 1858 4992 absque
1894 4917 2000 4994 figura
2035 4914 2176 4992 subiicit,

1207 4994 1370 5075 iniquitati
1394 5014 1464 5058 esse
1487 4993 1612 5059 deditos
1634 5006 1666 5058 et
1689 4997 1781 5076 quasi
1803 4998 1946 5062 devotos.

1293 5079 1322 5143 7.
1346 5077 1457 5162 (Pedes
1478 5100 1583 5144 eorum
1604 5081 1647 5144 cd
1667 5080 1808 5165 molum.)
1839 5083 1946 5148 Variis
1969 5083 2075 5149 modis
2099 5087 2177 5151 ima·

1208 5164 1317 5248 ginem
1352 5167 1526 5247 impictatis
1559 5167 1649 5247 quasi
1683 5180 1848 5231 extremae
1880 5168 1974 5233 nobis
2008 5170 2176 5254 depingit:

1207 5250 1262 5315 ubi
1287 5250 1410 5316 scilicet
1433 5250 1578 5316 homines
1601 5273 1737 5318 excusso
1761 5255 1875 5318 timore
1897 5252 1977 5333 Dei,
2006 5268 2040 5321 et
2062 5258 2177 5339 procul
