4784 5970
2129 380 2191 447 ata

996 332 1381 478 rmuucrrouus

189 383 252 447 547

190 574 271 640 dicit
297 572 456 656 propheta
484 576 601 636 terram
626 571 693 650 fore
717 570 871 652 pollutam
902 571 939 636 ia
970 570 1038 637 trac:
1070 571 1161 653 quasi
1212 568 1298 635 allas
1317 571 1361 635 sit
1388 570 1474 636 cattis
1496 589 1604 652 paras
1624 591 1646 636 a
1666 569 1924 636 mamacas
1944 570 2019 637 tais.
2065 568 2190 652 Quem-

190 659 315 725 diccret
344 679 407 722 non
442 657 539 722 licere
569 658 648 721 viris
677 659 819 740 recipere
848 677 977 739 uxores,
1005 659 1104 721 etiam
1134 658 1161 720 si
1214 655 1387 720 admodum
1419 657 1505 722 enim
1538 668 1646 722 scorta
1678 656 1740 721 sibi
1773 654 1915 722 latebras
1947 667 2118 738 quaerunt
2148 655 2189 720 ad

191 744 286 810 valde
308 745 460 826 propensi
482 744 550 808 sint
571 743 611 807 ad
635 741 777 807 dandam
802 743 940 809 veniam.
978 742 1081 824 Atqui
1103 763 1163 826 ego
1214 741 1405 823 patrandam
1428 763 1522 807 suam
1545 740 1743 826 foeditatem,
1773 741 1820 806 ita
1842 742 1940 807 etiam
1962 741 2065 808 colles
2095 754 2189 807 eraut

190 830 272 895 nihil
301 830 388 893 aliud
420 841 536 911 expeto
564 830 626 893 nisi
656 844 693 893 ut
721 830 761 891 ad
792 850 844 894 ma
872 827 1022 894 redeatis.
1066 825 1161 906 Quod
1213 825 1342 893 Iudaeis
1375 829 1470 910 quasi
1501 828 1674 910 lupanaria
1703 825 1756 892 vel
1784 827 1897 894 lustra
1944 827 1992 893 ut
2020 847 2060 893 ao
2090 830 2188 893 etiam

189 915 231 980 ad
259 916 359 980 verba
388 924 521 998 spectat,
549 915 614 978 iam
644 912 785 979 vidimus
812 934 877 979 non
907 915 1029 979 trustra
1056 913 1163 979 dicere
1212 913 1318 995 magis
1350 913 1560 980 exsecrabilis
1590 922 1661 978 erat
1687 933 1800 979 eorum
1829 914 1995 997 impietas,
2024 914 2113 995 quod
2140 914 2189 979 ita

188 1001 383 1084 prophetam
407 1001 449 1065 Ia
470 999 532 1079 lac,
563 1001 595 1063 id
619 1013 678 1077 est,
707 1001 733 1065 si
761 1002 809 1065 ita
837 1001 1017 1083 promiscue
1045 999 1163 1064 mulier
1213 998 1386 1081 prodibant
1405 1001 1438 1064 in
1457 1000 1562 1065 lucem
1581 1008 1743 1081 apertam:
1765 999 1832 1064 imo
1850 997 1936 1083 quod
1953 999 2069 1083 procul
2088 1002 2188 1082 aspici

190 1109 259 1153 una
281 1108 369 1152 nunc
391 1087 434 1150 sit
456 1087 553 1150 unius
573 1087 643 1160 viri,
669 1105 754 1149 nunc
772 1087 916 1163 alterius,
940 1095 972 1150 et
990 1095 1103 1168 postea
1121 1085 1160 1149 ad
1215 1084 1338 1148 vellant
1370 1107 1426 1150 sua
1460 1085 1600 1168 flagitia,
1641 1086 1733 1167 quasi
1767 1084 2021 1151 conscenderent
2054 1085 2187 1168 aliquod

191 1174 332 1258 priorem
357 1174 462 1236 virum
487 1172 606 1248 redeat,
633 1172 786 1254 quoniam
809 1172 870 1237 hoc
893 1170 986 1236 modo
1008 1171 1162 1252 discerpi·
1213 1169 1390 1237 theatrum.
1442 1169 1561 1237 Scorta
1590 1179 1699 1235 autem
1727 1170 1835 1236 solent
1862 1190 1897 1236 se
1927 1172 2102 1251 occultare,
2130 1172 2188 1237 ubi

188 1270 246 1324 tur
275 1259 411 1325 societas
440 1258 575 1321 humani
606 1258 742 1340 generis,
772 1269 806 1321 et
833 1256 1010 1322 laceratur:
1045 1257 1161 1320 deinde

189 1345 398 1426 abrumpitur
431 1365 523 1408 sacra
555 1343 697 1426 coniugii
730 1343 820 1411 fides.
853 1364 936 1425 quae
969 1352 1079 1407 tamen
1113 1353 1162 1407 est

188 1432 399 1514 praecipuum
424 1429 590 1494 vinculum
613 1430 646 1492 in
678 1429 848 1493 retinendo
879 1428 1008 1511 politico
1037 1428 1160 1492 ordine.

188 1516 287 1597 Quod
310 1517 410 1592 addit,
437 1516 486 1579 Ta
504 1520 606 1579 catera
627 1519 762 1579 scortata
782 1535 814 1580 cs
836 1535 908 1579 cum
931 1514 1024 1581 scats
1044 1514 1161 1592 maltis,

188 1603 363 1668 confirmat
386 1601 469 1683 quod
499 1614 575 1663 unte
598 1600 746 1675 vidimus,
777 1621 893 1682 nempe
915 1620 980 1664 non
1003 1620 1070 1665 unc
1093 1610 1162 1664 tan·

190 1704 263 1753 tum
286 1709 406 1768 genere
436 1685 587 1750 adulterii
616 1706 765 1768 peccasse
794 1686 957 1769 populum,
985 1684 1042 1751 aad
1072 1686 1160 1750 aimi-

188 1774 252 1837 lem
277 1773 375 1837 fuisse
398 1773 511 1836 scortis
534 1770 735 1854 vulgaribus,
758 1792 840 1854 quae
862 1771 933 1836 sine
952 1770 1018 1835 ullo
1034 1769 1161 1837 delectu

188 1882 224 1925 se
257 1860 473 1942 prostituunt,
507 1856 778 1938 quemadmodum
812 1877 888 1921 mox
917 1859 1011 1923 dicct.
1055 1858 1162 1923 Vocat

188 1954 298 2011 autem
330 1946 432 2009 socios
461 1944 591 2020 rivulos,
625 1953 656 2006 et
685 1943 770 2021 dicit,
801 1942 963 2009 Revertm
990 1948 1093 2010 tamea
1121 1944 1162 2008 acl

187 2051 245 2110 mc,
275 2031 376 2110 iuquit
403 2028 546 2105 Ielcccalc,
578 2028 637 2093 hoc
664 2041 723 2108 est,
752 2030 812 2094 tibi
834 2036 949 2111 parata
976 2042 1026 2093 est
1054 2029 1161 2107 venia,

189 2116 285 2181 modo
326 2115 506 2198 resipiscas.
563 2113 725 2179 Obiicitur
764 2127 872 2179 tamen
912 2114 966 2181 hic
1004 2116 1161 2198 quaestio,

188 2201 348 2286 quomodo
378 2202 468 2266 Deus
495 2220 530 2264 se
559 2201 719 2265 facturum
750 2202 944 2282 pronuntiet,
975 2201 1061 2282 quod
1089 2201 1161 2283 lege

188 2310 249 2354 sua
281 2289 351 2351 fieri
382 2285 552 2352 vetuerat?
598 2286 663 2350 Sed
694 2286 810 2350 solutio
846 2296 898 2351 est
932 2286 967 2350 in
998 2292 1160 2368 promptu,

189 2394 307 2454 nempe
330 2382 489 2455 quantum
512 2372 629 2434 attinet
647 2371 685 2433 ad
717 2373 767 2436 ius
798 2372 960 2436 humanae
988 2371 1160 2446 societatis,

189 2481 255 2524 non
275 2459 418 2542 potuisse
437 2457 525 2520 aliud
545 2457 723 2520 remedium
743 2457 824 2539 dari,
847 2476 947 2538 quum
967 2457 1159 2538 permissum

188 2556 275 2609 esset
305 2545 385 2608 viris
418 2561 537 2607 uxores
570 2564 646 2606 suas
680 2544 822 2621 reiicere,
855 2542 918 2606 nisi
952 2553 989 2606 ut
1021 2563 1062 2607 ne
1094 2544 1160 2607 illis

188 2630 323 2697 lieentia
344 2630 487 2705 daretur,
517 2631 607 2711 quasi
631 2628 722 2693 Deus
752 2627 875 2693 foveret
903 2629 1050 2711 ipsorum
1079 2627 1160 2693 levi·

187 2727 290 2781 tatem
320 2731 352 2779 et
379 2715 640 2780 inconstantiam.
694 2713 850 2796 Oportuit
878 2714 980 2797 igitur
1008 2713 1160 2780 mulctari

187 2804 275 2867 viros
299 2802 434 2865 nimium
459 2821 602 2864 morosos
625 2812 657 2863 et
679 2801 816 2882 iniquos,
840 2822 881 2863 ne
903 2800 1025 2865 scilicet
1047 2812 1160 2883 postea

188 2889 240 2953 ius
263 2887 365 2951 ullum
389 2887 548 2952 haberent
570 2887 764 2967 repetendae
787 2887 905 2959 uxoris,
928 2905 1025 2967 quam
1048 2888 1159 2951 dimis-

188 2981 291 3039 erant.
324 2973 456 3054 Alioqui
479 2981 606 3053 poterat
623 2972 757 3053 quisque
773 2972 870 3035 tertio
885 2971 947 3047 die,
970 2972 1021 3036 vel
1038 2993 1160 3047 mense,

190 3058 243 3123 val
267 3077 353 3121 anno
376 3067 504 3120 mutare
527 3056 677 3121 affectum
708 3057 838 3131 amoris,
867 3067 900 3121 et
924 3058 971 3121 ita
993 3078 1161 3139 reposcere

189 3164 337 3208 uxorem.
376 3143 466 3206 Deus
489 3162 567 3224 ergo
590 3143 695 3205 voluit
715 3144 784 3223 ipse
807 3162 933 3224 quoque
955 3142 1160 3225 interponere

188 3229 241 3293 ius
263 3228 343 3292 illud
360 3228 500 3301 divortii,
524 3247 565 3290 ne
581 3228 641 3303 vir,
665 3229 720 3309 qui
736 3248 871 3291 uxorem
888 3247 979 3291 suam
996 3229 1159 3304 reiecerat,

187 3325 300 3398 posset
320 3311 500 3378 iterumad
523 3333 556 3376 sc
579 3314 732 3394 recipere.
777 3313 879 3394 Atqui
902 3312 1032 3377 diversa
1053 3328 1103 3378 est
1125 3314 1158 3377 in

188 3401 260 3466 Deo
282 3399 373 3464 ratic.
407 3399 481 3464 Nou
504 3399 623 3463 mirum
643 3411 693 3464 est
715 3399 816 3482 igitur
833 3419 892 3463 cur
915 3399 1000 3462 banc
1022 3409 1160 3479 potesta

187 3492 255 3551 tem
284 3486 346 3550 sibi
368 3485 527 3563 vendicet,
558 3495 595 3548 ut
624 3484 810 3551 reconciliet
838 3505 873 3549 se
895 3484 1036 3563 Iudaeis,
1065 3486 1161 3549 modo

189 3573 390 3654 resipiscant.
436 3571 601 3653 Sequitur,

275 3709 304 3771 2.
331 3708 416 3772 Tolle
438 3708 538 3771 ocutos
560 3712 628 3772 teras
650 3708 692 3771 ad
713 3707 778 3771 loca
800 3706 920 3773 excelsa
942 3707 1017 3793 (hoc
1039 3716 1097 3786 cst,
1119 3708 1160 3773 ad

188 3792 311 3877 colles),
341 3799 368 3856 ct
396 3793 466 3856 virle
493 3792 548 3856 abt
575 3813 634 3856 aaa
662 3798 797 3858 scortata
825 3794 941 3874 fucris:
969 3814 1065 3874 super
1091 3795 1162 3859 aias

188 3879 255 3963 (vel
280 3881 370 3943 iuxta
385 3876 469 3961 vias)
491 3878 600 3941 sedisti
620 3877 688 3942 illis
714 3875 787 3961 (hoc
805 3892 854 3942 est
872 3881 911 3942 ad
935 3879 1008 3943 illos
1029 3894 1162 3961 captan-

189 3964 271 4048 dos),
300 3964 557 4044 quemadmodum
588 3961 696 4026 Arabs
728 3963 762 4026 t'a
794 3964 930 4028 rimato:
964 3971 991 4029 et
1017 3965 1162 4047 potuisti

188 4053 305 4113 arram
326 4050 360 4110 ia
381 4047 615 4113 scortationibus
635 4049 700 4112 tais
721 4053 748 4111 ct
769 4050 891 4113 ncaldia
913 4056 978 4116 taa.

275 4165 437 4247 Quoniam
453 4169 614 4232 obiecerat
629 4167 788 4250 propheta
801 4167 940 4245 Iudaeis,
958 4171 1046 4252 ipsos
1062 4170 1161 4235 tuisse

188 4254 287 4337 vulgo
308 4264 341 4316 ct
365 4255 541 4334 promiscue
568 4263 733 4330 scortatos,
761 4255 1032 4335 quemadmodum
1055 4257 1161 4321 solent

187 4338 382 4403 libidinosae
406 4339 565 4415 mulieres,
593 4352 764 4421 postquam
794 4361 949 4405 excussus
976 4351 1026 4404 est
1054 4343 1161 4405 omnis

191 4425 313 4509 pudor:
338 4446 378 4487 ne
400 4425 663 4507 tergiversantur,
693 4435 725 4488 et
747 4425 912 4507 excipiant
934 4448 969 4490 se
995 4449 1060 4490 nou
1089 4448 1160 4492 esse

188 4512 335 4577 conscios
358 4511 439 4573 tanti
464 4511 602 4585 sceleris,
631 4510 800 4574 coustituit
822 4510 893 4575 illos
923 4511 1160 4592 quodammodo

188 4597 326 4661 iudices:
357 4596 452 4673 Tolle,
475 4596 590 4675 inquit,
620 4596 809 4660 catlastros
831 4597 874 4662 acl
895 4597 960 4662 tacu
982 4597 1111 4680 excelsa,
1133 4603 1161 4662 et

187 4683 266 4759 cide,
295 4681 356 4745 hoc
378 4694 435 4759 est,
466 4682 592 4762 profero
625 4684 681 4746 tibi
715 4684 795 4747 satis
826 4683 1016 4746 manifestos
1049 4695 1158 4750 testes.

187 4768 308 4833 Nullus
331 4768 418 4829 enim
438 4784 487 4831 est
504 4767 596 4831 collis
618 4768 651 4830 in
671 4777 767 4844 terra,
783 4768 838 4832 ubi
857 4789 922 4831 non
941 4782 973 4830 tc
992 4768 1158 4833 miscueris

188 4873 261 4919 cum
287 4853 389 4917 idolis.
434 4853 518 4917 Nam
542 4852 694 4930 diximus,
717 4864 749 4915 et
767 4853 950 4917 videbimus
973 4855 1158 4935 frequent-er

187 4940 273 5020 apud
297 4938 384 5003 bunc
407 4939 609 5021 prophetam,
636 4940 881 5019 superstitiones
904 4941 1028 5003 censeri
1051 4961 1157 5003 coram

188 5025 260 5089 Dec
292 5024 461 5089 adulteria.
512 5025 616 5105 Atqui
650 5024 711 5087 hoc
744 5023 875 5089 Iudaeis
905 5039 975 5088 erat
1005 5026 1039 5088 in
1070 5046 1186 5109 more=

189 5109 325 5191 solenni,
350 5110 525 5174 ascendere
547 5112 582 5174 iu
613 5111 681 5173 loca
709 5110 844 5184 excelsa,
875 5112 967 5192 quasi
990 5110 1056 5175 illic
1085 5132 1157 5192 pro·

189 5196 295 5275 piures
324 5208 432 5260 essent
462 5197 543 5261 Deo.
596 5197 686 5260 Haec
715 5194 796 5259 ratio
827 5206 884 5270 est,
915 5217 973 5260 cur
1002 5197 1158 5278 propheta

188 5279 300 5344 iubeat
322 5281 394 5346 illos
416 5284 575 5363 respicere
598 5303 710 5347 omncs
728 5281 839 5347 colles:
871 5282 955 5361 Viae,
979 5281 1093 5364 inquit,
1115 5303 1157 5346 aa

1213 1257 1381 1338 reperiunt
1410 1256 1584 1336 adulteros,
1612 1256 1666 1323 vel
1694 1265 1865 1322 amatores.
1908 1255 1974 1323 Hic
2003 1278 2085 1340 ergo
2113 1279 2188 1341 pro-

1213 1341 1312 1425 pheta
1334 1343 1494 1408 abscindit
1516 1362 1630 1408 omnes
1654 1361 1752 1407 ansas
1781 1342 2022 1426 tergiversandi
2044 1341 2188 1423 Iudaeis,

1213 1448 1311 1510 quum
1346 1427 1435 1493 iubet
1467 1428 1571 1494 ocalm
1597 1427 1733 1494 multare
1758 1428 1794 1494 ia
1822 1428 1889 1493 loca
1917 1428 2047 1495 naua.
2102 1428 2186 1493 Nam

1213 1534 1314 1596 quum
1348 1534 1383 1579 se
1416 1524 1661 1596 prosternerent
1696 1533 1804 1579 coram
1841 1512 1953 1591 idolis,
1990 1513 2187 1579 tantundem

1213 1598 1274 1663 hac
1296 1598 1433 1675 talebat,
1457 1620 1494 1664 ac
1516 1602 1543 1665 si
1566 1612 1708 1665 scortum
1736 1621 1807 1666 sese
1840 1599 2011 1681 proiiceret
2039 1599 2082 1665 ad
2112 1600 2188 1665 sub·

1213 1683 1353 1750 eundem
1377 1686 1622 1768 turpitudinem.
1662 1685 1707 1749 Et
1728 1684 1819 1749 addit
1842 1684 1968 1751 accuse
1987 1706 2087 1767 saper
2107 1687 2188 1759 aias,

1212 1772 1470 1853 queamdmodum
1491 1770 1585 1836 solertt
1606 1770 1730 1837 Arabes
1750 1771 1787 1839 ia
1811 1772 1940 1837 auena
1984 1771 2114 1836 lterum
2138 1793 2188 1836 re-

1213 1857 1295 1939 petit
1316 1858 1401 1939 quod
1424 1866 1499 1922 ante
1522 1856 1673 1939 vidimus,
1696 1876 1814 1939 nempe
1835 1856 1976 1922 Iudaeos
1998 1878 2065 1921 non
2089 1858 2189 1922 tuisse

1213 1941 1369 2008 adductos
1397 1943 1535 2008 aliorum
1565 1942 1734 2019 illecebris,
1764 1955 1801 2006 ut
1829 1943 1876 2007 ita
1897 1942 2062 2008 violarent
2090 1941 2188 2007 fidem

1213 2028 1363 2111 coniugii,
1385 2050 1483 2112 quam
1506 2029 1576 2093 Deo
1598 2029 1773 2094 dederant:
1798 2026 1855 2093 sed
1878 2030 1986 2110 potius
2008 2048 2070 2093 sua
2093 2029 2188 2094 lasci·

1213 2114 1266 2178 via
1288 2114 1386 2179 tuisse
1407 2114 1575 2197 impulsos,
1609 2126 1644 2179 ut
1673 2114 1760 2178 ultro
1793 2124 1988 2196 appeterent
2014 2113 2129 2179 foedos
2155 2125 2189 2178 et

1212 2199 1393 2282 impudicos
1421 2221 1555 2265 amores.
1601 2200 1742 2264 Dixerat
1771 2202 1875 2264 enim:
1906 2199 2016 2264 Etiam
2049 2211 2087 2265 tu
2115 2221 2187 2266 aar·

1213 2286 1329 2367 rupisti
1353 2285 1433 2351 alios
1456 2297 1514 2349 tua
1544 2285 1679 2351 malitia.
1723 2283 1815 2350 Idem
1844 2306 1922 2369 ergo
1953 2306 2043 2351 nunc
2072 2286 2188 2351 confir-

1214 2382 1295 2435 mat:
1332 2371 1394 2454 Ta,
1427 2373 1547 2453 inquit,
1580 2371 1689 2437 sedisti
1719 2372 1812 2436 taeta
1839 2390 1945 2437 maes
1975 2372 2057 2436 cias.
2113 2370 2188 2437 Hoc

1213 2457 1312 2521 etiam
1339 2459 1490 2522 convenit
1518 2458 1655 2538 impuris
1684 2457 1799 2521 scortis
1828 2477 1921 2539 quae,
1947 2459 2033 2521 sicut
2063 2456 2187 2523 dictum

1212 2553 1270 2619 est,
1296 2543 1418 2607 nullam
1441 2542 1563 2606 habent
1582 2542 1713 2623 pudoris
1732 2543 1901 2607 rationem.
1935 2540 2001 2608 Sed
2026 2543 2188 2625 propbeta

1213 2628 1390 2710 amplificat
1413 2628 1474 2693 hoc
1495 2630 1619 2693 crimen
1641 2629 1706 2693 alia
1727 2627 1953 2693 similitudine:
1981 2628 2187 2709 Quemadmo-

1212 2715 1297 2793 dcun,
1319 2715 1433 2796 inquit,
1457 2713 1583 2779 Arabes
1604 2715 1638 2778 ia
1666 2715 1785 2781 aeaco
1813 2714 1952 2779 iusidias
1971 2714 2100 2778 mant
2120 2715 2187 2779 uia

1211 2800 1336 2882 mribus
1360 2810 1396 2863 ut
1418 2820 1473 2866 eos
1495 2799 1692 2882 praedentur
1713 2811 1746 2864 et
1774 2799 1940 2883 iugulent:
1968 2801 2016 2863 ita
2036 2800 2135 2864 attam
2154 2804 2188 2863 ta

1212 2887 1320 2952 sedisti
1352 2905 1448 2966 saper
1477 2905 1581 2950 omues
1608 2886 1687 2950 ctas.
1739 2885 1900 2950 Videmus
1931 2906 2009 2967 ergo
2043 2884 2098 2951 bic
2128 2884 2185 2949 du·

1214 2973 1328 3053 plicern
1362 2993 1433 3037 esse
1464 2971 1720 3038 similitudinem.
1772 2971 1888 3036 Altera
1919 2980 2052 3054 sumpta
2085 2981 2137 3036 est
2168 2991 2188 3034 a

1213 3056 1445 3133 meretricibus,
1475 3078 1557 3138 quae
1580 3057 1656 3121 dum
1679 3065 1852 3138 quaestum
1875 3054 2001 3138 pridem
2023 3057 2187 3135 facerunt,

1213 3143 1269 3207 ubi
1293 3142 1405 3207 vident
1426 3165 1461 3207 se
1481 3143 1656 3219 contemni,
1682 3143 1832 3208 obsident
1859 3163 1971 3206 omnes
1993 3143 2074 3218 vias,
2096 3157 2133 3205 et
2153 3164 2187 3207 sa

1215 3229 1395 3310 procaciter
1417 3228 1503 3292 ultro
1526 3227 1720 3309 quibuslibet
1742 3228 1894 3294 offerunt.
1934 3227 2025 3292 Haec
2048 3240 2099 3293 eat
2121 3248 2188 3293 una

1213 3315 1401 3378 similitudo.
1447 3313 1562 3378 Altera
1584 3326 1703 3391 autem,
1726 3314 1812 3396 quod
1834 3314 1956 3378 tuerint
1977 3314 2072 3396 qnasi
2093 3333 2186 3395 prae·

1212 3397 1324 3474 dones,
1358 3400 1411 3481 qui
1443 3397 1682 3463 insidiabantur
1713 3399 1909 3464 viatoribus:
1937 3399 2031 3481 quasi
2063 3397 2188 3465 diceret

1213 3484 1392 3550 Chaldaeos
1426 3498 1458 3548 et
1489 3488 1667 3569 Aegyptios
1697 3485 1897 3551 excusabiles
1925 3505 1997 3549 ease
2027 3504 2106 3567 prae
2135 3484 2188 3549 lu·

1213 3572 1310 3648 dacis,
1339 3572 1492 3652 quoniam
1526 3572 1655 3637 attracti
1689 3572 1810 3636 fuerint
1842 3571 2007 3653 perversis
2039 3572 2185 3653 ipsorum

1211 3656 1337 3720 artibus
1360 3656 1399 3721 ad
1427 3656 1542 3721 illicita
1571 3656 1717 3721 foedera:
1752 3654 2025 3738 quemadmodum
2055 3658 2084 3721 si
2113 3658 2187 3739 quis

1213 3743 1318 3806 viator
1335 3753 1490 3817 transeat,
1509 3756 1542 3805 ct
1559 3740 1681 3808 incidat
1703 3744 1736 3807 in
1760 3743 1928 3821 latronem,
1948 3742 2003 3807 ille
2025 3741 2187 3824 paulatim

1211 3827 1319 3909 ipsum
1342 3841 1535 3910 corrumpet.
1580 3827 1691 3908 Quid?
1725 3828 1775 3892 Tu
1798 3849 1834 3893 es
1852 3829 1961 3907 miser,
1982 3839 2016 3891 et
2034 3828 2065 3892 si
2081 3828 2187 3893 velles

1210 3923 1243 3977 te
1276 3915 1474 3996 coniungere
1504 3934 1649 3989 mecum,
1682 3922 1715 3979 et
1743 3915 1931 3979 societatem
1963 3913 2068 3990 inire,
2100 3925 2188 3979 esset

1212 3999 1305 4063 nobis
1332 4014 1447 4081 parata
1474 4019 1549 4081 spes
1575 3999 1691 4081 optimi
1719 4011 1882 4081 quaestus,
1911 4014 1945 4063 et
1973 3998 2122 4081 quotidie
2152 4019 2188 4064 se

1214 4085 1305 4148 nobis
1337 4105 1424 4148 nova
1448 4085 1547 4150 'lucra
1578 4085 1743 4150 offerrent.
1796 4086 1898 4150 Latro
1931 4084 1987 4149 ille
2020 4095 2188 4150 veterator

1212 4182 1297 4234 esset
1319 4170 1369 4233 bis
1391 4184 1422 4233 et
1454 4184 1503 4234 ter
1529 4171 1706 4236 sceleratus
1736 4191 1814 4254 prae
1844 4170 1955 4237 altero.
2000 4168 2059 4236 Sic
2085 4173 2185 4235 etiam

1213 4256 1370 4336 propheta
1403 4257 1481 4320 dicit
1513 4256 1652 4321 ludaeos
1685 4256 1786 4321 fuisse
1819 4268 1976 4338 tanquam
2010 4268 2187 4321 veteranos

1213 4340 1365 4416 latrones,
1395 4343 1451 4422 qui
1472 4340 1693 4407 obduruerant
1719 4340 1760 4407 ad
1787 4341 1932 4419 insidias,
1967 4340 2007 4406 ad
2043 4342 2186 4425 rapinas,

1212 4437 1245 4490 et
1267 4424 1307 4490 ad
1330 4427 1468 4507 quodvis
1490 4448 1595 4511 genus
1612 4427 1784 4506 scelerum,
1806 4437 1841 4491 et
1858 4437 2065 4493 attraxerant
2086 4427 2130 4492 ad
2152 4449 2188 4493 ee

1212 4524 1278 4575 tem
1303 4514 1484 4595 Aegyptios
1507 4533 1604 4594 quarn
1626 4514 1791 4596 Assyrios.
1836 4512 1953 4579 Postea
1974 4513 2138 4597 seqnitur,

1296 4683 1325 4748 3.
1358 4682 1402 4747 Et
1423 4683 1598 4763 crotildae
1626 4690 1699 4750 suat
1724 4684 1864 4767 plurim,
1896 4689 1924 4750 ct
1954 4685 2093 4751 serotina
2126 4706 2186 4751 aaa

1209 4769 1461 4918 ssrssesztergrcas
1482 4770 1626 4835 maturis
1652 4772 1821 4837 meretricis
1848 4770 1912 4848 tait
1932 4768 2004 4851 tibi,
2034 4773 2187 4838 recreasti

1297 5025 1409 5107 Pergit
1443 5024 1600 5092 Ieremias
1632 5028 1666 5090 in
1703 5048 1819 5092 severa
1856 5027 1913 5090 illa
1949 5027 2184 5112 obiurgatione,

1211 5110 1296 5193 quad
1322 5112 1444 5176 scilicet
1467 5111 1580 5176 Iudaei
1603 5111 1750 5194 perditae
1772 5114 1894 5178 fuerint
1924 5112 2079 5190 malitiae,
2108 5118 2185 5197 quia

1210 5217 1280 5261 sese
1313 5198 1359 5259 ita
1393 5199 1593 5278 proiecerant
1627 5197 1666 5261 ad
1701 5200 1955 5281 superstitiones,
1990 5200 2110 5265 deinde
2144 5202 2184 5266 ad

1210 5293 1304 5364 pacta
1325 5283 1448 5361 illicita,
1481 5296 1514 5347 et
1542 5283 1577 5347 in
1607 5296 1742 5365 utroque
1772 5286 1880 5351 Deum
1910 5294 2182 5368 contempserant.
