4784 5970
196 370 259 435 aaa
1038 369 1337 436 carucatas
2110 329 2185 443 'aaa

196 559 223 624 si
247 557 367 624 diceret
389 559 422 624 in
445 581 557 624 eorum
576 561 721 643 improba
739 561 892 625 iactantia
908 559 1004 624 nimis
1020 579 1162 624 crassam
1215 559 1471 641 obiurgationem
1502 559 1582 625 haec
1612 560 1724 626 referri
1753 575 1896 644 possunt.
1942 563 2014 648 Ego
2037 585 2115 630 vero
2145 565 2184 629 li·

197 665 266 709 esse
299 645 456 709 fraudem.
509 645 562 710 Ita
595 668 659 711 non
692 647 832 728 simplex
864 647 970 709 ironia
1003 655 1066 722 cst,
1105 642 1162 709 aed
1214 644 1329 709 benter
1347 644 1387 708 de
1405 644 1505 710 verbo
1527 647 1732 728 interpretor,
1758 658 1794 711 ut
1818 646 1965 732 obiurget
1989 649 2184 735 hypocritas,

196 732 368 795 coniuncta
397 729 492 795 simul
526 741 576 797 est
608 732 838 815 expostulatio,
875 730 960 813 quod
990 731 1097 795 Deam
1128 731 1162 794 in
1214 731 1269 811 qui
1299 729 1465 795 iactabant
1498 732 1618 795 ieiunia
1650 753 1708 797 sua
1741 753 1842 815 eaque
1875 733 2182 816 reprehensionibus

196 817 335 896 speciem
359 817 534 899 promereri
556 829 720 901 satagunt.
765 818 907 892 Verum,
937 817 964 881 si
992 817 1065 898 quis
1088 836 1163 898 pro·
1215 815 1446 896 prophetarum
1470 817 1691 899 opponebant:
1713 838 1751 883 ac
1773 820 1799 882 si
1823 820 1892 883 veri
1910 831 2020 885 essent
2043 821 2183 888 cultores

198 902 270 984 pius
293 902 456 966 examinet
484 902 589 985 ipsos,
619 916 651 968 et
681 916 781 967 totam
809 923 921 968 eorum
950 904 1036 967 vitae
1065 902 1163 965 ratic·
1214 899 1295 976 Dei,
1330 911 1427 983 atque
1460 902 1622 967 immerito
1652 903 1908 969 traducerentur.
1960 905 2044 969 Nam
2074 907 2114 971 ab
2144 907 2184 973 iis

198 1007 271 1050 nem
303 986 482 1068 expendat,
520 989 645 1052 animos
674 989 769 1073 longe
796 989 917 1053 alienos
946 1010 966 1052 a
993 988 1063 1052 Dec
1092 1007 1164 1053 esse
1215 985 1370 1051 dissentio
1393 987 1448 1069 qui
1471 988 1625 1071 populum
1648 990 1854 1070 expostulare
1881 1009 1954 1054 cum
1979 992 2049 1055 Deo
2071 992 2183 1056 existi·

196 1072 365 1154 intelliget.
1215 1083 1315 1151 mant,
1338 1072 1423 1154 quod
1447 1073 1560 1138 danus
1581 1074 1616 1136 in
1634 1074 1750 1138 exsilio
1769 1085 1934 1140 tractetur.
1971 1077 2085 1142 Potius
2107 1097 2184 1142 con-

282 1158 501 1241 (Sciscitantar
534 1180 572 1224 ec
603 1159 675 1245 ma)
727 1159 793 1239 Qui
826 1160 878 1224 his
907 1159 1014 1224 verbis
1047 1166 1164 1241 putant
1214 1158 1305 1238 queri
1321 1157 1403 1221 mihi
1419 1156 1548 1223 videtur
1563 1159 1602 1223 de
1617 1160 1793 1241 prophetis,
1816 1159 1898 1242 quod
1914 1162 2060 1226 severius
2075 1162 2183 1244 ipsum

198 1244 385 1327 hypocritas
413 1245 622 1326 expostulare
651 1267 724 1311 cum
753 1245 835 1322 Dec,
865 1259 898 1310 et
929 1247 1100 1328 insurgere
1129 1242 1162 1307 in
1215 1253 1248 1306 et
1270 1243 1496 1310 vehementius
1518 1244 1738 1328 obiurgarent.
1784 1246 1897 1311 Iudaei
1919 1248 2006 1311 enim
2030 1248 2184 1312 volebant

179 1332 312 1412 ipsum,
345 1331 437 1411 quasi
472 1331 562 1394 litem
591 1353 664 1395 cum
695 1353 732 1396 eo
761 1332 951 1412 suscepturi,
987 1328 1164 1412 prophetae
1215 1328 1261 1411 pii
1284 1342 1316 1392 et
1338 1328 1479 1412 religiosi
1510 1329 1633 1395 haberi:
1669 1352 1728 1396 uec
1761 1343 1911 1415 poterant
1945 1353 2046 1415 aequo
2074 1335 2184 1397 animo

197 1425 338 1480 mentem
362 1418 526 1497 assequuti
551 1438 615 1481 non
638 1430 724 1481 sunt.
763 1417 802 1480 Id
822 1416 950 1499 quidam
972 1416 1045 1480 fieri
1066 1415 1164 1496 paulo
1215 1415 1300 1478 ferre
1332 1415 1418 1496 quod
1459 1417 1636 1497 impietatis
1668 1428 1701 1481 et
1740 1419 1904 1499 nequitiae
1934 1417 2184 1484 damnabantur.

197 1508 272 1583 post
305 1502 426 1565 fateor:
460 1500 514 1564 sed
549 1518 722 1586 antequam
755 1524 792 1567 ec
822 1500 1004 1584 descendat,
1037 1501 1162 1566 larvam
1215 1500 1294 1564 Ideo
1316 1501 1475 1582 propheta
1492 1501 1614 1585 detegit
1632 1502 1768 1567 affectus
1785 1504 1938 1586 ipsorum,
1962 1514 2059 1586 atqua
2077 1517 2184 1569 osten·

197 1589 290 1652 fictae
318 1587 447 1668 pietatis
476 1584 542 1651 illis
572 1587 723 1652 detrahit.
772 1588 947 1671 Postquam
977 1607 1054 1671 ergo
1081 1586 1165 1650 dixit
1216 1585 1263 1649 dit
1293 1586 1412 1651 bellum
1442 1587 1481 1651 ab
1512 1587 1551 1652 iis
1580 1588 1699 1670 suscipi
1728 1607 1801 1654 cum
1825 1590 1905 1666 Dec,
1938 1610 1980 1653 ne
2012 1589 2090 1671 quid
2123 1589 2185 1655 sibi

199 1692 254 1736 eos
276 1671 419 1752 quotidie
443 1672 549 1736 Deum
573 1693 736 1755 quaerere,
767 1695 804 1738 ac
826 1675 851 1738 si
877 1672 968 1737 nulla
989 1673 1053 1737 illis
1081 1683 1166 1737 esset
1217 1670 1337 1752 privati
1370 1673 1492 1756 negotii
1527 1695 1600 1738 cum
1634 1674 1706 1756 ipsc
1745 1693 1816 1738 esee
1851 1683 1976 1756 putent.
2033 1672 2185 1740 Secunda

196 1759 300 1840 potior
323 1778 400 1821 cura
422 1777 517 1838 quam
542 1758 688 1840 pietatis:
716 1761 821 1841 pergit
841 1761 876 1824 in
898 1759 1011 1823 eadem
1034 1769 1163 1823 senten·
1216 1766 1309 1839 parte
1327 1778 1438 1823 versus
1461 1759 1578 1824 refellit
1599 1759 1633 1822 in
1653 1758 1717 1823 Dei
1735 1779 1873 1842 persona
1895 1780 1974 1841 quas
1997 1759 2185 1843 hypocritae

196 1844 252 1925 tia,
275 1864 312 1907 ac
334 1841 414 1907 dicit
435 1845 522 1923 ipsos
544 1845 702 1909 sciscitari
722 1845 849 1920 iudicia,
872 1856 909 1908 ut
929 1842 1034 1908 Deum
1057 1843 1165 1908 colant
1219 1843 1356 1908 virtutes
1389 1843 1594 1909 ebuccinant:
1629 1844 1704 1926 quia
1736 1844 1858 1910 scilicet
1888 1866 1954 1908 uon
1981 1855 2106 1909 exuant
2134 1845 2185 1909 in-

196 1940 231 1993 et
251 1939 384 1992 teneant
401 1929 549 2011 regulam
569 1931 650 1994 bene
668 1930 809 2007 vivendi,
833 1950 949 2012 nempe
967 1929 1044 1993 dum
1064 1929 1165 1993 simu·
1217 1942 1305 1992 terea
1328 1949 1446 2010 pravos
1468 1929 1574 1994 carnis
1603 1929 1748 2007 affectus,
1778 1950 1884 2012 neque
1913 1931 2071 2013 incipiant
2093 1951 2112 1994 a
2134 1932 2185 1995 sui

194 2016 267 2077 lant
295 2035 329 2077 se
360 2013 474 2077 ardere
504 2014 610 2078 studio
641 2016 777 2098 pietatis.
826 2016 871 2080 Et
899 2035 977 2079 saue
1008 2014 1165 2097 propbeta
1217 2015 1438 2096 abnegatione.
1482 2014 1554 2078 Hoc
1574 2016 1659 2078 enim
1684 2015 1825 2079 maxime
1843 2015 1985 2091 damnat,
2009 2016 2095 2098 quod
2118 2017 2185 2082 suis

196 2098 248 2162 hio
267 2101 438 2180 praecipua
456 2097 602 2163 fidelium
620 2101 775 2165 exercitia
792 2114 947 2183 recenset,
967 2121 1050 2182 quae
1068 2102 1166 2163 inter·
1218 2099 1386 2164 desideriis
1405 2096 1523 2163 addicti
1542 2101 1624 2163 sint:
1645 2099 1760 2164 deinde
1778 2100 1901 2182 species
1919 2101 2073 2182 quasdam
2091 2102 2185 2166 vitio·

197 2185 273 2247 dum
296 2193 460 2248 ostentant
480 2185 580 2267 impii.
625 2186 698 2250 Hoc
719 2197 828 2251 autem
858 2187 893 2250 in
923 2189 1045 2269 pietate
1075 2207 1163 2249 sum·
1217 2206 1289 2249 rum
1310 2196 1489 2249 enumerat.
1519 2184 1614 2251 Unde
1632 2185 1784 2269 colligere
1802 2198 1987 2268 promptum
2006 2187 2076 2267 fuit,
2094 2187 2186 2252 nulla

196 2288 286 2333 mum
321 2283 379 2346 est,
411 2269 576 2352 inquirere
609 2271 649 2335 de
683 2271 848 2337 voluntate
881 2271 954 2348 Dei,
989 2283 1028 2335 ut
1062 2272 1164 2335 vitam
1216 2269 1425 2353 resipiscendi
1448 2292 1527 2335 cara
1547 2291 1660 2334 eorum
1679 2290 1734 2335 cor
1756 2273 1856 2354 tangi.

195 2367 340 2419 nostram
364 2354 403 2418 ad
427 2356 495 2419 eius
522 2357 666 2438 regulam
696 2359 921 2423 instituamus:
952 2355 1092 2439 pondere
1123 2359 1163 2422 ab
1301 2357 1331 2421 4.
1360 2354 1452 2441 (Esco
1478 2356 1522 2420 od
1543 2355 1650 2440 litem.)
1694 2356 1758 2420 Hic
1787 2378 1901 2422 versus
1929 2378 2002 2422 cum
2033 2357 2100 2421 fine
2131 2378 2185 2421 su·

195 2460 251 2504 ore
273 2440 385 2522 ipsius.
433 2438 497 2506 Sed
519 2442 565 2505 ita
587 2443 669 2507 filios
693 2443 753 2508 Dei
776 2443 974 2509 mendaciter
997 2443 1163 2507 aemulan·
1215 2442 1351 2524 perieris
1373 2442 1527 2525 coniungi
1551 2442 1655 2507 debet.
1689 2441 1892 2524 Numquam
1916 2441 2185 2524 prioremembrc

196 2539 252 2589 tnr
274 2524 472 2609 hypocritae,
499 2537 538 2591 ut
558 2549 639 2609 quae
662 2529 702 2592 ad
726 2551 838 2593 verum
862 2529 925 2594 Dei
948 2529 1071 2592 cultum
1092 2551 1162 2612 per·
1215 2526 1397 2591 induxisset
1427 2529 1613 2611 hypocritas
1639 2540 1873 2609 conquerentes
1907 2529 1945 2592 de
1979 2528 2185 2592 vehementia

196 2612 301 2675 tinent
324 2622 444 2692 tenere,
472 2625 569 2694 atque
596 2613 759 2678 interdum
782 2615 921 2699 optimos
943 2635 1087 2696 quosque
1108 2635 1163 2679 su·
1215 2628 1249 2677 st
1269 2613 1442 2695 asperitate
1465 2614 1716 2695 prophetarum:
1740 2614 1914 2693 posteriore
1936 2616 2093 2676 rationem
2114 2612 2185 2676 red·

194 2717 309 2780 parare
332 2695 513 2762 videantur.
1216 2698 1314 2777 didit,
1346 2717 1405 2762 cur
1437 2719 1547 2763 eorum
1581 2697 1703 2762 ieiunia
1736 2698 1861 2779 aliaque
1893 2719 1990 2779 opera
2022 2697 2185 2762 Dominus

280 2781 309 2845 3.
343 2779 466 2866 (Quare
497 2784 730 2870 moneamus.)
782 2785 995 2868 Progreditur
1027 2782 1164 2850 ulterius
1216 2792 1401 2859 aversetur,
1432 2783 1516 2864 quod
1546 2782 1666 2847 scilicet
1691 2804 1711 2847 a
1733 2803 1813 2865 puro
1843 2784 1943 2847 animi
1972 2784 2089 2847 affectu
2119 2804 2183 2847 non

194 2867 228 2930 iu
252 2866 362 2931 eodem
387 2883 591 2950 argumento:
614 2882 647 2933 et
669 2869 744 2933 dicit
769 2872 859 2934 fictos
882 2891 918 2934 ac
940 2880 1164 2952 praeposteros
1215 2869 1382 2952 prodeant.
1427 2865 1581 2934 Ostendit
1602 2879 1711 2934 autem
1735 2869 1838 2951 qualis
1858 2889 1968 2932 eorum
1992 2870 2120 2933 animus
2142 2868 2185 2933 sit

195 2952 258 3015 Dei
281 2953 419 3018 cultores
447 2974 511 3018 nou
543 2955 638 3019 modo
666 2957 830 3022 excaecari
859 2976 920 3020 sua
948 2955 1163 3034 simulatione,
1215 2976 1235 3017 a
1257 2955 1425 3020 fructibus.
1466 2954 1550 3019 Nam
1574 2968 1705 3019 revocat
1726 2955 1814 3037 ipsos
1835 2955 1876 3019 ad
1898 2955 2004 3020 officia
2025 2952 2184 3019 secundae

195 3038 251 3102 sed
275 3039 371 3103 etiam
396 3051 526 3122 turgere
549 3040 645 3123 fastu,
672 3054 709 3104 ut
731 3041 872 3106 audeaut
901 3040 1007 3122 palam
1037 3042 1163 3107 obstre·
1216 3039 1353 3119 tabulae,
1371 3061 1412 3104 ex
1430 3040 1546 3122 quibus
1567 3040 1661 3106 facilc
1676 3039 2053 3123 deprehenditurquales
2071 3040 2184 3105 simus.

195 3144 270 3205 pere
292 3122 374 3202 Deo,
397 3135 429 3187 et
452 3126 504 3188 ubi
528 3124 642 3190 durius
664 3126 751 3206 ipsos
774 3136 870 3210 urget
887 3129 1052 3210 conqueri,
1076 3149 1113 3193 ac
1135 3129 1162 3192 si
1217 3126 1328 3191 Animi
1350 3127 1437 3191 enim
1460 3127 1584 3208 puritas
1606 3127 1639 3189 in
1661 3146 1699 3191 ec
1717 3146 1787 3191 sese
1805 3124 1956 3203 ostendit,
1981 3146 2081 3209 quum
2101 3126 2183 3190 vivi·

195 3229 315 3292 magna
347 3208 427 3290 ipsis
460 3211 553 3275 fieret
586 3212 714 3276 iniuria.
767 3212 821 3276 An
860 3213 969 3278 reiicis
1009 3214 1164 3295 obsequia
1216 3233 1288 3278 mus
1315 3213 1513 3288 iunocenter,
1546 3223 1644 3294 atque
1673 3210 1714 3275 ab
1741 3213 1828 3276 omni
1859 3210 1973 3275 fraude
2001 3222 2033 3274 ct
2065 3210 2185 3276 iniuria

196 3306 317 3373 nostra,
338 3295 460 3359 ieiunia
481 3309 514 3360 et
535 3296 668 3378 preces?
696 3318 754 3362 our
776 3298 835 3362 tibi
857 3309 952 3381 grata
976 3320 1040 3363 non
1063 3298 1163 3365 sunt?
1215 3296 1425 3363 abstinemus.
1470 3298 1561 3362 Haec
1588 3307 1665 3362 sunt
1692 3298 1764 3378 puri
1794 3298 1929 3362 affectus
1958 3295 2085 3374 indicia,
2114 3298 2184 3361 sine

195 3401 235 3443 an
256 3382 376 3444 frustra
395 3401 453 3445 nos
471 3382 679 3465 torquemus?
708 3383 885 3463 concessit,
904 3395 940 3449 ut
959 3385 1162 3451 iamdictam
1215 3404 1278 3466 quo
1308 3384 1471 3448 Dominus
1499 3403 1612 3447 omnes
1641 3394 1790 3447 externos
1820 3383 1925 3447 cultus
1955 3381 2090 3463 respuit,
2120 3383 2184 3445 imo

194 3477 259 3542 est,
293 3465 472 3549 hypocritis
504 3467 666 3549 quandam
700 3471 882 3534 sanctitatis
914 3472 1069 3552 speciem,
1100 3492 1164 3552 que
1215 3479 1413 3535 exsecratur.
1469 3467 1532 3534 Ubi
1567 3487 1644 3532 vero
1678 3467 1824 3544 fraudes,
1864 3467 2013 3548 rapinae,
2046 3465 2184 3529 iniuriae

196 3550 343 3614 homines
370 3551 505 3616 fallunt:
536 3551 592 3618 scd
622 3575 708 3618 nunc
738 3557 828 3620 intus
856 3555 1008 3637 superbia
1036 3577 1163 3638 quoquc
1216 3557 1338 3639 vigent,
1367 3555 1411 3618 ibi
1445 3554 1572 3617 nullum
1605 3554 1665 3616 Dei
1694 3555 1842 3616 timorem
1870 3574 1939 3616 esse
1969 3551 2183 3616 certissimum

195 3637 324 3700 inflatos
347 3658 417 3701 csse
439 3650 472 3701 et
494 3637 599 3704 ebrios
620 3640 790 3720 significat,
821 3662 920 3722 quum
942 3642 1018 3705 ficta
1041 3642 1163 3706 habent
1215 3653 1272 3706 est.
1323 3639 1509 3721 Exprobrat
1535 3659 1612 3721 ergo
1643 3638 1829 3721 hypocritis,
1866 3637 1952 3719 quod
1986 3658 2026 3700 ex
2055 3636 2183 3702 ieiuniis

196 3742 302 3801 opera,
325 3721 441 3803 quibus
463 3723 534 3788 Deo
556 3724 707 3789 satisfieri
732 3737 866 3807 putant:
893 3739 989 3808 atque
1011 3747 1048 3790 eo
1071 3747 1162 3808 prae·
1215 3728 1370 3792 maiorem
1387 3735 1518 3806 captant
1537 3725 1700 3788 licentiam
1719 3722 1887 3804 peccandi:
1910 3734 2004 3804 atque
2023 3743 2060 3788 ec
2079 3723 2184 3805 magis

197 3818 289 3870 textu
324 3806 481 3872 adversus
515 3810 688 3890 propbetas
727 3811 922 3890 efferuntur,
963 3811 1087 3894 sibique
1128 3813 1162 3877 in
1214 3812 1444 3896 cupiditatibus
1477 3812 1545 3874 suis
1579 3809 1809 3890 obsequuntur.
1853 3808 1925 3873 Hoc
1955 3807 2097 3891 quotidie
2127 3829 2183 3873 ex·

196 3892 347 3956 maximis
370 3893 457 3957 vitiis
488 3895 673 3977 indulgent:
704 3897 813 3978 qualia
835 3906 911 3961 sunt
943 3898 1162 3977 incredulitas,
1215 3900 1368 3980 perimur.
1409 3896 1478 3960 Nec
1500 3897 1587 3959 enim
1606 3895 1709 3959 solum
1733 3895 1878 3959 ieiunant
1901 3896 2047 3977 plerique
2069 3905 2105 3957 ut
2128 3916 2182 3958 ex-

196 3977 328 4042 rebellio
351 3993 384 4040 et
405 3981 610 4044 contumacia
631 3983 663 4044 in
687 3981 806 4060 Deum,
836 3981 1026 4066 diffidentia,
1048 3985 1161 4050 crude·
1214 3984 1305 4067 pient
1327 3982 1456 4046 fraudes
1478 3991 1511 4044 et
1533 3981 1702 4046 latrocinia
1721 4000 1788 4058 sua,
1812 4002 1848 4045 ac
1870 3979 2003 4044 liberius
2026 3979 2184 4062 praeden-

196 4064 280 4141 litas,
303 4063 444 4141 fraudes,
468 4064 610 4145 rapinae.
643 4067 735 4133 Haec
753 4067 837 4132 levia
854 4079 932 4134 sunt
949 4069 1035 4150 apud
1058 4071 1160 4151 ipsos:
1216 4081 1284 4133 tur:
1308 4067 1483 4131 sedetiam
1508 4077 1544 4130 nt
1565 4066 1676 4130 ieiunii
1701 4076 1845 4149 tempore
1868 4065 1940 4148 plus
1962 4065 2018 4130 otii
2043 4065 2184 4130 babeant

197 4159 296 4230 atque
329 4150 457 4213 ieiuniis
491 4161 548 4214 aut
586 4149 658 4215 aliia
696 4154 858 4220 exercitiis
891 4156 1036 4219 externis
1069 4156 1162 4220 facile
1215 4154 1256 4218 ad
1286 4151 1514 4235 expendendas
1543 4153 1682 4217 rationes
1712 4173 1797 4228 suas,
1831 4150 2027 4234 perlegenda
2059 4152 2183 4216 instru-

196 4233 361 4301 eluuntur.
405 4235 489 4299 Nam
513 4257 552 4300 ea
574 4244 651 4300 sunt
680 4239 844 4318 praeclara
872 4241 1016 4322 ipsorum
1046 4244 1162 4305 merita
1213 4236 2182 4319 menta,etsupputandcfoenora‚etcomminiscendasratic·

196 4321 229 4383 iu
261 4319 377 4402 quibus
405 4321 530 4386 cultum
563 4323 624 4386 Dei
654 4323 830 4387 consistere
859 4336 984 4406 putant,
1016 4336 1047 4390 et
1076 4328 1161 4392 unde
1214 4347 1272 4390 nes
1287 4324 1403 4407 quibus
1417 4323 1640 4387 obaeratorum
1658 4323 1741 4386 bona
1759 4322 1799 4386 ad
1819 4343 1853 4386 se
1871 4321 2048 4386 attrahant.
2072 4321 2182 4402 Quare

195 4416 328 4487 sperant
349 4407 505 4471 scelerum
524 4407 668 4471 omnium
687 4410 910 4492 expiationem.
947 4410 997 4474 Ita
1015 4413 1162 4478 excolant
1213 4413 1341 4492 saepius
1364 4412 1452 4475 hunc
1480 4408 1621 4473 laborem
1646 4409 1677 4471 in
1701 4407 1977 4490 Quadragesirnae
2001 4421 2127 4490 tempus
2149 4417 2183 4473 et

197 4490 348 4567 culicem,
381 4505 477 4574 atque
508 4493 673 4575 integrum
707 4494 865 4560 camelum
901 4495 1061 4578 deglutire
1097 4521 1161 4563 non
1214 4507 1299 4561 stata
1320 4495 1514 4561 ieiuniorum
1539 4506 1685 4576 tempora
1702 4495 1863 4558 reficiunt.
1900 4493 2181 4573 Quemadmodum

198 4575 357 4640 dubitant.
403 4574 439 4642 Si
462 4577 542 4643 tales
565 4579 704 4644 fuissent
728 4580 786 4644 soli
809 4579 931 4657 Iudaei,
962 4594 994 4644 et
1022 4584 1162 4649 mundus
1214 4583 1267 4647 alii
1308 4582 1452 4664 insignes
1495 4579 1685 4662 hypocritae
1728 4580 1839 4660 plures
1881 4581 1995 4643 missas
2040 4579 2182 4660 quotidie

195 4663 365 4744 ingenium
388 4672 554 4746 mutasset,
585 4665 693 4746 procul
724 4665 814 4731 nobis
843 4666 1028 4747 quaerenda
1056 4680 1163 4733 essent
1214 4668 1367 4741 audiunt,
1406 4683 1443 4729 ut
1475 4664 1608 4730 liberius
1641 4676 1674 4727 et
1707 4666 1777 4728 sinc
1811 4664 1877 4728 ulla
1909 4663 2181 4746 interpellatione,

196 4747 363 4829 exempla:
386 4747 441 4811 sed
463 4769 562 4829 quum
586 4750 671 4814 idem
694 4750 836 4832 quotidie
857 4753 1072 4833 experiamur,
1097 4776 1162 4818 non
1214 4751 1274 4818 sub
1297 4752 1463 4834 religionis
1486 4760 1665 4832 praetextu,
1689 4749 1817 4814 fraudes
1840 4759 1873 4814 ct
1890 4749 2088 4832 proditiones
2106 4771 2181 4815 suas

197 4833 351 4913 estquod
375 4831 513 4896 multum
537 4836 571 4898 in
594 4838 794 4917 expositione
821 4836 918 4901 buius
949 4837 1010 4903 loci
1039 4840 1162 4904 labore·
1215 4838 1402 4902 moliantur.
1447 4834 1592 4900 Tandem
1617 4835 1738 4899 ieiunia
1768 4857 1888 4911 corum,
1919 4847 2081 4915 utcunque
2112 4857 2180 4916 pre·

197 4940 277 4983 mus.
323 4920 424 4983 Porro
446 4921 647 5000 querimonia
670 4923 750 4986 haec
768 4923 880 4986 referri
905 4936 1011 5003 potest
1034 4933 1099 4988 tam
1122 4926 1162 4989 ad
1215 4926 1296 4987 tiosa
1319 4923 1358 4985 ab
1387 4922 1464 5002 ipsis
1494 4919 1662 4998 ducantur,
1692 4921 1858 5002 repudiat:
1888 4922 1964 5002 quia
1993 4919 2054 4983 hoc
2086 4921 2181 4986 modo

198 5004 352 5086 verbum,
385 5024 480 5086 quam
515 5004 554 5068 ad
589 5027 720 5071 manum
755 5007 828 5071 Dei.
882 5007 1044 5074 Dominus
1077 5012 1161 5074 enirn
1215 5011 1263 5074 ira
1292 5008 1356 5071 Dei
1387 5007 1490 5088 magis
1520 5016 1722 5086 provocetur.
1774 5006 1938 5073 Continuo
1969 5016 2040 5085 post
2070 5026 2180 5087 preces

198 5101 333 5171 utroque
371 5089 465 5154 modo
505 5090 628 5153 iudicat
665 5092 858 5175 hypocritas.
915 5096 1036 5176 Arguit
1075 5097 1162 5160 enim
1215 5096 1313 5159 etiam
1332 5092 1452 5158 reiicit:
1475 5090 1560 5155 unde
1579 5103 1714 5173 apparet
1732 5092 1825 5156 sicuti
1845 5092 1947 5154 fusius
1966 5090 2180 5155 disseruimus

197 5175 306 5252 verbo,
330 5185 361 5240 et
384 5195 503 5256 poenas
533 5177 633 5240 sumit
662 5177 701 5240 de
731 5177 893 5242 obstinata
923 5179 1049 5245 malitia
1076 5184 1160 5263 ipso·
1216 5180 1319 5262 capite
1352 5179 1467 5259 primo,
1502 5177 1591 5240 nulla
1624 5177 1730 5242 officia
1764 5178 1883 5257 absque
1916 5177 2041 5240 sincera
2075 5177 2181 5242 cordis

198 5282 279 5325 rum.
325 5263 413 5343 Ergo
442 5268 509 5326 tam
538 5261 578 5324 ad
609 5262 738 5340 ferulas,
768 5285 862 5345 quam
893 5263 933 5328 ad
962 5267 1162 5348 superiorem
1216 5264 1402 5349 integritate
1429 5263 1499 5327 Dec
1528 5263 1667 5344 probari.
1711 5263 1846 5327 Nullum
1875 5272 1962 5327 certe
1988 5264 2181 5329 sacrificium

1925 5362 1975 5416 21·
