4784 5970
100 377 164 443 269
969 375 1119 443 oAPU'u
1140 374 1232 441 LIV.
2033 381 2099 448 270

102 568 231 653 poterit,
254 567 282 629 si
305 586 362 648 per
384 584 418 629 se
440 563 679 629 consideretur:
710 569 917 648 quamobrem
941 565 982 629 ad
1004 586 1074 630 cor-
1126 563 1249 647 galium
1283 564 1501 647 promulgari:
1540 564 1597 629 sed
1633 586 1697 629 nou
1737 576 1910 649 propterea
1942 569 2098 649 sequitur,

102 674 165 737 pus
188 653 268 733 eius,
300 649 386 734 quod
415 654 466 714 est
494 648 638 728 ecclesia,
670 649 888 716 veniendum:
920 650 1074 732 qnoniam
1127 650 1319 732 prophetam
1342 669 1407 714 non
1426 650 1523 714 simul
1540 661 1703 732 spectasse
1721 660 1850 734 tempus
1868 672 1995 735 quoque
2017 653 2098 718 illud

103 740 133 805 ei
155 737 318 815 Christus,
347 755 412 800 non
441 735 504 800 sibi
532 754 648 819 passus
676 745 735 801 est.
781 737 888 819 Atque
916 736 971 801 hic
997 735 1076 800 ordo
1127 734 1211 817 quod
1241 735 1418 800 adventum
1446 734 1572 800 Christi
1600 737 1785 819 praecessit.
1838 737 1974 801 Initium
2008 740 2097 803 enim

103 826 138 890 in
168 823 368 889 confessione
398 820 477 886 fidei
509 831 640 885 nostrae
672 821 881 886 observatur:
911 843 989 886 nam
1019 820 1075 885 ubi
1127 820 1241 886 babuit
1267 821 1347 885 haec
1375 821 1547 904 prophetia
1575 823 1636 887 sub
1666 822 1764 905 Cyro,
1794 842 1814 886 a
1842 842 1906 904 quo
1939 823 2098 889 redeundi

103 908 244 977 confessi
266 929 379 973 sumus
401 927 461 972 nos
479 906 612 971 credere
628 908 663 971 in
682 907 862 984 Christum,
885 908 940 990 qui
961 927 1075 989 passus
1127 907 1265 973 facultas
1287 906 1406 991 populo
1425 907 1501 971 data
1523 916 1589 972 est:
1613 907 1729 973 deinde
1746 910 1787 972 ad
1807 907 1978 975 Christum
1997 930 2099 992 neque

103 1017 162 1080 pro
184 993 277 1058 nobis
299 1007 332 1058 et
353 994 530 1059 crucifixus
552 998 612 1069 est,
635 992 873 1077 subiungimus,
897 1014 954 1058 nos
977 992 1075 1057 ecele-
1127 1013 1298 1075 progressa
1320 992 1356 1056 in
1378 1011 1416 1057 eo
1438 993 1710 1075 complementum
1737 1015 1834 1059 suum
1859 994 1964 1059 habet
2010 994 2097 1060 Con·

103 1081 185 1148 siam
215 1080 357 1158 credere,
394 1098 476 1160 quae
505 1078 606 1143 veluti
635 1077 677 1142 ab
698 1079 768 1143 eius
797 1079 899 1144 latere
928 1078 1075 1143 defluxit.
1127 1080 1212 1161 oepit
1235 1099 1312 1161 ergo
1334 1078 1477 1156 ecclesia,
1500 1098 1601 1159 quum
1620 1078 1757 1161 populus
1775 1080 1809 1144 in
1829 1083 1966 1162 patriam
1987 1079 2098 1145 rediit:

103 1167 218 1247 Itaque
233 1172 403 1248 postquam
420 1163 460 1228 de
476 1170 590 1243 morte,
607 1165 844 1229 resurreetione
862 1174 895 1229 et
909 1164 1075 1246 triumpho
1127 1166 1204 1247 qnia
1236 1164 1408 1229 collectum
1442 1174 1491 1229 est
1530 1164 1644 1246 populi
1676 1186 1792 1246 corpus
1825 1164 1912 1230 unde
1944 1165 2099 1231 Christus

104 1251 230 1318 Christi
252 1251 458 1316 disseruisset
480 1248 594 1328 Isaiae,
624 1249 741 1314 merito
764 1251 805 1314 ed
827 1250 997 1315 eeclesiam
1020 1248 1074 1312 de·
1127 1249 1281 1331 prodiret,
1304 1261 1341 1314 ut
1361 1269 1461 1332 purus
1479 1248 1543 1313 Dei
1565 1250 1670 1315 cultus
1690 1259 1725 1314 et
1741 1271 1820 1314 vara
1841 1251 1956 1334 religio
1978 1253 2097 1315 iterum

102 1336 237 1415 scandit,
257 1356 340 1418 quae
367 1355 535 1418 nunquam
557 1336 701 1418 acapite
730 1356 789 1399 suo
816 1336 943 1418 seiungi
971 1334 1075 1412 debet,
1127 1333 1352 1401 subolesceret.
1398 1335 1491 1399 Tunc
1513 1334 1644 1417 quidam
1667 1335 1811 1400 nondum
1840 1337 1987 1419 apparuit
2018 1338 2098 1402 haec

103 1431 141 1487 ut
162 1422 293 1505 propria
321 1422 523 1503 experientia
550 1422 689 1503 quisque
716 1417 858 1505 piorum'
877 1421 980 1486 discat
1009 1441 1074 1484 non
1128 1421 1343 1486 foecunditas:
1372 1421 1517 1486 occultus
1540 1422 1628 1485 enim
1650 1435 1824 1504 conceptus
1846 1434 1926 1504 crat,
1951 1422 2096 1487 velutin

102 1509 225 1574 frustra
246 1527 377 1589 passum
406 1527 476 1572 esse
499 1506 678 1572 Christum.
724 1506 822 1587 Quod
844 1507 873 1571 si
895 1508 1074 1570 doctrinam
1128 1516 1220 1570 utero
1251 1506 1405 1584 mulieris,
1436 1505 1475 1570 de
1504 1526 1569 1588 qno
1603 1507 1687 1570 nihil
1717 1508 1920 1573 extrinsecus
1952 1521 2095 1591 apparet.

103 1595 190 1659 hanc
210 1593 494 1676 praetermisisset,
523 1593 569 1676 pii
599 1613 663 1657 non
687 1594 735 1657 ita
757 1593 884 1656 animos
913 1611 989 1657 suos
1018 1612 1075 1673 spe
1128 1590 1194 1656 Sed
1217 1591 1333 1656 deiude
1355 1603 1470 1658 auctus
1492 1605 1541 1656 est
1570 1593 1724 1674 populus:
1753 1603 1852 1674 atque
1882 1591 1967 1658 edito
1996 1596 2095 1672 foetu,

102 1677 335 1744 instaurandae
365 1678 517 1744 eeclesiae
545 1678 719 1743 obfirmare
749 1679 938 1759 potuissent.
983 1676 1075 1742 Haec
1128 1678 1220 1742 velut
1241 1697 1261 1741 a
1279 1678 1416 1759 pueritia
1434 1677 1584 1760 deinceps
1602 1678 1751 1754 adolevit,
1771 1678 1871 1744 donec
1889 1679 2096 1762 evangelium

103 1774 212 1831 autem
234 1764 410 1848 gratulatio
429 1763 537 1846 palam
555 1764 705 1839 ostendit,
729 1785 829 1845 quum
848 1764 952 1829 victor
971 1784 1073 1827 emar·
1127 1763 1369 1846 promulgatum
1391 1772 1448 1828 est.
1494 1764 1585 1828 Haec
1607 1765 1693 1828 enim
1711 1784 1792 1828 vera
1814 1764 1967 1829 eeclesiae
1988 1764 2097 1830 adole·

102 1852 182 1917 serit
214 1849 366 1916 Christus
399 1871 419 1914 a
451 1858 564 1924 morte,
599 1870 664 1913 nou
698 1851 851 1932 privatim
886 1849 945 1914 sibi
978 1847 1074 1912 modo
1127 1849 1249 1913 scentia
1279 1850 1349 1913 fuit.
1394 1849 1552 1930 Sequitur
1581 1847 1699 1914 deinde
1728 1850 1833 1915 virilis
1861 1863 1959 1924 actas,
1992 1871 2097 1933 nsque

101 1938 277 2014 victurum,
311 1936 390 2017 quin
419 1935 517 2000 simul
550 1936 650 1999 vitam
680 1935 809 2016 corpori
839 1954 897 2000 suo
926 1934 1073 2015 inspiret.
1127 1935 1167 1997 ad
1191 1934 1343 1998 ultimum
1366 1935 1489 2000 Christi
1512 1934 1700 2012 adventum,
1731 1956 1794 2017 quo
1818 1936 2005 2018 plenissime
2027 1957 2096 1999 om-

104 2020 247 2087 Stera'iem
270 2031 364 2086 vocat
391 2021 569 2097 ecclesiam,
598 2020 684 2103 qnod
712 2020 802 2084 nulla
832 2019 940 2103 proles
968 2041 1009 2083 ex
1036 2040 1074 2083 aa
1128 2020 1181 2083 nia
1211 2019 1444 2102 implebuntur.
1492 2019 1584 2085 Haec
1618 2023 1703 2084 euim
1737 2025 1847 2085 omnia
1879 2021 1975 2085 simul
2008 2041 2096 2085 eom·

102 2108 228 2190 sperari
245 2115 356 2189 posset
370 2107 523 2188 quamdiu
540 2106 660 2171 misera
674 2107 833 2171 servitute
852 2105 1072 2189 premebatur:
1127 2106 1284 2188 prehendi
1317 2105 1447 2183 debent,
1481 2107 1507 2170 si
1541 2107 1721 2188 genuinum
1756 2106 1932 2188 prophetae
1964 2126 2096 2170 sensum

104 2213 179 2257 nam
201 2194 229 2258 si
252 2193 324 2273 quis
347 2213 419 2256 eam
442 2193 644 2257 aestimasset
665 2191 705 2257 ab
734 2204 870 2256 externo
893 2202 988 2269 statu,
1018 2213 1073 2272 pa·
1127 2193 1254 2273 assequi
1278 2191 1423 2255 velimus.
1468 2193 1578 2272 Atque
1603 2192 1664 2257 boc
1692 2192 1787 2256 modo
1810 2191 1994 2269 Zacharias,
2024 2192 2095 2256 Ma·

102 2299 177 2342 rum
200 2277 375 2342 admodum
398 2277 438 2342 ab
457 2278 591 2342 interitu
612 2278 724 2342 abesse
741 2278 925 2342 iudicasset.
966 2280 1074 2359 Atque
1126 2276 1257 2357 lachiaa,
1279 2277 1467 2360 Eaggaeus,
1494 2277 1649 2359 populum
1679 2299 1736 2360 spe
1763 2277 1865 2342 futuri
1895 2283 2001 2343 status
2030 2278 2097 2341 ani·

103 2365 201 2428 etiam
224 2374 354 2445 praeter
376 2365 540 2428 miseriam
559 2373 738 2442 externam,
762 2364 845 2427 nihil
864 2365 955 2428 intus
975 2363 1074 2427 babe-
1127 2366 1270 2445 mebant,
1290 2383 1388 2445 quum
1406 2363 1557 2427 viderent
1575 2385 1610 2428 se
1628 2364 1825 2428 exstruendo
1842 2364 1962 2446 templo
1981 2382 2097 2444 parum

102 2450 157 2514 bat
178 2450 263 2533 puri,
286 2450 394 2513 omnia
412 2463 573 2531 corrupta,
593 2460 626 2513 et
643 2450 929 2531 superstitionibus
947 2447 1075 2513 foedata
1127 2448 1292 2530 proficere.
1338 2448 1576 2512 Promittebant
1597 2450 1684 2513 enim
1704 2451 1839 2532 gloriam
1864 2449 1960 2513 huius
1983 2449 2097 2529 templi

103 2547 211 2600 erant:
228 2536 304 2616 quia
322 2534 602 2617 degeneraverant
622 2535 661 2597 ad
678 2535 794 2616 impios
811 2538 959 2617 gentium
980 2535 1072 2599 ritus.
1126 2535 1282 2597 maiorem
1312 2535 1380 2598 fors
1414 2555 1511 2615 quam
1546 2535 1674 2615 prioris.
1718 2534 1790 2599 Hoc
1821 2544 1929 2598 antem
1963 2534 2096 2598 minime

102 2620 171 2686 Nec
194 2640 274 2685 vero
296 2620 439 2684 sterilem
463 2629 603 2694 tautum,
625 2620 681 2684 sed
705 2621 835 2684 viduam
857 2629 964 2685 vocat:
995 2641 1072 2701 quo·
1126 2619 1310 2701 apparebat,
1353 2621 1444 2700 Ergo
1474 2639 1575 2700 usque
1604 2621 1643 2683 ad
1668 2620 1837 2683 Christum
1868 2620 2096 2701 promissiones

102 2727 175 2770 rum
198 2717 308 2770 tamen
331 2705 469 2769 alterum
492 2703 532 2768 ad
555 2703 730 2768 tollendam
753 2704 976 2787 suscipiendae
999 2727 1072 2787 pro·
1126 2707 1205 2768 istas
1228 2707 1463 2786 prorogabunt,
1493 2705 1585 2768 cuius
1607 2725 1664 2785 spe
1685 2726 1723 2769 ac
1753 2705 1871 2769 fiducia
1897 2704 1979 2786 erigi
2008 2705 2096 2786 ipsos

102 2792 144 2856 lis
177 2812 268 2872 spem
302 2791 451 2855 sufficere
481 2800 599 2872 posset.
644 2790 739 2854 Nunc
769 2811 870 2872 quum
899 2790 980 2856 haec
1009 2791 1073 2854 duo
1125 2791 1277 2872 oportuit,
1309 2803 1345 2853 ut
1378 2790 1536 2873 templum
1568 2790 1785 2854 aedificarent.
1837 2790 1980 2854 Proinde
2008 2810 2094 2854 com·

103 2887 309 2956 concurrant,
333 2875 410 2958 quid
434 2873 521 2940 alind
545 2884 650 2957 potest
672 2896 769 2957 quam
793 2877 893 2940 miser
921 2877 1074 2941 interitus
1126 2876 1233 2940 munis
1263 2875 1344 2941 hacc
1375 2875 1506 2940 Iudaeis
1538 2875 1715 2939 consolatio
1747 2876 1809 2939 fuit
1841 2875 1896 2956 qui
1930 2875 1990 2938 sub
2024 2875 2095 2958 lege

103 2962 307 3045 exspectari?
363 2960 429 3026 Sed
466 2961 626 3027 adversus
666 2971 774 3024 tantas
810 2962 957 3026 miserias
991 2960 1073 3026 bono
1125 2964 1290 3041 vixerunt,
1320 2972 1353 3025 et
1374 2963 1469 3025 nobis
1491 2961 1546 3043 qui
1568 2960 1654 3025 benc
1675 2960 1827 3025 eeclesiae
1856 2960 2096 3025 restitutionem

101 3049 207 3131 ipsam
230 3048 339 3111 animo
362 3067 432 3112 esse
454 3045 560 3110 iubet:
591 3046 675 3129 quod
702 3046 811 3129 pluras
832 3047 950 3112 liberos
981 3047 1073 3112 babi-
1125 3046 1253 3129 plenius
1280 3048 1314 3111 in
1344 3046 1478 3111 Christo
1505 3047 1678 3112 cernimus.
1732 3046 1953 3111 Tortoriomm
1981 3047 2095 3110 simili·

103 3147 180 3198 tura
201 3134 243 3197 sit
272 3154 369 3216 quam
400 3133 582 3216 coniugata.
633 3132 747 3197 Potest
777 3142 884 3197 autem
908 3132 960 3196 hic
982 3134 1074 3198 locus
1126 3132 1204 3197 tudo
1225 3144 1355 3214 sumpta
1377 3145 1426 3197 est
1444 3152 1464 3195 a
1481 3131 1706 3208 tabernaculis,
1730 3151 1866 3213 quorum
1886 3133 2039 3213 frequens
2062 3132 2095 3195 in

102 3218 251 3284 bifariam
285 3220 417 3301 exponi:
453 3218 506 3284 vel
534 3228 572 3282 nt
597 3229 805 3300 comparetur
833 3219 969 3284 ecclesia
997 3239 1073 3284 cum
1124 3219 1181 3282 illa
1203 3219 1334 3297 regione
1356 3240 1435 3283 usus
1456 3229 1515 3283 est.
1555 3217 1618 3282 His
1640 3229 1748 3283 autem
1768 3229 1973 3299 comparatur
1995 3217 2095 3281 ecole-

102 3303 263 3388 geutibus,
284 3324 365 3387 quae
387 3305 491 3370 instar
512 3303 659 3368 mulieris
681 3305 872 3387 coniugatae
893 3304 1072 3369 florebant:
1124 3305 1181 3382 sia,
1205 3305 1291 3385 quod
1314 3304 1453 3369 solidum
1475 3305 1509 3368 in
1529 3304 1651 3367 mundo
1672 3304 1854 3368 aedificium
1878 3324 1942 3367 non
1967 3302 2093 3367 babeat.

102 3390 156 3455 vel
178 3410 252 3455 cum
275 3410 313 3454 eo
336 3400 422 3454 statu
445 3410 542 3471 quam
569 3391 638 3471 ipsa
666 3389 801 3455 eeclesia
822 3399 899 3455 ante
920 3390 1071 3455 exsilium
1125 3390 1291 3454 instabilis
1315 3391 1400 3453 enim
1424 3394 1564 3472 straga
1585 3409 1656 3453 esse
1679 3389 1817 3466 videtur,
1848 3389 1934 3468 quod
1958 3387 2022 3451 buc
2045 3398 2094 3450 at·

102 3476 276 3541 obtinebat.
317 3476 385 3540 Nae
408 3475 492 3539 male
511 3476 684 3539 conveniet
703 3480 840 3558 uterque
862 3497 992 3542 seusus:
1015 3477 1072 3541 ssd
1124 3497 1186 3557 que
1207 3475 1285 3538 illuc
1307 3475 1443 3539 subinde
1473 3474 1513 3539 ob
1537 3476 1644 3539 varias
1671 3476 1869 3537 mutationes
1892 3493 1963 3536 eam
1986 3483 2094 3536 trans-

87 3581 162 3645 ·ego
183 3561 412 3644 simpliciorem
431 3561 522 3644 sequi
546 3561 647 3625 malo:
669 3581 730 3626 nec
752 3562 838 3625 euim
857 3563 1071 3644 comparatio·
1124 3561 1201 3625 ferri
1226 3581 1354 3624 necesse
1376 3561 1436 3623 sit:
1459 3559 1515 3624 sed
1537 3560 1664 3623 interca
1686 3580 1750 3622 non
1774 3558 1887 3622 dubito
1905 3560 1984 3638 quin
2007 3558 2093 3640 prio·

102 3667 177 3711 nem
207 3646 346 3730 duplicis
374 3657 480 3712 status
508 3647 582 3711 fieri
605 3657 693 3729 puto,
723 3646 780 3710 sed
804 3647 971 3730 vulgarem
1002 3669 1072 3711 esse
1124 3667 1193 3711 rem
1231 3646 1319 3708 illam
1356 3645 1579 3710 liberationem
1611 3645 1765 3727 spectarit
1805 3642 1855 3727 (ut
1890 3643 1990 3708 moris
2023 3664 2094 3708 esse

101 3732 253 3814 loquendi
275 3735 412 3797 formam
435 3754 500 3814 qua
521 3732 679 3815 propheta
701 3754 778 3796 usus
796 3743 862 3797 est:
885 3743 922 3795 ut
944 3743 1074 3815 praeter
1124 3730 1292 3816 prophetis
1311 3728 1466 3815 diximus)
1489 3750 1552 3812 qua
1568 3751 1627 3813 per
1646 3731 1808 3794 desertum
1828 3728 1934 3793 educti
1953 3728 2093 3810 quadra·

103 3819 260 3883 usitatum
285 3838 407 3882 morem
430 3818 681 3883 foecunditatem
712 3818 796 3882 hanc
818 3817 971 3883 ecclesiae
994 3839 1073 3883 ven·
1124 3819 1216 3901 ginta
1243 3817 1339 3880 annis
1366 3816 1426 3880 sub
1456 3817 1604 3880 tentoriis
1632 3815 1839 3880 habitarunt:
1874 3814 1960 3878 unde
1992 3815 2092 3880 etiam

102 3915 209 3967 turam
242 3903 415 3986 significet,
448 3925 489 3967 ne
522 3925 565 3967 ex
596 3903 762 3969 communi
798 3915 933 3967 naturae
962 3902 1073 3967 ordine
1124 3903 1298 3984 quotannis
1320 3903 1454 3966 solenne
1477 3904 1593 3966 festum
1617 3902 1768 3965 mandato
1785 3902 1846 3965 Dei
1861 3899 2095 3967 celebrabatur.

101 3989 171 4054 eins
194 3989 337 4053 conditio
359 3988 564 4053 aestimetur:
592 3992 742 4071 quoniam
765 3989 895 4072 insigna
917 4000 949 4052 et
971 3989 1072 4052 admi·
1124 3987 1265 4054 Obiioist
1286 3988 1456 4069 quispiam,
1479 3987 1617 4051 solidum
1640 4007 1711 4051 esse
1732 3986 1915 4050 aedificium
1934 3987 2017 4067 quod
2041 4007 2096 4051 ex-

101 4074 203 4140 rabile
222 4074 287 4139 Dei
308 4095 388 4156 opus
410 4072 557 4138 futurum
580 4085 639 4139 ast.
683 4076 728 4138 Et
746 4084 854 4139 tamen
873 4074 977 4138 fateor
994 4085 1073 4139 tunc
1125 4077 1263 4139 struitur
1293 4094 1312 4137 a
1340 4074 1498 4138 ministris
1520 4072 1623 4154 verbi,
1653 4083 1690 4135 ut
1719 4072 1936 4137 tabernaculis
1966 4090 2095 4155 compa·

100 4160 201 4226 fuisse
230 4159 412 4224 viduatam:
446 4159 523 4241 quia
556 4171 589 4223 et
616 4160 740 4242 pridem
770 4161 864 4226 Deus
900 4161 1072 4242 repudium
1125 4161 1263 4224 randum
1282 4178 1348 4222 non
1367 4160 1419 4224 sit.
1457 4158 1523 4224 Sed
1543 4158 1730 4238 respondeo,
1748 4157 1993 4221 similitudinem
2009 4157 2096 4224 hane

101 4246 235 4311 miserat
256 4266 314 4328 per
334 4266 446 4310 servos
475 4265 558 4321 suos,
587 4256 620 4309 et
640 4267 677 4310 re
698 4247 770 4327 ipsa
790 4245 967 4311 divortium
990 4247 1070 4311 fece·
1125 4245 1407 4310 tabernaculorum
1427 4247 1533 4326 potius
1551 4243 1591 4308 ad
1611 4256 1780 4308 externam
1798 4243 1951 4307 ecclesiae
1969 4244 2094 4325 faciem,

100 4340 154 4394 rat
175 4352 249 4396 cum
272 4344 369 4414 gente
390 4331 458 4407 illa,
480 4350 552 4394 eam
574 4331 609 4394 in
637 4332 788 4395 exsilium
819 4333 960 4397 eliciens.
1006 4330 1071 4397 Sed
1124 4351 1222 4413 quam
1246 4331 1285 4394 ad
1309 4331 1512 4411 spiritualem
1536 4346 1569 4393 et
1595 4331 1805 4393 intrinsecum
1828 4327 1879 4414 (ut
1900 4328 2095 4415 italoquar)

101 4415 260 4498 propheta
280 4418 451 4481 denuntiat
473 4437 610 4501 poenam
640 4417 726 4481 banc
755 4417 964 4499 temporalem
994 4418 1072 4496 fore,
1124 4420 1193 4481 eius
1215 4429 1336 4480 statum
1355 4417 1477 4480 referri.
1512 4415 1595 4479 Nam
1613 4435 1728 4478 verum
1744 4415 1896 4480 eeclesiae
1912 4414 2093 4478 aedificium

103 4512 139 4566 ut
162 4501 257 4584 paulo
280 4513 352 4582 post
374 4503 493 4568 clarius
515 4501 708 4567 videbimus.
1124 4523 1190 4566 nou
1213 4501 1300 4566 aliud
1325 4513 1373 4564 est
1395 4523 1490 4582 quam
1520 4522 1656 4582 regnum
1680 4500 1762 4564 Dei:
1792 4502 1881 4582 atqui
1905 4500 1966 4564 hoc
1995 4499 2093 4564 uadu-

186 4587 256 4650 fet
270 4585 299 4649 3.
325 4587 475 4673 (Dilata.)
504 4588 716 4669 Prosequitur
730 4598 958 4670 argumentum
975 4609 1070 4652 suum
1123 4608 1195 4652 cum
1219 4609 1282 4651 non
1306 4586 1365 4666 est,
1388 4600 1444 4650 aut
1467 4587 1573 4650 simile
1596 4586 1751 4650 tentoriis.
1796 4584 1928 4649 Interea
1951 4606 2014 4649 non
2038 4585 2093 4649 de·

101 4673 173 4738 aliis
195 4673 318 4755 figuris,
342 4693 379 4737 ao
401 4674 560 4755 promittit
578 4674 758 4737 Dominum
777 4694 841 4736 non
862 4675 957 4737 modo
979 4674 1072 4737 resti·
1123 4674 1201 4738 sinit
1223 4673 1357 4737 ecclesis
1381 4673 1444 4735 huo
1466 4685 1499 4735 et
1521 4673 1597 4736 illuc
1620 4672 1807 4736 transferri:
1833 4672 1911 4753 quia
1933 4691 2093 4752 nusquam

101 4766 253 4823 tatarum
275 4758 442 4822 ecclesiam
468 4779 570 4839 suam,
592 4759 647 4824 sed
670 4761 768 4823 etiam
791 4759 894 4823 multo
913 4759 1070 4823 excelleu—
1122 4760 1170 4822 illi
1195 4761 1287 4822 firma
1305 4772 1356 4823 est
1375 4758 1466 4823 sedes
1489 4760 1521 4821 in
1542 4780 1604 4839 qua
1623 4760 1785 4823 consistat.
1824 4758 1974 4837 Denique
1992 4755 2094 4820 solida

101 4845 219 4909 tiorem
248 4852 370 4909 statum
400 4844 430 4907 ei
460 4843 619 4909 daturum.
671 4843 737 4924 Qui
768 4854 883 4926 putant
914 4844 974 4909 boc
1003 4846 1072 4910 loce
1124 4846 1278 4909 firmitate
1300 4845 1430 4908 excellit
1453 4866 1551 4924 supra
1575 4845 1810 4908 munitissimas
1827 4863 1971 4924 quasque
1993 4861 2094 4921 arces,

101 4931 269 4996 ecelesiam
303 4950 378 4994 curu
411 4950 579 5013 synagoga
611 4931 760 5005 conferri,
798 4929 966 5012 falluntur,
1000 4951 1071 4994 meo
1123 4932 1199 5012 quia
1218 4930 1464 5012 inexpugnabili
1484 4929 1546 4993 Dei
1567 4932 1688 4994 virtute
1706 4933 1787 4993 freta
1806 4928 1982 4993 contemnit
1998 4947 2093 4992 omne

101 5015 235 5081 iudicio:
252 5035 314 5080 nec
333 5014 422 5079 aliud
442 5017 616 5096 proficiunt
630 5037 726 5097 quam
742 5015 826 5097 quod
846 5015 1072 5080 obstinatiores
1124 5017 1306 5080 discrimen.
1339 5017 1500 5079 Tentoriis
1518 5032 1625 5079 autem
1644 5017 1758 5080 similis
1777 5027 1833 5088 cst,
1856 5015 1931 5095 quia
1954 5015 2092 5079 terrenis

100 5100 242 5166 reddunt
263 5099 409 5178 Iudaeos,
432 5101 487 5182 qui
510 5104 704 5166 sententiam
728 5102 905 5183 prophatae
926 5102 1072 5183 torqueri
1123 5104 1247 5184 opibus,
1270 5102 1368 5184 copiis
1391 5112 1423 5165 et
1446 5103 1570 5165 viribus
1594 5104 1727 5165 minime
1749 5100 1890 5164 fulcitur.
1937 5097 2093 5182 Sequitur

100 5188 221 5252 vident.
253 5187 325 5270 Ego
340 5185 471 5268 quidem
487 5187 591 5251 fateor
606 5187 684 5252 baec
700 5191 863 5269 pertinere
879 5187 918 5250 ad
935 5209 1072 5269 regnum
1124 5189 1207 5253 ratio
1222 5209 1280 5251 cur
1301 5193 1395 5251 funes
1411 5187 1542 5269 produci
1560 5189 1690 5251 iusserit
1712 5185 1905 5266 ampliandis
1928 5187 2092 5250 tentoriis:

102 5272 238 5349 Christi,
261 5294 298 5337 ac
316 5273 448 5336 demum
466 5273 601 5355 impleta
619 5294 690 5338 esse
707 5295 749 5337 ex
768 5293 831 5356 quo
849 5273 954 5354 coepit
970 5294 1072 5338 evan·
1125 5275 1200 5357 quia
1221 5273 1343 5338 scilicet
1365 5274 1536 5338 mediocris
1555 5274 1643 5339 locus
1662 5275 1829 5354 ingentem
1848 5273 2002 5352 populum
2027 5291 2092 5336 uon
