4784 5970
195 395 258 464 693
907 393 957 461 ΙΝ
980 393 1229 460 lanuuium.
1274 391 1372 460 (lAP.
1396 394 1473 460 VII.
1733 494 1740 509 ·
2130 396 2195 464 694

197 585 397 667 dictumest,
418 585 511 652 facile
534 605 678 651 essemus
698 583 892 668 superiores.
926 580 994 649 Sed
1011 583 1164 666 quoniam
1219 580 1286 648 Sed
1315 580 1372 647 ubi
1401 581 1485 647 nibil
1515 581 1580 647 illis
1612 581 1730 663 obstet,
1764 582 1937 666 quominus
1970 584 2107 668 imperio
2130 583 2195 649 Dei

136 676 140 683 '
197 674 244 738 ita
265 670 468 738 colorantes
499 671 532 737 in
555 691 614 736 eus
643 669 870 736 excaecatione
902 668 1007 735 lucem
1040 670 1165 734 exstin·
1218 676 1364 751 pareant,
1380 668 1444 733 nisi
1460 665 1545 752 quod
1559 668 1734 752 rapiuntur
1748 678 1821 752 post
1835 669 1938 735 stulta
1954 688 2013 734 sua
2027 671 2194 754 figmenta,

197 779 296 842 gnere
318 765 488 834 conantur,
521 766 555 820 et
576 755 637 821 sibi
659 769 774 838 sponte
807 754 958 820 tenebras
990 753 1166 832 obducunt,
1220 754 1282 819 hoc
1303 774 1370 819 non
1392 763 1442 818 est
1463 754 1658 819 excusabile.
1702 753 1790 835 Quid
1812 755 1902 819 enim
1924 757 2074 838 excipere
2099 765 2193 838 pote·

197 862 371 926 sequamur
407 841 490 925 quod
528 842 581 907 hic
614 842 751 924 spiritus
784 841 847 908 Dei
884 837 976 906 nobis
1013 839 1166 922 ostendit,
1220 837 1317 904 rant?
1348 839 1522 904 Voluimus
1544 859 1658 922 sapere
1679 859 1780 922 supra
1801 840 1921 906 Deum.
1966 841 2120 922 Quantus
2143 849 2195 907 est

198 948 316 1012 nempe
343 929 427 993 hanc
457 948 527 992 esse
556 929 763 1010 praecipuam
791 936 917 1010 partem
940 924 1012 990 veri
1033 935 1066 990 et
1087 926 1168 991 recti
1220 924 1283 1006 hic,
1305 933 1338 990 et
1360 945 1458 1009 quam
1481 925 1659 992 diabolicus
1680 927 1795 992 furor?
1830 927 1934 1010 Atqui
1956 926 2043 991 nihil
2065 926 2119 993 hic
2142 947 2193 992 re-

197 1014 319 1093 cultus,
353 1014 408 1079 ubi
442 1013 593 1078 audimus
622 1012 731 1078 Deum
763 1012 966 1096 loquentem:
999 1021 1032 1076 et
1062 1010 1168 1094 pluris
1220 1010 1348 1075 siduum
1372 1011 1436 1075 illis
1465 1009 1544 1076 facit
1571 1011 1730 1094 propheta
1752 1016 1883 1093 praeter
1905 1012 1991 1078 banc
2012 1031 2113 1077 unam
2135 1032 2195 1078 ex·

198 1120 269 1166 esse
298 1098 514 1165 obedientiam
544 1119 639 1181 quam
669 1118 782 1163 omnes
807 1098 965 1174 victimas,
998 1108 1031 1162 et
1059 1097 1168 1162 omnia
1220 1095 1430 1174 cusationem,
1460 1115 1543 1179 quae
1565 1096 1689 1163 crimen
1711 1097 1865 1180 duplicat.
1911 1097 2076 1163 Putabant
2106 1096 2195 1163 baud

197 1185 368 1262 sacrificia,
402 1185 497 1250 sicuti
529 1185 594 1249 iam
623 1185 796 1250 citavimus
824 1204 867 1248 ex
895 1183 1019 1248 decimo
1051 1184 1168 1266 quinto
1220 1180 1317 1246 dubie
1339 1201 1394 1247 cor
1411 1203 1508 1247 suum
1529 1202 1600 1248 esse
1620 1185 1700 1248 bene
1722 1183 1956 1266 compositum:
1979 1182 2037 1248 sed
2056 1183 2195 1249 hicnon

197 1272 304 1354 capite
331 1270 427 1353 primi
450 1268 624 1335 Samuelis.
669 1270 788 1335 Posses
809 1266 908 1346 addit,
938 1267 1006 1334 Ενο
1027 1268 1111 1334 robis
1133 1268 1169 1332 in
1221 1267 1326 1333 defert
1343 1267 1407 1333 illis
1425 1266 1589 1345 iudicium,
1612 1269 1691 1351 quin
1708 1271 1851 1351 praecise
1868 1288 1924 1334 eos
1943 1266 2079 1335 damnat
2099 1269 2195 1335 sicuti

197 1356 311 1438 Derim,
340 1356 478 1421 ants
501 1355 583 1420 milri
603 1356 639 1420 in
663 1356 835 1439 namium.-
864 1353 1113 1420 eamulatdis
1134 1354 1169 1418 in
1221 1353 1330 1418 meriti
1353 1359 1457 1420 erant.
1495 1353 1566 1419 Iam
1586 1354 1807 1420 observandus
1830 1356 1928 1420 etiam
1951 1353 2046 1420 nobis
2068 1362 2119 1420 est
2142 1354 2195 1420 hio

198 1447 260 1507 tota
288 1443 341 1505 uia
373 1461 468 1523 quarn
496 1441 682 1506 manducare
713 1441 811 1520 aubia
843 1445 879 1505 at
904 1441 975 1505 tene
1003 1440 1046 1506 sit
1073 1437 1167 1505 soba.
1222 1439 1321 1519 locus,
1343 1439 1419 1523 quia
1439 1438 1535 1504 bodie
1552 1439 1657 1504 maior
1673 1460 1750 1523 pars
1767 1441 1925 1524 figmenm
1943 1459 2002 1505 sua
2013 1439 2078 1505 Dei
2093 1440 2195 1506 verbu

199 1527 380 1594 Confirmat
410 1526 568 1609 propbeta
597 1526 683 1610 quod
712 1525 777 1590 iam
807 1547 911 1610 nuper
933 1525 1017 1604 dixi,
1051 1545 1169 1606 nempe
1221 1524 1365 1608 opponit.
1411 1525 1564 1606 Papistas
1587 1525 1717 1608 quidem
1740 1525 1921 1591 obtendunt
1947 1527 2194 1609 antiquitatem:

198 1612 387 1679 sivelimus
418 1611 548 1677 obedire
576 1612 656 1689 Deo,
690 1610 959 1677 considerandum
992 1631 1063 1678 esse
1091 1610 1168 1693 quid
1222 1609 1336 1676 dieunt
1359 1632 1378 1675 a
1400 1611 1575 1677 maioribus
1602 1611 1649 1676 ita
1671 1631 1707 1676 se
1728 1612 1827 1677 luisse
1856 1609 2000 1677 edoctos:
2035 1622 2069 1677 st
2096 1609 2194 1677 simul

199 1698 384 1781 praecipiat.
430 1697 520 1763 Deus
542 1703 653 1763 autem
676 1695 800 1762 nullam
823 1710 948 1780 partem
973 1698 1041 1762 veri
1062 1697 1169 1764 cultus
1222 1695 1377 1762 obiiciunt
1410 1695 1546 1762 concilis
1574 1709 1607 1761 et
1635 1706 1759 1763 statuta
1813 1706 1938 1762 atrum:
1972 1697 2030 1763 ssd
2061 1697 2195 1763 interim

198 1783 317 1850 omisit.
362 1783 452 1866 Ergo
480 1804 648 1866 nunquam
678 1783 902 1868 aberrabimus
932 1802 951 1845 a
980 1782 1112 1866 pietate,
1142 1781 1170 1847 ei
1222 1801 1319 1846 nemo
1349 1802 1462 1848 eorum
1487 1793 1546 1859 est,
1578 1783 1635 1865 qui
1665 1803 1730 1847 non
1760 1718 1907 1848 addictus
1936 1783 1979 1848 sit
2009 1783 2078 1849 suis
2107 1802 2194 1849 com·

199 1878 327 1935 tantum
350 1869 562 1951 praebeamus
585 1889 643 1935 nos
665 1867 792 1935 dociles.
837 1867 934 1934 Unde
956 1888 1034 1952 ergo
1056 1870 1104 1948 fit,
1133 1877 1170 1932 ut
1222 1868 1352 1950 mentis,
1386 1879 1419 1932 et
1441 1868 1497 1950 qui
1518 1866 1580 1933 sibi
1609 1888 1675 1933 non
1702 1870 1871 1952 permittat
1901 1867 2097 1946 libertatem,
2129 1869 2195 1932 imo

199 1955 347 2021 laborent
369 1955 465 2018 anxie
487 1952 645 2031 homines,
663 1963 696 2018 et
714 1954 796 2018 riibil
814 1954 993 2038 proficiant,
1013 1954 1076 2019 nisi
1093 1953 1170 2037 quia
1222 1952 1398 2018 effraenem
1433 1953 1599 2019 licentiam
1627 1952 1796 2020 reiiciendi
1825 1954 1981 2038 quidquid
2004 1955 2113 2020 visum
2135 1964 2193 2019 est.

199 2039 290 2106 surdi
312 2051 389 2105 sunt
411 2039 452 2104 ad
474 2038 538 2104 Dei
561 2039 695 2105 vocem?
727 2039 812 2104 Nam
835 2041 931 2105 sicuti
953 2039 1019 2103 iam
1042 2040 1170 2122 saepius
1223 2038 1407 2117 Caeterum,
1440 2039 1468 2104 si
1490 2040 1663 2122 respicitur
1683 2040 1775 2124 origo
1797 2041 1896 2106 totius
1925 2039 2050 2123 papalis
2079 2037 2194 2115 cultus,

199 2127 405 2203 dictumest,
439 2146 506 2189 non
539 2134 667 2191 tantum
701 2125 854 2209 loquutus
876 2135 926 2190 est
948 2124 1039 2190 Deus
1071 2146 1170 2209 gene·
1223 2124 1279 2206 qui
1303 2125 1400 2208 primi
1427 2124 1655 2208 excogitarunt
1686 2135 1733 2190 tot
1760 2126 2007 2209 superstitiones
2040 2126 2194 2192 erraticas

199 2211 313 2277 raliter
340 2216 374 2275 et
395 2211 528 2276 confuse
555 2211 595 2276 de
622 2210 815 2294 obedientia,
847 2210 904 2276 sed
934 2211 1021 2276 clare
1042 2223 1075 2276 et
1096 2231 1170 2294 per·
1223 2209 1361 2275 audacia
1388 2218 1421 2275 et
1449 2211 1632 2276 temeritate
1663 2221 1789 2276 tantum
1820 2213 1954 2277 fuerunt
1983 2210 2126 2294 impulsi,
2158 2219 2196 2275 ut

200 2298 310 2382 spicue
340 2295 449 2361 docuit
477 2296 553 2379 quid
577 2296 700 2381 probet.
746 2297 834 2382 Ergo
856 2296 996 2380 placebit
1024 2296 1072 2361 illi
1094 2316 1171 2362 nos·
1225 2294 1358 2360 verbum
1388 2295 1452 2360 Dei
1483 2296 1620 2379 pedibus
1653 2297 1824 2364 calcarent.
1868 2297 1957 2362 Hinc
1989 2298 2123 2376 iactum,
2157 2304 2195 2361 nt

200 2397 288 2447 trum
307 2382 507 2465 obsequium,
529 2384 701 2447 sitantum
720 2381 880 2447 discamus
898 2381 1064 2465 quidipse
1078 2381 1169 2448 velit.
1224 2382 1333 2446 omnia
1363 2380 1487 2446 luerint
1515 2389 1686 2465 corrupta:
1720 2393 1756 2448 ut
1785 2382 1998 2449 obtruderent
2031 2381 2196 2466 quaelibet

201 2470 246 2534 Et
268 2468 366 2533 simul
388 2468 487 2532 etiam
510 2466 599 2533 addit
621 2468 705 2535 hanc
728 2467 946 2534 conditionem
969 2468 1170 2551 propositam
1224 2467 1348 2532 cerebri
1366 2467 1457 2532 suifi
1482 2477 1601 2533 menta.
1633 2468 1677 2532 Et
1693 2468 1840 2534 videmus
1859 2471 2000 2553 papistas
2015 2467 2110 2534 hodie
2128 2481 2195 2533 tam

201 2553 301 2619 fuisse
322 2552 461 2630 Iudaeis,
495 2559 529 2618 at
550 2554 622 2619 bant
643 2553 821 2636 afiliaitcr
841 2558 975 2637 aymoni,
997 2555 1025 2619 si
1048 2553 1172 2618 vellent
1224 2551 1433 2635 pertinaciter
1454 2488 1578 2618 defixos
1600 2573 1671 2619 esse
1693 2554 1728 2619 in
1750 2554 1819 2620 suis
1847 2554 2025 2633 erroribus,
2055 2554 2132 2637 quia
2159 2574 2195 2620 se

201 2647 331 2705 tantum
355 2639 426 2704 Deo
448 2638 589 2722 obsequi.
633 2639 721 2704 Hinc
743 2640 847 2724 magis
873 2638 1035 2722 detegitur
1056 2658 1170 2703 eorum
1225 2648 1257 2702 et
1280 2658 1356 2704 suas
1378 2659 1484 2722 nugas
1507 2637 1579 2703 Deo
1600 2640 1796 2722 praeierunt.
1841 2641 1886 2705 Et
1907 2638 1992 2705 idem
2022 2642 2120 2705 ctiam
2144 2661 2195 2705 re·

201 2724 409 2808 perversitas,
439 2723 523 2806 quod
546 2735 663 2809 sponte
684 2724 851 2790 voluerint
879 2744 950 2789 esse
979 2725 1102 2800 miseri,
1134 2742 1172 2788 ac
1225 2723 1370 2806 periatur
1390 2723 1427 2787 in
1448 2725 1599 2789 omnibus
1621 2724 1804 2792 haereticis.
1848 2724 1938 2807 Quid
1968 2747 2046 2811 ergo
2068 2724 2194 2792 restat?

202 2810 265 2877 sibi
297 2810 526 2875 accersiverint
558 2810 740 2875 interitum.
791 2810 877 2875 Nam
910 2811 1075 2893 proposita
1107 2809 1172 2874 illis
1226 2808 1294 2873 dixi
1327 2808 1544 2875 obedientiam
1577 2831 1648 2875 esse
1682 2812 1775 2895 quasi
1808 2811 2056 2877 fundamentum
2093 2813 2194 2878 totius

203 2905 274 2962 erat
306 2896 400 2961 beata
432 2897 516 2973 vita,
556 2897 583 2960 si
617 2904 744 2961 tantum
782 2917 817 2961 se
855 2895 927 2960 Deo
964 2896 1171 2962 subiicerent.
1225 2914 1323 2959 verae
1350 2895 1489 2978 pietatis.
1534 2896 1625 2980 Ergo
1651 2916 1693 2960 ex
1716 2898 1864 2979 opposito
1890 2899 1918 2964 si
1941 2898 2093 2964 volumus
2121 2918 2194 2980 pro·
2290 2940 2294 2951 ·

202 2982 313 3063 Quum
336 2981 397 3046 boc
419 2981 614 3061 recusarint,
643 2983 716 3064 quis
739 3000 803 3047 non
826 2980 915 3046 videt
943 3002 999 3047 eos
1029 2983 1116 3046 ultro
1138 3002 1173 3047 se
1226 2981 1295 3045 bari
1317 2981 1389 3046 Deo
1411 2981 1535 3046 cultum
1557 2990 1713 3060 nostrum,
1737 2982 1899 3049 discamus
1921 2984 2082 3068 abnegare
2103 2982 2197 3066 quid·

203 3066 366 3132 addixisse
398 3067 556 3144 miseriis,
588 3069 680 3148 quasi
710 3066 833 3132 vellent
864 3068 947 3131 iram
979 3067 1042 3132 Dei
1074 3069 1109 3132 in
1139 3088 1174 3131 se
1225 3065 1302 3148 quid
1326 3076 1476 3131 nostrum
1506 3075 1568 3147 est,
1598 3067 1643 3131 ita
1665 3078 1703 3131 ut
1725 3067 1912 3151 praevaleat
1939 3071 2008 3136 eius
2038 3070 2197 3135 autoritas

204 3172 390 3236 prorutam,
414 3152 512 3235 idque
534 3151 611 3217 data
632 3152 752 3235 opera?
774 3153 860 3218 Nam
882 3152 993 3218 statim
1016 3155 1173 3236 sequitur,
1225 3151 1376 3218 omnibus
1399 3153 1518 3218 nostris
1541 3153 1730 3219 rationibus.
1774 3154 1819 3218 Et
1841 3155 1967 3220 interea
1988 3156 2085 3219 etiam
2109 3165 2197 3220 note·

205 3239 277 3304 Non
299 3238 467 3304 undarunt
495 3243 605 3303 utnon
631 3238 824 3304 inclinarunt
854 3258 963 3303 aurem
991 3258 1093 3322 mom,
1123 3240 1173 3302 in·
1226 3257 1310 3314 mus,
1343 3258 1442 3321 quam
1471 3236 1664 3303 detestabile
1690 3239 1733 3304 sit
1755 3239 1816 3306 hoc
1838 3240 2055 3324 sacrilegium,
2089 3242 2196 3323 potius

203 3326 281 3407 quit.
322 3323 388 3387 Hic
410 3323 553 3388 ostendit
575 3323 734 3407 propheta
756 3324 894 3390 ludaeos
917 3345 982 3390 non
1006 3335 1085 3391 tunc
1107 3325 1173 3408 pri·
1198 3289 1201 3434 ι
1228 3322 1310 3388 velle
1342 3324 1436 3406 sequi
1468 3324 1665 3407 pravitatem
1699 3324 1805 3391 cordis
1838 3328 1956 3405 nostri,
1993 3345 2092 3407 quam
2125 3325 2196 3390 Deo

204 3431 293 3474 mum
323 3408 467 3492 coepisse
500 3407 642 3497 rebelles,
662 3430 734 3475 esse
757 3411 827 3477 Deo
857 3420 890 3474 at
917 3411 1065 3474 sermoni·
1093 3410 1171 3486 eius,
1225 3407 1458 3491 obtemperare,
1491 3409 1545 3474 ubi
1574 3410 1662 3474 viam
1695 3410 1811 3475 salutis
1843 3411 1935 3493 quasi
1968 3410 2072 3495 digito
2103 3411 2197 3476 nobis

204 3495 280 3579 quia
307 3495 427 3559 imitati
450 3494 571 3560 luerint
592 3495 726 3579 impiam
750 3507 878 3578 patrum
902 3516 1037 3559 suorum
1060 3505 1173 3561 contu-
1227 3495 1435 3559 demonstrat.
1480 3494 1640 3561 Notemus
1669 3497 1777 3573 etiam,
1810 3496 1891 3561 nibil
1921 3496 2014 3562 nobis
2043 3496 2197 3580 prodesse

204 3580 357 3645 muciam:
392 3588 425 3645 et
447 3580 508 3646 boc
537 3579 654 3645 deinde
684 3582 786 3647 lusius
815 3589 1040 3663 prosequetur.
1084 3581 1174 3646 Dicit
1225 3600 1326 3662 quum
1348 3578 1500 3644 ridemur
1529 3581 1622 3646 nobis
1651 3580 1771 3664 optime
1800 3601 1924 3664 sapere,
1954 3593 1988 3647 et
2009 3602 2111 3665 quum
2140 3602 2197 3665 ap·

204 3687 302 3744 nunc,
332 3666 406 3730 Non
435 3667 586 3748 praesepi
609 3666 648 3730 de
672 3667 848 3746 sacrificiis,
877 3663 934 3731 sed
962 3677 1090 3730 tantum
1114 3667 1175 3731 hcc
1226 3662 1410 3748 plaudimus
1432 3665 1525 3731 nobis
1547 3666 1581 3730 in
1604 3675 1717 3732 nostra
1738 3667 1886 3734 stultitia.
1921 3669 2013 3733 Deus
2033 3668 2121 3733 enim
2145 3667 2197 3734 bic

205 3771 308 3816 unum
338 3751 416 3833 petii
439 3771 458 3814 a
480 3753 625 3834 patribus
648 3753 781 3830 vestris,
811 3763 848 3816 ut
877 3751 958 3815 mibi
987 3750 1173 3816 obedirent:
1228 3751 1417 3833 pronuntiat
1444 3771 1498 3816 cor
1518 3755 1659 3816 neuram
1687 3752 1806 3817 nidum
1834 3773 1913 3837 esse,
1948 3754 2046 3820 simul
2076 3774 2114 3819 ao
2142 3753 2196 3818 de-

206 3837 389 3916 Nclaerunt,
418 3837 536 3919 inquit.
581 3837 676 3917 Quae
698 3838 804 3919 potuit
825 3857 896 3903 esse
917 3837 1035 3901 iustior
1064 3846 1173 3920 postu·
1226 3836 1388 3902 flectimus
1416 3856 1539 3919 apuro
1571 3839 1640 3902 eius
1662 3839 1770 3903 verbo.
1815 3838 1904 3905 Dicit
1934 3840 2036 3921 fuisse
2062 3845 2143 3905 retro
2172 3843 2199 3904 ct

205 3922 283 3987 latio
315 3942 412 4004 quam
442 3935 478 3987 ut
508 3923 579 3988 Deo
608 3922 798 3988 obedirent?
832 3922 966 4003 Quanta
998 3923 1107 4006 igitur,
1142 3931 1175 3986 et
1226 3942 1288 3986 non
1308 3926 1395 3986 anta:
1423 3942 1487 4005 qua
1509 3922 1698 4005 loquutione
1720 3924 1882 4006 significat
1903 3925 2044 3990 Iudaeos
2068 3933 2199 4008 tergum

205 4027 300 4091 quam
325 4006 418 4073 foeda
440 4017 489 4071 est
510 4010 574 4073 ista
603 4006 790 4092 indignitas,
823 4008 907 4092 quod
941 4008 1090 4073 abnuunt
1112 4009 1175 4073 Dei
1227 4007 1415 4086 obvertisse,
1445 4007 1550 4073 need
1576 4008 1684 4091 ipsum
1708 4009 1762 4074 vel
1790 4012 1991 4092 respicerent
2012 4010 2065 4075 vel
2088 4008 2200 4076 tende·

205 4093 401 4176 imperium?
429 4094 492 4158 irno
513 4114 574 4158 non
596 4094 750 4159 inclinant
770 4094 905 4159 aaran?
936 4094 1021 4158 Nam
1044 4094 1106 4160 bac
1127 4094 1174 4159 lc·
1228 4103 1309 4158 rent
1354 4093 1440 4158 Nam
1462 4094 1584 4178 siquis
1607 4116 1641 4159 se
1664 4093 1777 4160 ducem
1802 4096 1876 4160 viae
1905 4096 1997 4162 nobis
2026 4096 2096 4162 fore
2125 4116 2201 4179 pro·

205 4180 359 4263 quutione
381 4179 545 4263 significat
566 4179 726 4263 propbeta
748 4201 813 4245 non
836 4179 930 4244 modo
953 4187 1175 4262 contemptum
1228 4178 1340 4255 mittit,
1365 4178 1473 4243 statim
1496 4182 1716 4245 convertimus
1738 4181 1772 4244 in
1796 4201 1872 4246 eum
1894 4181 2023 4247 oculos:
2045 4183 2073 4248 si
2092 4190 2199 4246 autem

207 4263 298 4329 verbi
321 4276 355 4328 et
376 4264 567 4340 socordiam,
595 4263 651 4330 sed
675 4266 904 4348 pervicaciam,
937 4266 1023 4348 quod
1052 4266 1176 4332 scilieet
1229 4276 1359 4347 tergum
1380 4264 1590 4344 obvertimus,
1612 4266 1741 4349 signum
1765 4275 1816 4331 est
1837 4277 2054 4351 contemptus.
2086 4268 2132 4332 Et
2154 4267 2201 4330 ita

206 4350 329 4415 fuerint
356 4348 505 4414 obdurati
528 4349 685 4415 adversus
707 4350 826 4417 Deum.
870 4350 955 4415 Nam
986 4351 1176 4435 hypocritae
1229 4349 1320 4415 Deus
1342 4351 1552 4434 conqueritur
1569 4373 1604 4417 se
1623 4351 1722 4417 fuisse
1745 4352 1934 4436 despectum
1953 4375 1972 4418 a
1990 4353 2108 4435 populo
2130 4371 2201 4428 suo,

205 4434 371 4499 interdum
394 4455 505 4501 aurem
528 4436 699 4519 inclinant,
727 4444 762 4501 et
784 4436 901 4501 volunt
922 4437 1006 4501 scire
1028 4436 1103 4518 quid
1127 4435 1175 4500 di·
1228 4435 1313 4518 quod
1336 4455 1402 4499 non
1425 4447 1551 4501 tantum
1580 4437 1671 4501 surdi
1701 4438 1825 4502 luerint
1852 4438 1893 4502 ad
1917 4440 2098 4504 doctrinam
2128 4457 2202 4520 pro·

205 4531 307 4600 catur,
335 4521 525 4604 expendunt
547 4521 644 4587 etiam
668 4521 778 4603 aliqua
800 4544 840 4587 ex
862 4530 965 4604 parte.
1010 4522 1177 4605 Propheta
1227 4521 1390 4604 pheticam
1413 4534 1447 4586 et
1468 4521 1712 4604 admonitiones,
1734 4523 1791 4589 sed
1813 4524 1912 4589 etiam
1933 4526 1969 4588 in
1992 4524 2124 4608 signum
2147 4524 2201 4588 de-

207 4617 317 4671 autem
340 4606 393 4672 bic
415 4607 569 4689 exprimit
591 4608 684 4690 quasi
707 4607 860 4674 furiosam
883 4608 1120 4673 contumaciam
1142 4610 1176 4672 in
1229 4607 1358 4672 terioris
1387 4608 1584 4688 pertinaciae
1613 4608 1834 4674 converterint
1856 4611 1966 4675 vultus
1997 4629 2072 4675 suos
2095 4612 2129 4674 in
2152 4609 2201 4675 di·

207 4692 344 4772 Iudaeis,
373 4692 456 4773 quod
480 4691 605 4758 scilicet
625 4714 662 4758 ne
683 4714 791 4758 aurern
812 4694 938 4775 quidem
958 4693 1177 4760 inclinaverint
1229 4713 1356 4758 versam
1380 4703 1517 4776 partem,
1543 4694 1588 4757 ita
1611 4703 1647 4758 ut
1668 4694 1775 4776 ipsum
1798 4695 2031 4779 relinquerent,
2055 4707 2088 4761 et
2109 4696 2201 4780 quasi

208 4775 275 4843 Deo
296 4778 437 4861 loquenti.
474 4776 615 4844 subiicit
636 4788 759 4862 postea,
782 4780 956 4844 ambulasse
978 4780 1010 4844 in
1027 4781 1098 4844 saie
1117 4785 1177 4846 tor·
1229 4778 1377 4843 iuberent
1411 4798 1485 4843 eum
1518 4779 1686 4844 lacessere.
1730 4779 1804 4844 Hoc
1837 4781 1925 4847 valet
1958 4790 2122 4864 postrema
2154 4780 2201 4845 lo·

205 4864 306 4929 tuosie
326 4864 482 4930 wardiis:
508 4863 634 4943 deinde,
660 4866 695 4930 in
714 4865 872 4946 pravitate
892 4864 994 4929 cordis
1015 4866 1067 4930 sui
1088 4865 1174 4930 mali.
1229 4863 1351 4946 quutio.
1395 4863 1478 4930 Orus
1500 4864 1756 4949 progrediemur.

206 4948 299 5014 Haec
332 4969 401 5014 com
427 4950 530 5015 aratio
563 4951 686 5016 crimen
721 4960 893 5033 aggravat,
932 4950 1019 5032 quod
1052 4951 1176 5016 scilicet

207 5034 382 5100 maluerint
403 4972 535 5127 ludaei,
550 5037 641 5119 sequi
672 5038 836 5119 propriam
866 5034 1048 5116 libidinem,
1078 5056 1175 5120 quam
1314 5035 1365 5101 ΞΣ).
1399 5035 1451 5100 Ab
1472 5056 1505 5102 ao
1532 5036 1584 5101 die
1611 5056 1671 5119 qno
1699 5038 1815 5121 emersi
1839 5044 1912 5104 sart
1932 5045 2042 5120 patres
2070 5043 2202 5107 resuta

206 5116 429 5203 obtemperare
463 5121 534 5185 Deo
567 5129 601 5187 et
633 5123 703 5186 eius
739 5121 928 5205 praeceptis.
985 5118 1021 5186 Si
1054 5121 1176 5205 aliquid
1229 5126 1313 5186 terra
1335 5122 1472 5205 Aeqypti
1492 5141 1589 5205 usare
1607 5122 1649 5187 ad
1669 5122 1749 5188 diem
1766 5123 1847 5190 banc
1867 5125 1942 5189 miei
1960 5127 2003 5191 ad
2024 5146 2078 5192 uos
2099 5146 2203 5193 omnes

206 5205 320 5270 fuisset
342 5202 406 5272 illis
427 5207 596 5284 obiectum,
630 5207 716 5289 qnod
740 5216 848 5290 posset
877 5227 931 5272 eos
954 5205 1109 5289 decipere,
1144 5216 1177 5273 et
1229 5226 1332 5272 anuos
1363 5227 1445 5273 awos
1472 5207 1657 5291 mopiam,
1682 5210 1832 5290 ¹quitidie
1863 5231 1953 5276 marte
1984 5214 2141 5296 carpendo
2174 5219 2203 5280 et

207 5290 294 5373 quod
317 5291 505 5359 obscuraret
535 5293 631 5357 fidem
655 5292 745 5376 legis,
775 5304 845 5359 erat
866 5293 976 5376 aliqua
997 5294 1174 5360 excusatio.
1228 5293 1383 5360 mittendo.

1949 5399 2000 5453 44*
