4784 5970
194 362 256 430 437
1040 362 1190 430 orror
1212 362 1340 429 nxvr.
1873 446 1879 455 .
2121 367 2183 432 ras

194 555 294 639 pheta
314 554 377 619 hoo
397 551 570 637 indignum
593 551 763 617 maiestate
785 551 849 618 Dei
871 572 941 618 esse
964 552 1066 630 dooet,
1089 572 1161 616 eum
1215 573 1273 617 nes
1295 562 1421 634 putant.
1466 550 1562 631 Quod
1585 572 1620 617 se
1644 551 1723 618 haee
1745 554 1853 618 omnia
1875 553 1986 619 feoisse
2006 553 2093 637 dioit,
2117 575 2183 620 non

195 642 328 724 affigere
351 638 472 705 visibili
494 649 526 702 et
548 637 668 704 oaduoo
698 637 851 703 aeditioio.
896 638 964 704 Neo
993 639 1080 702 enim
1109 637 1162 701 hio
1215 647 1263 703 est
1295 636 1498 703 solummodo
1531 637 1733 703 referendum
1768 639 1808 703 ad
1842 639 2015 722 templum:
2049 640 2105 706 sed
2143 640 2182 706 ad

196 727 341 810 disputat
369 725 561 807 simplieiter
591 723 630 787 de
659 724 801 788 essentia
825 723 899 802 Dei,
928 722 985 788 sed
1016 723 1055 787 de
1085 743 1162 788 vero
1214 722 1324 788 omnia
1346 743 1428 805 quae
1451 723 1521 788 Deo
1551 723 1617 791 illio
1645 724 1875 790 offerebantur.
1921 724 2044 790 Fecisse
2074 735 2182 793 autem

197 813 265 878 eius
283 812 373 878 oultu
392 811 488 876 simul
508 811 734 876 eonoionatur:
758 828 854 890 quem
871 809 943 874 ideo
960 809 1162 893 spiritualem
1214 810 1284 874 ideo
1307 829 1341 874 se
1364 808 1451 891 dioit,
1476 818 1512 873 ut
1533 808 1720 892 intelligant
1742 809 1898 887 homines,
1921 810 2029 875 Deum
2048 821 2183 877 externo

196 919 266 964 esse
289 898 388 972 dooet,
412 906 447 961 ut
469 904 603 960 naturae
622 895 697 975 Dei,
719 896 776 976 qui
793 895 928 977 spiritus
947 905 1006 974 est,
1030 915 1160 977 respon·
1214 895 1275 960 hoo
1304 893 1395 958 oultu
1424 915 1488 958 non
1517 893 1681 977 indigere,
1711 896 1806 962 siooti
1835 896 1966 961 Psalmo
1989 895 2032 962 50
2061 896 2105 980 (v.
2130 898 2183 983 10)

198 984 280 1049 deat.
325 982 420 1062 Quod
455 983 482 1047 si
515 982 663 1046 homines
696 979 809 1046 sedulo
837 991 1026 1062 reputarent
1055 979 1161 1062 qualis
1213 981 1322 1045 omnia
1344 980 1523 1044 animantia
1546 1001 1580 1044 ee
1603 1001 1738 1060 creasse,
1762 991 1795 1045 ot
1817 1004 1876 1047 sua
1894 1001 1965 1046 esse
1983 985 2183 1067 pronuntiat,

197 1071 239 1135 sit
261 1069 362 1145 Deus,
386 1068 492 1132 uultus
515 1067 544 1131 ei
567 1066 758 1150 peregrinos
781 1074 813 1129 et
840 1086 942 1130 novos
973 1087 1038 1130 non
1068 1067 1161 1130 affin·
1213 1087 1350 1148 quorum
1376 1066 1514 1131 viotimis
1537 1067 1644 1147 ipsum
1668 1069 1844 1149 promereri
1875 1067 2031 1132 volebant
2060 1067 2183 1134 Iudaei.

197 1164 327 1238 gerent,
362 1174 421 1219 neo
452 1174 527 1218 eum
554 1174 595 1218 ex
626 1172 660 1216 se
690 1152 892 1217 metirentur.
943 1150 1058 1233 Itaque
1089 1151 1161 1233 plus
1215 1149 1279 1217 Sed
1303 1151 1363 1215 hoo
1387 1152 1466 1216 vitio
1490 1152 1638 1216 laborant
1659 1153 1752 1216 stulti
1776 1153 1937 1232 mortales,
1967 1154 2051 1234 quod
2077 1153 2184 1220 Deum

196 1241 296 1306 habet
318 1239 471 1323 ponderis
494 1248 526 1303 et
552 1238 713 1302 effioaoiae
744 1237 824 1301 haee
846 1238 993 1322 vulgaris
1022 1248 1055 1300 et
1084 1238 1162 1300 trita
1214 1237 1447 1320 transfigurant
1470 1257 1527 1318 pro
1550 1258 1607 1302 suo
1629 1238 1777 1322 ingenio,
1808 1259 1909 1320 quum
1932 1240 2001 1322 ipse
2024 1241 2183 1306 commodi

196 1327 367 1404 sententia,
399 1345 494 1407 quam
523 1326 549 1389 si
580 1324 737 1406 propheta
771 1343 892 1388 novum
927 1322 1092 1407 quidpiam
1126 1323 1162 1386 in
1213 1323 1321 1405 potius
1342 1324 1444 1387 nostri
1468 1343 1564 1388 eausa
1587 1343 1683 1404 quam
1707 1327 1757 1389 eui
1781 1326 1905 1389 oultum
1928 1333 2101 1390 externum
2133 1328 2181 1391 in·

196 1411 339 1476 medium
362 1410 559 1475 adduxisset.
603 1406 758 1473 Ostendit
780 1410 867 1473 enim
891 1430 946 1474 eos
969 1417 1035 1473 tam
1057 1408 1160 1490 stupi·
1213 1409 1363 1483 stituerit,
1386 1417 1423 1472 ut
1444 1408 1566 1474 seilieet
1582 1428 1639 1492 pro
1655 1409 1785 1475 modulo
1807 1412 1916 1476 earnis
1939 1421 2066 1476 nostrae
2089 1432 2182 1476 exer·

198 1499 256 1563 dos
278 1517 348 1562 esse
370 1517 407 1561 ao
429 1495 570 1573 hebetes,
593 1504 629 1558 ut
651 1495 803 1578 ignorent
825 1494 857 1559 id
878 1494 963 1576 quod
988 1494 1039 1559 vel
1069 1493 1162 1558 mini·
1213 1514 1354 1559 oeamnr.

197 1604 250 1648 mo
280 1583 396 1665 eoique
424 1591 536 1646 notum
571 1588 654 1644 erat:
688 1588 782 1661 atque
815 1583 914 1645 mutis
948 1580 1058 1644 bestiis
1091 1599 1161 1644 esse
1298 1577 1503 1665 (Coeperunt.)
1547 1579 1638 1643 Idem
1668 1591 1717 1644 eet
1746 1600 1783 1646 ao
1816 1582 1843 1648 si
1878 1581 2015 1659 diceret,
2048 1603 2082 1647 se
2116 1601 2182 1647 nou

196 1667 329 1746 similes,
351 1667 436 1749 quod
460 1666 568 1731 Deum
591 1667 626 1729 in
654 1665 776 1748 templo
803 1666 916 1731 sedere
938 1687 976 1731 ao
998 1666 1162 1749 quiesoere
1213 1684 1283 1731 esse
1305 1665 1356 1729 his
1378 1665 1475 1730 rebus
1497 1665 1768 1747 comparandum,
1804 1687 1886 1750 quae
1916 1666 2088 1750 aliquando
2112 1689 2182 1734 esse

196 1759 323 1837 putent.
377 1752 597 1834 contemptim
627 1753 738 1834 itaque
767 1753 909 1834 quaerit:
940 1752 1082 1818 Ubinam
1113 1760 1162 1816 est
1213 1759 1399 1834 oooperunt,
1422 1771 1521 1832 quum
1544 1752 1613 1831 ipse
1636 1763 1789 1816 aeternus
1812 1753 1864 1837 sit,
1888 1773 1948 1818 noo
1970 1754 2102 1818 initium
2127 1754 2183 1819 ha-

196 1842 258 1904 iste
288 1837 401 1905 loeus?
432 1839 508 1921 quia
538 1858 643 1919 neque
666 1839 773 1902 Deum
802 1839 835 1901 in
868 1847 955 1902 terra
982 1836 1161 1919 subsidere,
1213 1837 1329 1901 buerit.
1374 1837 1489 1917 Potui,
1523 1836 1629 1918 inquit
1661 1835 1840 1915 Dominus,
1875 1859 1985 1905 oarere
2019 1841 2183 1906 saorifioiis

196 1945 300 2008 neque
322 1925 487 2008 ergastulo
510 1922 673 1989 inolusum
701 1923 801 1987 latere
830 1933 1080 1989 eonsentaneum
1103 1931 1160 1988 est.
1213 1923 1347 2000 vestris,
1377 1943 1478 2004 quum
1502 1923 1592 2004 prius
1614 1942 1717 1986 essem
1741 1944 1837 2005 quam
1867 1926 1939 2009 ipsa
1968 1945 2040 1992 esse
2069 1947 2182 2008 ooope-

196 2013 297 2094 Atqui
322 2011 478 2092 templum
504 2010 538 2073 in
562 2009 738 2074 montioulo
768 2014 970 2074 exstructum
993 2019 1071 2086 erat,
1102 2029 1162 2074 neo
1213 2010 1288 2073 rint.
1333 2009 1383 2072 Ila
1406 2009 1507 2089 igitur
1529 2008 1609 2071 nihil
1633 2007 1711 2071 mihi
1742 2010 1859 2074 afferre
1887 2020 2030 2092 possunt.
2078 2010 2181 2076 Dani·

198 2117 312 2180 eapere
336 2105 461 2179 poterat
484 2095 547 2160 Dei
569 2095 705 2179 gloriam
729 2095 797 2159 suis
821 2096 991 2178 angustiis.
1213 2115 1276 2177 que
1298 2095 1515 2159 caeremonias
1536 2114 1594 2175 per
1616 2113 1650 2158 se
1674 2093 1754 2157 nihil
1778 2097 1904 2161 effiosre
1927 2095 2102 2173 oontendit‚
2126 2096 2182 2161 sed

281 2181 398 2265 (Lotus
419 2201 504 2247 meae
524 2180 660 2265 quietis.)
704 2181 805 2262 Atqui
829 2181 868 2244 de
894 2181 1012 2264 templo
1034 2179 1161 2245 dixerat
1213 2182 1247 2245 in
1269 2181 1368 2245 alium
1392 2180 1490 2243 finem
1513 2188 1668 2261 speotare.
1703 2178 1812 2244 Sumit
1834 2191 1941 2246 autem
1962 2205 2019 2265 pro
2037 2182 2183 2248 confesso

196 2269 359 2333 Dominus
381 2265 481 2352 (Psal.
507 2266 579 2346 132,
603 2266 672 2351 14):
695 2266 787 2333 Haeo
810 2269 938 2349 requies
957 2288 1029 2330 mea
1047 2268 1162 2348 sempi·
1213 2266 1331 2342 Isaiae,
1361 2265 1431 2329 fieri
1456 2286 1521 2330 non
1544 2285 1637 2347 posse
1660 2272 1696 2328 ut
1718 2266 1893 2350 quidquam
1919 2269 1988 2332 Deo
2011 2280 2182 2334 acoreseat.

197 2366 300 2430 terna,
322 2353 374 2418 hie
397 2350 558 2430 habitabo,
585 2353 737 2433 quoniam
766 2352 849 2435 elegi
872 2373 953 2417 eam.
998 2353 1042 2416 Et
1067 2352 1160 2417 alibi:
1213 2352 1309 2418 Unde
1330 2352 1486 2433 seqnitur,
1509 2372 1544 2416 se
1565 2372 1631 2415 uno
1653 2370 1722 2415 osse
1745 2361 1948 2418 contentum:
1971 2356 2047 2437 quia
2069 2354 2109 2418 ab
2133 2354 2184 2417 ul-

198 2438 374 2523 Ingredere
405 2438 608 2502 Domioein
636 2439 781 2520 requiem
813 2449 912 2503 tuam.
956 2437 1041 2503 Item
1070 2438 1161 2520 prius
1214 2439 1295 2502 time
1327 2436 1519 2501 aeternitate
1554 2436 1675 2500 mundo
1708 2458 1818 2503 oerore
1858 2441 2009 2522 potuerit.
2065 2440 2183 2504 Postea

197 2546 266 2608 oep.
291 2526 340 2599 ll,
365 2525 503 2588 vidimus
529 2526 672 2606 requiem
697 2524 829 2588 Domini
859 2525 892 2589 in
920 2545 957 2588 eo
987 2524 1160 2606 gloriosam
1215 2523 1344 2588 additur
1366 2522 1503 2605 legitimi
1526 2523 1632 2588 cultus
1656 2521 1817 2589 definitio:
1841 2546 1941 2607 quum
1965 2527 2051 2591 enim
2073 2524 2182 2589 Deum

198 2612 276 2675 fore.
333 2610 480 2692 Denique
512 2610 654 2674 solennis
694 2610 754 2673 fuit
793 2609 845 2674 hio
882 2609 997 2694 templi
1038 2609 1162 2688 titulus,
1214 2608 1253 2673 ad
1274 2608 1413 2672 humiles
1432 2608 1591 2690 respicere
1611 2608 1697 2686 dioit,
1717 2629 1782 2673 non
1802 2610 1911 2676 dubito
1930 2612 2008 2693 quin
2027 2611 2184 2694 propheta

198 2717 293 2778 quem
317 2709 427 2759 tamen
450 2715 538 2759 nuno
566 2694 725 2777 propheta
752 2694 969 2776 reprehendit.
1013 2695 1163 2777 Respon-
1213 2694 1266 2758 bie
1297 2694 1443 2758 humilem
1483 2702 1516 2758 et
1549 2695 1723 2758 contritum
1757 2697 1873 2777 spiritu
1912 2697 2007 2762 taoite
2041 2706 2184 2780 opponat

199 2782 267 2858 deo,
302 2780 460 2862 templum
495 2781 637 2863 requiem
673 2779 736 2843 Dei
771 2782 877 2846 voeari
912 2780 996 2862 quod
1031 2781 1161 2864 signum
1214 2781 1488 2844 eaeremoniarum
1513 2799 1648 2861 pompae
1672 2779 1899 2864 splendorique
1928 2782 1975 2846 illi
1997 2792 2030 2846 et
2052 2783 2183 2865 elegan-

199 2868 400 2950 praeeentiae
422 2885 500 2930 suae
521 2867 554 2929 in
579 2886 616 2929 eo
639 2865 741 2929 daret.
786 2866 871 2929 Eum
893 2865 978 2929 enim
999 2864 1163 2949 delegerat
1215 2865 1289 2947 tiae,
1311 2864 1428 2946 quibus
1451 2865 1626 2948 perstringi
1649 2863 1817 2930 hominum
1836 2868 1921 2933 oeuli
1940 2865 2055 2946 solent,
2079 2870 2125 2933 ita
2147 2879 2184 2931 ut

198 2953 305 3019 laeum
329 2952 383 3015 ubi
406 2953 628 3017 invocaretur:
658 2950 744 3016 unde
766 2952 864 3015 etiam
887 2952 1018 3016 virtutis
1046 2962 1080 3016 et
1109 2971 1163 3033 po·
1215 2952 1248 3016 in
1272 2950 1519 3015 admirationem
1539 2951 1719 3033 rapiantur.
1754 2953 1907 3018 Testatur
1925 2973 2002 3037 ergo
2021 2953 2184 3018 Dominus

198 3040 318 3103 tentiae
339 3057 416 3101 suae
435 3037 665 3102 dooumentum
689 3034 866 3120 praeberet.
912 3035 978 3102 Sed
1002 3059 1068 3101 non
1091 3035 1163 3101 ideo
1215 3058 1249 3102 se
1270 3037 1378 3119 potius
1402 3036 1565 3117 requirere
1589 3036 1728 3101 humiles
1749 3047 1781 3101 et
1812 3037 1952 3105 deieotos
1982 3040 2122 3116 animos,
2152 3048 2184 3104 et

199 3125 323 3188 exstrui
346 3124 450 3200 iussit,
474 3132 509 3186 ut
528 3124 597 3188 eius
613 3124 814 3188 maiestatem
834 3123 982 3189 homines
1001 3124 1164 3207 fingerent
1216 3122 1270 3205 qui
1293 3121 1332 3186 ad
1356 3122 1424 3186 eius
1446 3123 1601 3186 mandata
1631 3125 1897 3190 eontremisoant:
1930 3125 2046 3207 quibus
2075 3124 2185 3191 verbis

198 3231 257 3276 suo
288 3209 460 3273 arbitratu:
494 3210 573 3290 quin
608 3211 724 3291 potius,
760 3215 796 3273 ut
827 3210 928 3292 signis
961 3210 1164 3293 praesentiae
1216 3217 1347 3272 notatur
1380 3209 1516 3271 interior
1548 3207 1652 3273 oordis
1686 3211 1827 3290 puritas,
1862 3230 2021 3294 verusque
2054 3213 2184 3293 pietatis

198 3296 261 3359 Dei
284 3294 440 3358 admoniti
463 3294 559 3360 altius
581 3304 707 3360 mentes
730 3294 921 3371 attollerent,
938 3306 971 3358 et
989 3294 1166 3359 eveherent
1217 3294 1368 3358 effeetus:
1401 3313 1438 3358 ao
1461 3293 1558 3358 simul
1582 3294 1674 3361 dooet
1704 3295 1863 3375 quomodo
1892 3317 1952 3360 nos
1981 3308 2184 3379 comparatos

199 3383 231 3445 iu
255 3380 389 3456 eoelum,
411 3389 508 3462 atque
531 3380 637 3460 ipsum
660 3385 729 3444 toto
760 3380 879 3445 mundo
908 3382 1108 3463 superiorem
1132 3389 1165 3443 et
1217 3401 1286 3444 esse
1309 3378 1420 3444 deoeat
1441 3389 1478 3443 ut
1500 3380 1571 3444 Deo
1600 3380 1683 3462 grati
1715 3382 1824 3446 simus.
1869 3380 1963 3460 Quod
1996 3383 2114 3447 attinet
2144 3382 2184 3446 ad

199 3466 352 3530 maiorem
389 3487 458 3531 osse
490 3474 718 3548 agnoscerent:
753 3466 809 3531 sed
843 3477 880 3530 ut
913 3486 1091 3549 propensae
1125 3463 1164 3528 ad
1218 3476 1399 3541 tremorem,
1424 3478 1532 3547 posset
1554 3466 1730 3530 absurdum
1754 3467 1855 3531 videri
1879 3469 1913 3529 in
1936 3469 2075 3549 speeiem
2100 3467 2184 3549 quod

199 3553 461 3634 superstitionem
491 3560 569 3616 aunt
594 3550 762 3616 hominum
792 3560 925 3627 mentes,
956 3573 996 3615 ex
1025 3549 1165 3615 admini·
1217 3550 1349 3615 eumin
1379 3549 1530 3615 fidelibus
1559 3552 1711 3633 requirit,
1741 3573 1840 3633 quum
1871 3573 2018 3617 sermone
2048 3551 2185 3616 Domini

199 3639 280 3704 culis
309 3639 543 3719 impedimenta
571 3637 631 3701 sibi
662 3639 805 3701 fecerant
838 3636 966 3699 Iudaei:
1000 3649 1032 3700 et
1064 3657 1164 3717 quum
1218 3636 1298 3700 nihil
1322 3636 1426 3698 lenius
1449 3636 1491 3698 sit
1513 3645 1570 3701 aut
1592 3637 1740 3701 suavius:
1766 3659 1824 3702 neo
1847 3637 1985 3702 alienius
2008 3637 2185 3721 quidquam

200 3724 263 3788 fide
285 3744 457 3807 assurgere
478 3722 513 3785 in
537 3723 661 3787 eoelum
692 3723 854 3800 deberent,
885 3721 990 3784 Deum
1022 3723 1082 3786 sibi
1113 3722 1165 3785 de-
1217 3722 1256 3784 ab
1279 3742 1316 3785 eo
1337 3740 1432 3802 quam
1456 3729 1588 3788 terrere.
1632 3722 1837 3804 Respondeo,
1868 3723 1990 3805 duplex
2018 3745 2089 3788 esse
2119 3733 2185 3789 tre·

201 3809 342 3872 vinetum
367 3829 436 3873 esse
460 3809 614 3889 persuasi,
639 3806 838 3871 defunctorie
862 3815 999 3884 tantum,
1027 3807 1164 3870 imolu-
1218 3808 1315 3871 moris
1337 3827 1455 3889 genus:
1491 3827 1590 3871 unum
1614 3828 1677 3888 quo
1700 3807 1925 3874 absterrentur
1948 3812 1969 3873 ii
1999 3811 2054 3893 qui
2076 3808 2184 3875 Deum

200 3895 284 3958 sorie
314 3914 386 3956 eum
418 3893 567 3957 oolebant
600 3912 658 3975 pro
691 3913 749 3957 suo
783 3892 922 3974 ingenio.
979 3892 1043 3957 Hie
1076 3891 1164 3957 loeus
1216 3893 1349 3976 fugiunt
1371 3903 1403 3955 et
1426 3891 1581 3957 oderunt:
1605 3894 1743 3959 alterum
1767 3915 1829 3977 quo
1853 3904 2034 3979 tanguntur
2056 3903 2090 3959 et
2111 3897 2185 3961 sub·

199 3999 356 4064 perquem
379 3978 584 4043 aeoommode
614 3979 733 4042 citatur
755 3998 773 4041 a
796 3975 974 4059 Stephano,
1005 3985 1037 4041 et
1067 3977 1165 4043 taoite
1217 3979 1354 4060 iguntur
1375 3978 1408 4040 in
1433 3977 1620 4060 obsequium
1644 3978 1707 4042 Dei
1738 3982 1791 4063 qui
1823 3990 2016 4046 reverentur
2045 4002 2120 4045 eum
2152 4002 2189 4047 ao

200 4074 330 4146 aptatur
353 4086 372 4128 a
394 4064 497 4128 Paulo
527 4065 562 4126 in
595 4062 682 4129 huno
715 4083 847 4128 sensum
880 4084 976 4145 quem
1011 4063 1165 4128 diximus.
1219 4065 1345 4127 timent.
1392 4062 1466 4129 Soio
1489 4063 1670 4128 membrum
1695 4067 1755 4130 hoo
1778 4065 1818 4130 ab
1841 4067 1913 4131 aliis
1935 4067 2047 4131 reterri
2079 4068 2119 4132 ad
2143 4069 2189 4132 le·

200 4150 388 4217 Ostendant
409 4151 495 4214 enim
518 4169 571 4213 eos
591 4149 801 4214 vehementer
822 4148 893 4212 falli
914 4158 947 4212 et
969 4170 1088 4233 errare,
1111 4150 1165 4231 qui
1218 4171 1307 4233 gem,
1338 4169 1422 4231 quae
1450 4150 1594 4214 minatur
1626 4171 1663 4215 ao
1691 4160 1792 4215 terret
1821 4161 1918 4234 atque
1949 4152 2103 4217 horribile
2128 4152 2190 4218 Dei

200 4238 347 4303 carnales
369 4235 589 4302 eaeremonias
607 4234 787 4299 obtrudunt
805 4234 885 4313 Deo,
904 4254 941 4298 ao
958 4235 985 4300 ai
1004 4236 1043 4299 iis
1066 4256 1166 4317 purus
1219 4235 1372 4299 iudioium
1389 4233 1582 4300 denunoiat:
1605 4237 1661 4301 sed
1677 4259 1737 4320 ego
1753 4238 1936 4321 generalius
1953 4239 2090 4320 aooipio:
2113 4260 2189 4303 nam

200 4323 305 4387 oultus
328 4332 360 4386 et
382 4322 495 4404 religio
517 4329 689 4399 eonstaret,
715 4319 767 4385 vel
786 4321 902 4386 statuis
920 4329 953 4384 et
970 4321 1167 4404 imaginibus
1220 4320 1260 4385 ed
1282 4320 1512 4402 promissiones
1535 4322 1632 4386 etiam
1657 4325 1699 4404 pii
1723 4324 1986 4404 contremiseunt,
2012 4345 2112 4406 quum
2136 4345 2190 4388 eas

200 4408 333 4473 eoeleste
355 4416 388 4472 et
410 4407 507 4491 impie
529 4407 599 4470 eius
627 4405 763 4491 gloriam
794 4406 984 4471 deformant.
1029 4406 1167 4471 Iudaeos
1221 4416 1406 4470 reverenter
1428 4405 1675 4489 amplectuntur.
1722 4407 1808 4471 Hino
1830 4408 1948 4492 oollige
1978 4430 2091 4473 veram
2122 4413 2189 4491 pie·

201 4493 288 4559 enim
308 4492 482 4574 compellat
500 4491 696 4574 Stephanos,
720 4493 772 4574 qni
792 4491 889 4557 dediti
909 4491 1069 4576 legalibus
1087 4494 1167 4576 figu-
1220 4502 1319 4557 tatem
1342 4494 1373 4556 in
1397 4512 1435 4556 eo
1456 4493 1633 4557 consistere
1656 4503 1693 4555 ut
1715 4513 1830 4559 sensus
1853 4516 1965 4558 omnes
1996 4497 2189 4578 compositos

200 4579 372 4643 risveram
398 4579 546 4660 pietatem
566 4577 774 4662 negligebant
793 4577 877 4661 (Aet.
899 4578 928 4661 7,
946 4577 1012 4662 49).
1045 4578 1168 4643 Paulus
1222 4578 1398 4642 habeamus
1421 4579 1453 4640 in
1477 4578 1666 4660 obsequium
1691 4578 1770 4655 Dei,
1801 4601 1859 4645 neo
1890 4581 2065 4663 quidquam
2097 4581 2189 4646 nobis

202 4685 280 4728 vero
309 4664 395 4746 apud
425 4664 563 4746 gentiles
590 4664 692 4729 verba
722 4663 841 4727 iaciens
870 4673 969 4746 negat
998 4665 1106 4728 Deum
1134 4664 1168 4727 in
1221 4665 1422 4729 confidenter
1455 4673 1511 4726 aut
1546 4672 1696 4744 proterve
1730 4685 1927 4750 arrogemus.
1977 4665 2068 4731 Haeo
2102 4667 2188 4730 onim

203 4748 331 4833 templis
353 4749 549 4812 manufestis
571 4748 721 4813 habitare
744 4748 830 4831 (Aet.
855 4747 905 4827 ll,
927 4748 992 4832 24).
1222 4750 1295 4813 fidei
1319 4758 1435 4812 natura
1464 4759 1513 4813 est
1542 4758 1578 4813 ut
1607 4768 1731 4813 morem
1761 4770 1912 4833 geramus
1935 4750 2021 4833 Deo,
2050 4772 2189 4834 eumque

285 4837 315 4900 2.
339 4833 452 4920 (Atqui
474 4853 588 4898 moue
608 4834 699 4918 meo.)
732 4834 897 4917 Propheta
919 4834 1038 4898 refellit
1055 4834 1169 4898 falsam
1222 4836 1405 4916 loquentem
1430 4842 1554 4897 attente
1577 4835 1801 4918 patienterque
1822 4837 2001 4901 audiamus.
2032 4836 2096 4901 Ubi
2114 4857 2189 4901 vero

202 4921 385 5005 opinionem
409 4940 505 5002 quam
530 4920 675 4985 homines
698 4920 884 5002 oonoipiunt
906 4918 946 4982 de
975 4920 1065 4985 oultu
1096 4919 1169 4995 Dei,
1221 4921 1310 4984 inani
1334 4919 1541 5002 persuasione
1564 4921 1665 4984 nostri
1689 4922 1855 4986 efferimur
1877 4943 1914 4988 ao
1938 4933 2110 5000 tumemus,
2134 4944 2189 4987 va·

202 5007 287 5091 quod
318 5005 473 5071 saorifioia
507 5013 539 5069 et
572 5014 725 5069 externos
758 5006 840 5070 ritus
873 5004 1012 5069 multum
1046 5024 1104 5088 per
1137 5026 1170 5070 se
1221 5006 1272 5072 oui
1304 5024 1417 5068 sumus
1447 5004 1568 5087 pietate
1595 5025 1633 5070 ae
1660 5007 1776 5071 timore
1806 5007 1877 5072 Dei.
1922 5007 1991 5072 Neo
2021 5008 2107 5071 enim
2138 5008 2189 5073 vel

202 5094 312 5159 valere
335 5092 530 5157 existiment.
565 5091 629 5157 Hie
651 5093 737 5155 enim
761 5100 868 5157 status
890 5099 940 5155 eet
955 5090 1169 5173 quaestionis:
1223 5090 1384 5156 tantillum
1428 5110 1579 5173 arrogare
1618 5093 1711 5157 nobis
1750 5113 1921 5176 possumus
1962 5093 2040 5174 quio
2080 5092 2189 5158 Deum

204 5180 309 5243 Deum
333 5178 414 5242 nihil
436 5197 495 5260 per
517 5195 551 5242 se
580 5177 700 5241 morari
729 5176 961 5258 eaeremonias,
993 5177 1108 5241 inanes
1138 5184 1171 5239 et
1223 5195 1443 5257 aspernemur.
1487 5175 1536 5242 Ao
1559 5177 1734 5262 diligenter
1758 5177 1934 5242 notandum
1964 5179 2118 5263 estquod
2142 5180 2189 5244 di·

204 5263 338 5349 frigidas
359 5283 428 5329 esse
452 5264 574 5342 larvas,
605 5282 706 5346 quum
728 5262 768 5327 iis
792 5263 861 5328 Deo
883 5262 1035 5327 satisfieri
1065 5261 1170 5325 homi·
1223 5262 1267 5328 oit
1289 5266 1414 5327 tremere
1436 5261 1476 5326 ad
1496 5284 1675 5328 sermonem
1694 5262 1766 5329 Dei.
1800 5264 1900 5330 Multi
1922 5265 2008 5330 enim
2032 5286 2066 5330 se
2083 5265 2188 5332 Deum

1937 5366 1988 5421 28*
