4784 5970
189 394 253 460 303
840 418 844 426 ·
1068 388 1118 454 IN
1145 387 1313 457 ISAIAM
2124 388 2189 457 ³04

189 580 430 656 ministrandas,
442 588 521 644 sunt
536 587 647 642 tamen
660 576 759 643 validi
776 576 816 641 ad
832 576 940 642 cibum
955 576 1161 659 capiendum.
1215 576 1267 642 vel
1283 586 1397 656 metus,
1414 600 1454 644 ne
1470 600 1534 662 qua
1545 580 1608 644 Dei
1624 578 1675 645 vel
1691 578 1860 645 bominum
1876 577 2064 645 reverentia
2078 598 2188 645 eorum

189 667 258 733 Alii
280 666 409 751 longius
431 663 613 729 extendunt
636 662 815 746 propbetas
838 661 946 739 verba,
969 661 1057 746 quod
1079 663 1162 728 scili-
1214 663 1424 730 securitatem
1461 665 1624 731 turbaret:
1668 666 1763 731 sicuti
1805 665 1897 748 impii
1940 663 2187 747 quibuscunque

188 761 240 818 cet
263 752 434 836 tyrannice
464 749 682 815 dominentur.
733 747 830 829 Quod
857 748 977 813 vitium
1007 748 1162 813 Ezechiel
1214 755 1352 832 possunt
1379 750 1539 817 illecebris
1567 773 1603 816 ss
1632 751 1901 834 obstupefaciant,
1934 770 1998 834 quo
2034 749 2187 815 audacius

188 838 253 922 (34,
276 838 310 924 4)
332 837 524 902 nominatim
553 835 712 918 coarguit.
755 834 910 901 Ferocire
940 835 1027 899 anim
1056 832 1163 899 solent
1214 835 1383 918 magisque
1396 836 1530 901 effraeni
1547 836 1678 903 licentia
1691 857 1726 902 se
1741 835 1964 919 praecipitent
1993 836 2070 902 Hoc
2080 846 2187 901 autem

188 923 498 1008 psendoprophetae,
529 931 625 1003 atque
652 920 877 985 inhumaniter
905 924 939 984 et
968 920 1105 985 barbare
1128 941 1162 986 se
1215 920 1415 986 horrendum
1437 942 1475 986 ac
1496 923 1696 1006 stupendum
1713 923 1900 1005 exemplum
1922 931 1982 1005 est,
2006 921 2110 987 talem
2132 923 2188 988 sci·

189 1020 311 1095 gerunt
333 1030 412 1091 erga
434 1007 589 1090 populum
613 1006 687 1070 Dei.
732 1006 858 1071 Verum
881 1007 909 1072 si
934 1007 1005 1088 quis
1027 1006 1163 1088 propius
1215 1006 1291 1071 licet
1313 1006 1375 1071 Dei
1398 1017 1431 1071 et
1456 1008 1624 1092 religionis
1649 1016 1872 1090 contemptum
1900 1007 2034 1087 intueri,
2063 1028 2133 1072 non
2154 1007 2187 1072 in

188 1096 361 1180 expendat,
388 1093 550 1177 intelliget
578 1093 770 1175 prophetam
798 1092 886 1174 loqui
917 1091 956 1156 de
985 1091 1162 1156 insatiabili
1215 1092 1346 1168 exteris,
1376 1114 1440 1157 non
1464 1094 1499 1157 in
1522 1093 1699 1176 plebecula,
1727 1093 1785 1159 sed
1813 1093 1848 1157 in
1879 1092 2016 1160 ducibus
2047 1092 2128 1174 ipsis
2156 1106 2188 1157 et

190 1203 301 1247 eorum
324 1180 515 1262 cupiditate:
540 1199 635 1261 quam
658 1177 757 1242 etiam
779 1189 891 1261 postea
908 1177 1070 1259 exprimet
1090 1176 1162 1259 plu·
1214 1179 1379 1260 primariis
1407 1179 1506 1257 viris,
1540 1181 1595 1262 qui
1628 1190 1771 1245 caeteros
1800 1177 1950 1261 exemplo
1981 1199 2044 1244 suo
2073 1177 2187 1244 docere

189 1267 280 1332 ribus
315 1266 434 1330 verbis.
491 1264 676 1345 Respiciuct
707 1264 751 1329 ad
782 1264 853 1329 raas
884 1283 976 1329 auos:
1010 1262 1070 1328 boc
1102 1273 1161 1339 est,
1215 1263 1412 1343 debuissent,
1435 1265 1470 1328 in
1493 1271 1697 1331 sacrosancto
1720 1264 1776 1329 illo
1797 1263 1913 1329 ordine
1934 1265 1989 1347 qui
2011 1265 2187 1350 imaginem

188 1352 307 1418 intenti
339 1361 416 1416 sunt
450 1351 547 1415 rebus
580 1351 663 1414 suis:
697 1349 834 1432 quisque
865 1347 951 1432 quod
983 1370 1078 1414 suum
1112 1360 1163 1413 est
1215 1349 1342 1415 Christi
1359 1351 1534 1415 referebat:
1558 1372 1634 1415 nam
1653 1361 1686 1416 et
1707 1371 1800 1434 reges
1817 1360 1851 1415 et
1868 1350 2055 1416 sacerdotes
2072 1362 2187 1434 typum

189 1439 327 1523 quaerit.
372 1437 524 1518 Denique
546 1435 708 1517 significat
730 1436 894 1500 neminem
918 1455 989 1500 esse
1012 1436 1067 1517 qni
1090 1433 1162 1499 aliis
1214 1439 1284 1501 eius
1307 1446 1338 1499 et
1359 1436 1537 1518 imaginem
1560 1437 1728 1518 gerebant
1762 1434 1870 1516 Quam
1888 1434 2096 1500 intoleranda
2113 1457 2187 1501 vero

188 1525 349 1608 praeferri
373 1544 437 1587 non
460 1522 551 1597 velit,
573 1543 611 1586 ac
631 1523 658 1585 si
688 1520 750 1586 sibi
778 1522 912 1603 quisque
942 1530 1038 1584 natus
1067 1531 1161 1585 esset.
1215 1522 1259 1588 sit
1280 1521 1361 1586 baec
1383 1521 1545 1603 superbia,
1575 1542 1640 1603 qua
1669 1521 1817 1586 homines
1849 1542 1918 1587 sese
1946 1522 2069 1587 furiose
2092 1520 2188 1586 verbo

189 1623 289 1690 tason
313 1609 404 1673 varie
425 1613 603 1689 exponunt.
649 1606 734 1671 Nam
758 1606 824 1688 alii,
851 1607 893 1670 In
915 1607 982 1671 fine
1004 1626 1073 1683 suc,
1102 1605 1163 1670 hoc
1214 1617 1392 1689 opponunt,
1419 1607 1498 1671 satis
1522 1620 1634 1672 notum
1657 1618 1716 1672 est.
1760 1607 1929 1688 Deplorati
1957 1606 2047 1671 enim
2075 1627 2188 1672 sumus

191 1705 251 1773 est,
284 1696 319 1758 in
350 1694 417 1758 suis
449 1692 610 1774 partibus:
644 1692 736 1773 quasi
765 1693 930 1776 legeretur
959 1704 1071 1784 tntpzt:
1105 1690 1163 1757 sed
1215 1706 1248 1757 et
1274 1693 1404 1776 perditi,
1438 1713 1538 1774 quum
1570 1693 1655 1758 hano
1686 1693 1891 1770 medicinam,
1924 1712 2009 1775 quae
2041 1702 2189 1758 extrema

190 1802 255 1846 nou
271 1780 424 1845 convenit
440 1779 549 1844 sensui
569 1779 755 1860 prophetae.
788 1778 864 1857 Alii,
886 1777 917 1842 A
936 1779 1074 1842 termino
1093 1777 1162 1842 aius
1214 1789 1273 1858 est,
1297 1780 1495 1860 respuimus:
1519 1799 1577 1843 nec
1599 1780 1687 1843 enim
1710 1778 1891 1843 aDomino
1913 1778 2026 1844 reduci
2048 1799 2111 1843 nos
2133 1797 2187 1861 pa·

191 1866 358 1932 avaritiae.
404 1863 592 1945 Simplicior
614 1875 723 1927 autem
749 1864 831 1927 mibi
853 1863 982 1928 videtur
1003 1865 1163 1945 interpre·
1215 1865 1324 1929 timur.
1359 1864 1537 1945 Propterea
1556 1863 1764 1929 denuntiavit
1781 1865 1844 1929 alio
1867 1864 1935 1930 loco
1958 1865 2027 1929 lore
2049 1876 2089 1928 ut
2111 1862 2188 1928 baec

191 1952 282 2027 tatio,
310 1951 342 2016 A
364 1951 429 2014 fine
452 1970 519 2024 suo,
545 1948 660 2027 idest,
690 1970 709 2013 a
736 1960 829 2032 parte
851 1968 926 2014 sua:
956 1949 1041 2031 quod
1066 1948 1163 2031 vulgo
1215 1950 1360 2033 nequitia
1394 1970 1563 2031 nunquam
1590 1950 1748 2032 expietur.
1799 1949 1941 2015 Proinde
1970 1949 2025 2016 bic
2055 1958 2187 2014 notatur

190 2038 327 2102 dicimus
351 2034 479 2101 otene
500 2056 538 2099 cc
560 2056 616 2099 soc
637 2036 779 2100 endroict.
824 2035 1055 2118 Unusquisque
1084 2055 1162 2118 ergo
1215 2045 1363 2101 extrema
1388 2036 1557 2117 impietas:
1592 2046 1625 2100 et
1660 2035 1831 2118 diligenter
1861 2034 2048 2117 expendere
2069 2054 2187 2118 operae

189 2121 347 2188 avaritiae
375 2121 524 2185 intentus
551 2120 591 2184 ad
620 2142 655 2184 sc
684 2121 786 2184 trabit
815 2121 923 2184 omnia
951 2130 984 2184 et
1011 2120 1162 2203 applicat,
1215 2123 1355 2203 pretium
1378 2132 1427 2186 est
1448 2121 1504 2184 illa
1526 2121 1626 2186 verba
1646 2122 1727 2186 sicat
1746 2121 1843 2195 bodie,
1866 2122 1912 2186 ita
1932 2122 2092 2186 crastinus
2112 2121 2188 2187 dict.

189 2219 223 2274 et
256 2206 403 2290 neglecto
437 2208 558 2286 officio,
591 2206 701 2270 studet
733 2205 907 2270 commodis
940 2207 1018 2271 suis.
1074 2205 1163 2270 Hinc
1214 2207 1253 2271 Id
1277 2217 1335 2286 est,
1358 2207 1387 2270 si
1410 2207 1492 2270 bene
1510 2208 1603 2271 nobis
1626 2207 1722 2271 bodie
1739 2218 1798 2289 cst,
1821 2227 1893 2271 cras
1911 2207 2029 2271 melius
2047 2207 2127 2271 erit:
2150 2227 2189 2270 ne

189 2294 374 2374 colligimus
397 2293 560 2355 neminem
590 2291 714 2355 servire
737 2291 808 2355 Deo
832 2312 936 2373 posse,
967 2292 1022 2373 qui
1054 2292 1163 2372 pravis
1214 2295 1317 2356 simus
1339 2292 1450 2356 miseri
1472 2306 1546 2356 ante
1570 2304 1705 2374 tempus.
1747 2291 1879 2357 Crimen
1903 2295 1990 2356 enim
2011 2313 2053 2356 ex
2123 2301 2189 2357 crat

190 2379 422 2461 cupiditatibus
444 2377 590 2442 addictus
613 2385 679 2440 est:
709 2379 763 2458 qui
782 2398 860 2441 vero
882 2376 1027 2442 studebit
1048 2377 1164 2458 opibus
1215 2378 1301 2461 quod
1325 2379 1387 2442 Dei
1409 2376 1576 2441 lenitatem
1599 2389 1632 2441 et
1654 2378 1844 2459 patientiam
1868 2377 2009 2442 ludibrio
2032 2378 2078 2443 ha
2101 2390 2189 2442 entes

189 2463 414 2547 congerendis,
445 2464 590 2526 animum
614 2462 831 2527 aedificandae
853 2463 1006 2528 eeclesiae
1030 2462 1164 2526 Domini
1215 2465 1277 2528 sibi
1298 2464 1528 2545 impunitatem
1555 2464 1755 2545 promittant,
1785 2484 1822 2528 ac
1849 2464 1877 2527 ei
1907 2463 2068 2528 dormiret
2092 2464 2188 2540 Deus,

189 2572 256 2616 nou
279 2562 429 2632 apponet.
463 2547 597 2612 Nullum
617 2550 781 2612 caecitatis
800 2569 905 2632 genus
927 2547 1070 2612 deterius
1092 2568 1163 2611 esse
1216 2549 1268 2614 vel
1291 2548 1410 2613 delitiis
1433 2559 1566 2614 vacaret
1589 2551 1621 2612 in
1644 2550 1742 2627 coelo,
1765 2550 1889 2630 quoties
1912 2569 2035 2633 poenas
2056 2569 2189 2632 suspen-

189 2644 297 2720 pctest
318 2635 472 2700 avaritia:
501 2654 565 2716 quo
588 2634 693 2716 magis
715 2632 868 2717 fugienda
890 2643 941 2717 est
969 2633 1162 2715 pastoribus,
1216 2634 1273 2699 dit.
1307 2635 1353 2701 Ut
1375 2635 1471 2700 bodie
1494 2655 1621 2717 quoque
1644 2634 1810 2700 diabolicis
1828 2633 1986 2699 eiusmodi
2010 2635 2189 2718 proverbiis

189 2723 218 2788 si
248 2721 360 2786 fideles
390 2741 425 2785 se
453 2720 525 2784 Dec
555 2740 668 2785 servos
697 2730 864 2801 praestare
887 2718 999 2784 velint.
1053 2716 1162 2798 Quum
1217 2720 1368 2785 homines
1389 2721 1603 2786 conscientias
1632 2722 1748 2803 sopire,
1776 2721 1841 2785 imo
1865 2721 2025 2786 fascinare
2048 2721 2188 2799 student,

189 2807 341 2873 videmus
371 2806 564 2889 prophetam
595 2805 751 2887 conqueri
782 2805 822 2870 de
855 2804 950 2869 malis
979 2805 1164 2886 pastoribus
1217 2816 1253 2871 ut
1275 2807 1409 2871 liberius
1432 2829 1467 2871 aa
1489 2805 1637 2873 volutent
1664 2808 1697 2870 in
1720 2806 1808 2871 omni
1832 2827 1952 2891 genere
1973 2807 2187 2889 voluptatum,

190 2895 241 2958 sui
264 2892 429 2972 temporis,
460 2912 499 2954 ne
522 2892 694 2955 turbemur
718 2892 801 2972 quod
830 2891 916 2955 idem
946 2890 1039 2955 nobie
1068 2890 1164 2955 hodie
1216 2893 1414 2975 flagitiisque
1437 2903 1470 2957 et
1492 2892 1666 2957 sceleribus
1688 2893 1756 2957 suis
1778 2892 1982 2975 indulgeant.
2016 2892 2068 2956 Ne
2091 2893 2189 2977 igitur

190 2979 374 3043 usuvenit:
398 2997 502 3056 nequo
525 2976 692 3040 insolitum
711 2985 863 3057 putemus
882 2975 966 3058 qnod
985 2985 1051 3039 tam
1070 2977 1164 3057 pauci
1216 2980 1251 3043 in
1275 2978 1473 3042 horrendum
1499 2979 1559 3041 boc
1585 2978 1739 3043 iudicium
1762 2976 1898 3042 Domini
1926 2976 2123 3056 incidamus,
2145 3000 2190 3043 re·

190 3064 225 3127 in
249 3081 329 3145 opus
353 3062 486 3125 Domini
510 3062 594 3124 serio
617 3060 817 3125 incumbant.
1217 3074 1309 3128 vocet
1330 3084 1366 3129 se
1390 3065 1612 3145 unusquisqne
1634 3063 1675 3127 ad
1698 3064 1866 3143 calculum,
1896 3085 1933 3129 aa
1962 3066 2078 3146 procul
2110 3066 2188 3129 iram

279 3148 329 3208 12.
352 3144 501 3229 (Venite.)
538 3146 716 3226 Postquam
740 3147 778 3210 de
801 3147 941 3210 avaritia
963 3157 995 3210 et
1017 3145 1164 3210 socordia
1217 3149 1280 3213 Dei
1302 3148 1548 3228 animadvertat,
1573 3171 1613 3214 ne
1635 3149 1676 3214 ab
1698 3149 1925 3233 ipsa‘repente
1943 3161 2043 3233 atque
2066 3151 2189 3215 exim·

191 3245 358 3314 pastorum
381 3230 535 3310 loquutus
554 3239 614 3311 eet,
636 3230 836 3312 deploratam
856 3252 968 3295 eorum
988 3232 1164 3314 nequitiam
1216 3235 1346 3316 proviso
1368 3235 1582 3316 opprimatur.

192 3327 225 3381 at
259 3316 474 3399 pervicaciam
507 3315 660 3380 ostendit.
714 3315 846 3381 Inducit
878 3317 966 3380 enim
999 3318 1085 3399 ipsos
1118 3318 1162 3380 lo·

192 3413 337 3485 quantes,
361 3411 394 3465 et
416 3401 613 3482 praefractae
632 3422 744 3465 eorum
761 3422 855 3466 voces
872 3403 906 3465 in
924 3400 1066 3466 medium
1090 3423 1164 3484 prc-

192 3490 273 3553 iert:
308 3509 348 3552 ex
379 3485 496 3569 quibus
519 3498 652 3569 apparet
682 3488 770 3569 ipsos
799 3486 899 3552 nullis
928 3487 1165 3552 monitionibus

192 3588 249 3638 ant
271 3573 369 3637 minis
385 3573 418 3635 in
438 3572 525 3636 viam
546 3572 657 3638 reduci
673 3575 825 3655 potuisse,
848 3572 905 3637 sed
923 3575 1033 3638 omnia
1052 3594 1164 3638 secure
1528 3596 1719 3677 CAPUT
1750 3596 1869 3679 LVII

192 3659 435 3740 contempsisse.
479 3658 608 3722 Retulit
630 3660 695 3723 alio
721 3659 790 3724 loco
813 3659 975 3742 propbeta
996 3660 1164 3726 irrisorum
1870 3658 1879 3676 ⁸

193 3745 301 3822 verba,
332 3743 386 3825 qui
413 3743 516 3807 servis
541 3744 601 3807 Dei
630 3743 671 3807 ad
700 3766 831 3810 saccum
858 3754 891 3810 et
920 3746 1060 3810 cinerem
1088 3745 1164 3809 bor·
1304 3786 1320 3847 1
1363 3783 1473 3846 Imus
1527 3783 1599 3847 mit
1640 3788 1783 3847 ammo
1810 3788 1855 3847 m
1903 3784 1939 3848 m.
1967 3802 2021 3848 w
2050 3784 2184 3850 adim

194 3829 338 3894 tentibus
361 3828 401 3892 ad
429 3828 541 3910 epulas
561 3838 594 3891 et
623 3831 737 3912 pocula
759 3851 829 3895 sese
850 3830 1050 3894 invitabant:
1081 3831 1165 3895 Eda·
1226 3869 1265 3933 ν·
1290 3869 1296 3882 ·
1325 3803 1554 3931 ῶῶῶίωῶᾱξαθ
1581 3831 1651 3932 ᾦα.
1692 3873 1768 3932 mr
1809 3803 1934 3934 mqm
2004 3868 2018 3933 ι.
2068 3869 2192 3937 Μ

193 3937 267 3979 mus
289 3922 322 3978 et
344 3914 504 3991 bibamus,
532 3934 604 3978 cras
633 3916 720 3978 enim
743 3917 935 3979 moriemur:
967 3915 1166 3996 quidnobis
1237 3891 1315 4018 estat
1366 3953 1426 4015 uod
1547 3955 1553 3966 .
1589 3888 1811 4019 mauman&
1878 3889 2004 4020 ,ΜΨ
2030 3890 2069 4018 2⁰
2090 3955 2195 4021 Vm

194 4001 325 4065 molesti
346 4009 424 4064 sunt
451 3999 503 4062 isti
533 3998 733 4079 prophetae?
764 4020 931 4082 nunquam
963 3999 1045 4064 bene
1075 4001 1167 4066 nobis
1212 3977 1291 4122 bec,
1315 3953 1570 4118 ’qimoeztf‘zzw
1580 3974 1850 4116 mima&
1871 3976 2026 4123 ‘mm
2053 4001 2196 4107 Μ

195 4088 266 4162 erit,
301 4085 329 4150 si
358 4106 453 4148 aures
483 4083 564 4165 ipsis
596 4084 883 4150 accommodemus.
934 4086 981 4150 Et
1009 4086 1166 4186 eiusmodi
1217 4144 1323 4189 mm
1344 4143 1386 4187 eo·
1424 4121 1454 4185 3·
1476 4118 1520 4185 E,
1536 4142 1590 4187 ωδ
1607 4126 1736 4190 accedite
1753 4124 1814 4190 hm
1831 4125 2072 4208 fill-imm,
2094 4146 2195 4193 m

194 4168 760 4336 tluttttttttrite·
785 4167 1168 4336 ,tetstatur
1218 4208 1355 4357 φφ
1376 4212 1403 4270 c
1414 4209 1602 4357 φφ
1657 4210 1688 4273 4-
1713 4209 1920 4363 εφφ
1939 4211 2080 4362 οφ
2096 4212 2194 4278 φ

195 4364 275 4441 sese,
303 4361 340 4406 ac
363 4340 466 4404 veluti
489 4339 608 4404 callum
638 4337 846 4436 obducerent·
863 4339 1020 4404 adversus
1048 4341 1168 4439 iudicia
1219 4312 1651 4458 υοξθῆῑὲωμέῶαῶῶαῗῶῖἒ
1681 4316 1792 4446 ἰξὲθθῒ
1813 4317 2051 4450 mm,
2076 4318 2196 4450 m

195 4427 388 4580 talc
419 4447 1166 4592 nm
1218 4463 1384 4610 φφ
1405 4463 1609 4562 φφ)
1631 4431 1794 4618 φφ
1815 4467 1926 4617 φ
1939 4469 2108 4620 φῶ
2137 4471 2195 4535 c

197 4601 254 4666 sed
276 4599 396 4663 mentis
420 4596 608 4660 ebrietatem
631 4600 664 4658 et
695 4594 856 4668 ferociam,
885 4613 948 4674 qua
975 4594 1112 4675 superbe
1135 4562 1169 4660 et
1219 4567 1301 4647 Μ
1389 4568 1504 4628 pum
1524 4570 1560 4648 Ψ·
1586 4572 1702 4651 ‘mv--
1775 4573 1854 4653 ’⁸.
1876 4573 1940 4679 ,pr
2090 4576 2197 4679 Ψ

196 4693 389 4769 arroganter
410 4683 627 4746 contemnunt
650 4678 796 4778 beminen
817 4677 952 4777 verbum
974 4678 1047 4743 Dei.
1069 4681 1168 4778 .A¹.³³⁸
1215 4633 2199 4804 {mor},gzufflffixfflfgufufflflmxmfflssfi

195 4772 276 4872 locis
299 4771 473 4834 damnatur
495 4765 616 4830 abusus
640 4786 714 4863 vim·
731 4773 765 4827 et
786 4761 941 4827 ebrietas:
965 4762 1020 4861 sed
1045 4763 1096 4830 brc
1118 4788 1168 4829 rn-
1219 4803 1424 4881 sacrificium:
1465 4826 1507 4868 a„
1538 4826 1633 4887 super
1645 4744 1716 4872 1243
1748 4809 1974 4875 ommim
2005 4776 2199 4899 &mmm

197 4851 1169 4937 ¹¹
1220 4886 1937 5047 φῶφῶ
1954 4899 2199 5051 m

196 5017 1169 5195 attenuatus{atturantiteta
1220 5057 1423 5188 ccc
1432 5059 1461 5123 8·
1724 5070 1894 5147 φφ
2087 5091 2199 5136 m

197 5200 359 5282 flagitium
394 5196 513 5274 notari,
552 5192 637 5277 quod
670 5213 705 5257 se
742 5190 821 5253 vino
851 5198 884 5251 et
917 5187 1020 5269 epulis
1053 5189 1169 5252 intem·
1308 5228 1328 5291 ,)
1347 5227 1405 5294 vel,
1423 5245 1483 5280 cnm
1501 5229 1562 5281 diis.

197 5285 334 5369 pastivis
358 5285 450 5367 quasi
475 5282 551 5347 data
571 5300 671 5364 opera
696 5276 878 5350 obruerent,
908 5294 950 5337 ne
972 5271 1044 5354 quis
1066 5272 1170 5352 pudor
1222 5295 1389 5361 mmm,
1406 5296 1494 5348 ducat
1602 5232 1624 5297 ²)
1643 5232 1703 5295 Μ’
1721 5252 1748 5286 ¹¹¹
1767 5239 1891 5304 P⁸ff¹b¹¹⁸
1909 5241 2050 5294 mlii*
2094 5243 2118 5311 ⁸)
2136 5243 2199 5307 Vel,
