<?xml version="1.0" encoding="UTF-8"?>
<!DOCTYPE html PUBLIC "-//W3C//DTD XHTML 1.0 Transitional//EN"
    "http://www.w3.org/TR/xhtml1/DTD/xhtml1-transitional.dtd">
<html xmlns="http://www.w3.org/1999/xhtml" xml:lang="en" lang="en">
 <head>
  <title>
</title>
<meta http-equiv="Content-Type" content="text/html;charset=utf-8" />
  <meta name='ocr-system' content='tesseract 3.04.00' />
  <meta name='ocr-capabilities' content='ocr_page ocr_carea ocr_par ocr_line ocrx_word'/>
</head>
<body>
  <div class='ocr_page' id='page_1' title='image "./corpusreformato04melagoog_0347.png"; bbox 0 0 4784 5970; ppageno 0'>
   <div class='ocr_carea' id='block_1_1' title="bbox 188 337 2196 409">
    <p class='ocr_par' dir='ltr' id='par_1_1' title="bbox 188 337 2196 409">
     <span class='ocr_line' id='line_1_1' title="bbox 188 337 2196 409; baseline -0.001 -4"><span class='ocrx_word' id='word_1_1' title='bbox 188 340 251 406; x_wconf 84' lang='grc'>663</span> <span class='ocrx_word' id='word_1_2' title='bbox 991 341 1376 409; x_wconf 72' lang='lat' dir='ltr'>Pssannooolobos</span> <span class='ocrx_word' id='word_1_3' title='bbox 2133 337 2196 402; x_wconf 81' lang='grc'>664</span> 
     </span>
    </p>
   </div>
   <div class='ocr_carea' id='block_1_2' title="bbox 188 527 2201 5321">
    <p class='ocr_par' dir='ltr' id='par_1_2' title="bbox 188 527 2201 5321">
     <span class='ocr_line' id='line_1_2' title="bbox 188 527 2197 712; baseline 0 -33"><span class='ocrx_word' id='word_1_4' title='bbox 188 528 1159 699; x_wconf 50' lang='lat' dir='ltr'>lltsftttstlittltt⁶¹ts¹trestititis</span> <span class='ocrx_word' id='word_1_5' title='bbox 1211 527 2197 712; x_wconf 61' lang='lat' dir='ltr'>ttzttatltsltttulttltbtff⁰ttut⁰tl¹t¹t</span> 
     </span>
     <span class='ocr_line' id='line_1_3' title="bbox 189 698 2197 786; baseline -0.001 -22"><span class='ocrx_word' id='word_1_6' title='bbox 189 700 245 765; x_wconf 90' lang='lat' dir='ltr'>sed</span> <span class='ocrx_word' id='word_1_7' title='bbox 268 709 318 764; x_wconf 92' lang='lat' dir='ltr'>est</span> <span class='ocrx_word' id='word_1_8' title='bbox 339 700 388 764; x_wconf 88' lang='lat' dir='ltr'>illi</span> <span class='ocrx_word' id='word_1_9' title='bbox 411 699 622 779; x_wconf 77' lang='lat' dir='ltr'><strong>abominatio,</strong></span> <span class='ocrx_word' id='word_1_10' title='bbox 656 702 683 766; x_wconf 87' lang='lat' dir='ltr'>ei</span> <span class='ocrx_word' id='word_1_11' title='bbox 705 702 843 786; x_wconf 79' lang='lat' dir='ltr'>tingitur</span> <span class='ocrx_word' id='word_1_12' title='bbox 864 721 935 768; x_wconf 86' lang='lat' dir='ltr'>ease</span> <span class='ocrx_word' id='word_1_13' title='bbox 957 721 1040 786; x_wconf 91' lang='lat' dir='ltr'>opus</span> <span class='ocrx_word' id='word_1_14' title='bbox 1060 702 1159 767; x_wconf 89' lang='lat' dir='ltr'>meri·</span> <span class='ocrx_word' id='word_1_15' title='bbox 1211 701 1275 766; x_wconf 90' lang='lat' dir='ltr'>Dei</span> <span class='ocrx_word' id='word_1_16' title='bbox 1297 722 1362 767; x_wconf 90' lang='lat' dir='ltr'>non</span> <span class='ocrx_word' id='word_1_17' title='bbox 1383 709 1542 786; x_wconf 84' lang='lat' dir='ltr'>metuant,</span> <span class='ocrx_word' id='word_1_18' title='bbox 1564 701 1626 767; x_wconf 86' lang='lat' dir='ltr'>hae</span> <span class='ocrx_word' id='word_1_19' title='bbox 1643 701 1770 767; x_wconf 86' lang='lat' dir='ltr'>ratione</span> <span class='ocrx_word' id='word_1_20' title='bbox 1791 699 1949 784; x_wconf 90' lang='lat' dir='ltr'>propbeta</span> <span class='ocrx_word' id='word_1_21' title='bbox 1971 699 2033 766; x_wconf 87' lang='lat' dir='ltr'>bie</span> <span class='ocrx_word' id='word_1_22' title='bbox 2051 698 2197 764; x_wconf 79' lang='lat' dir='ltr'>involvit</span> 
     </span>
     <span class='ocr_line' id='line_1_4' title="bbox 189 783 2197 871; baseline -0 -21"><span class='ocrx_word' id='word_1_23' title='bbox 189 785 325 850; x_wconf 87' lang='lat' dir='ltr'>torinm:</span> <span class='ocrx_word' id='word_1_24' title='bbox 349 785 465 852; x_wconf 90' lang='lat' dir='ltr'>deinde</span> <span class='ocrx_word' id='word_1_25' title='bbox 487 787 516 852; x_wconf 92' lang='lat' dir='ltr'>si</span> <span class='ocrx_word' id='word_1_26' title='bbox 539 786 695 851; x_wconf 78' lang='lat' dir='ltr'>statuitur</span> <span class='ocrx_word' id='word_1_27' title='bbox 716 787 782 854; x_wconf 90' lang='lat' dir='ltr'>illie</span> <span class='ocrx_word' id='word_1_28' title='bbox 804 787 914 870; x_wconf 87' lang='lat' dir='ltr'>eliqua</span> <span class='ocrx_word' id='word_1_29' title='bbox 934 788 1159 853; x_wconf 84' lang='lat' dir='ltr'>sanotimonia.</span> <span class='ocrx_word' id='word_1_30' title='bbox 1211 787 1297 852; x_wconf 89' lang='lat' dir='ltr'>filios</span> <span class='ocrx_word' id='word_1_31' title='bbox 1318 807 1392 853; x_wconf 89' lang='lat' dir='ltr'>eum</span> <span class='ocrx_word' id='word_1_32' title='bbox 1415 788 1570 871; x_wconf 90' lang='lat' dir='ltr'>patribus,</span> <span class='ocrx_word' id='word_1_33' title='bbox 1591 797 1624 852; x_wconf 91' lang='lat' dir='ltr'>et</span> <span class='ocrx_word' id='word_1_34' title='bbox 1644 787 1789 852; x_wconf 83' lang='lat' dir='ltr'>vieinum</span> <span class='ocrx_word' id='word_1_35' title='bbox 1811 806 1884 852; x_wconf 89' lang='lat' dir='ltr'>eum</span> <span class='ocrx_word' id='word_1_36' title='bbox 1906 786 2007 865; x_wconf 82' lang='lat' dir='ltr'>sosio,</span> <span class='ocrx_word' id='word_1_37' title='bbox 2032 796 2075 850; x_wconf 88' lang='lat' dir='ltr'>ut</span> <span class='ocrx_word' id='word_1_38' title='bbox 2095 783 2197 849; x_wconf 71' lang='lat' dir='ltr'>sitnm</span> 
     </span>
     <span class='ocr_line' id='line_1_5' title="bbox 189 870 2198 957; baseline -0.001 -21"><span class='ocrx_word' id='word_1_39' title='bbox 189 871 246 937; x_wconf 85' lang='lat' dir='ltr'>Sio</span> <span class='ocrx_word' id='word_1_40' title='bbox 269 873 366 936; x_wconf 91' lang='lat' dir='ltr'>etiam</span> <span class='ocrx_word' id='word_1_41' title='bbox 397 871 436 937; x_wconf 91' lang='lat' dir='ltr'>de</span> <span class='ocrx_word' id='word_1_42' title='bbox 466 873 645 938; x_wconf 75' lang='lat' dir='ltr'>sacrifieiis:</span> <span class='ocrx_word' id='word_1_43' title='bbox 680 893 757 937; x_wconf 94' lang='lat' dir='ltr'>nam</span> <span class='ocrx_word' id='word_1_44' title='bbox 787 871 969 957; x_wconf 76' lang='lat' dir='ltr'>spoliabant</span> <span class='ocrx_word' id='word_1_45' title='bbox 990 873 1160 940; x_wconf 78' lang='lat' dir='ltr'>Christum</span> <span class='ocrx_word' id='word_1_46' title='bbox 1211 880 1357 955; x_wconf 87' lang='lat' dir='ltr'>pereant,</span> <span class='ocrx_word' id='word_1_47' title='bbox 1379 891 1417 939; x_wconf 84' lang='lat' dir='ltr'>ae</span> <span class='ocrx_word' id='word_1_48' title='bbox 1438 875 1627 957; x_wconf 89' lang='lat' dir='ltr'>promisone.</span> <span class='ocrx_word' id='word_1_49' title='bbox 1668 873 1731 939; x_wconf 82' lang='lat' dir='ltr'>Est</span> <span class='ocrx_word' id='word_1_50' title='bbox 1751 871 1881 956; x_wconf 89' lang='lat' dir='ltr'>quidem</span> <span class='ocrx_word' id='word_1_51' title='bbox 1903 872 1938 937; x_wconf 94' lang='lat' dir='ltr'>in</span> <span class='ocrx_word' id='word_1_52' title='bbox 1960 870 2073 937; x_wconf 81' lang='lat' dir='ltr'>uerbo</span> <span class='ocrx_word' id='word_1_53' title='bbox 2095 870 2198 935; x_wconf 80' lang='lat' dir='ltr'>offen·</span> 
     </span>
     <span class='ocr_line' id='line_1_6' title="bbox 189 956 2199 1042; baseline -0.001 -20"><span class='ocrx_word' id='word_1_54' title='bbox 189 978 248 1022; x_wconf 90' lang='lat' dir='ltr'>sno</span> <span class='ocrx_word' id='word_1_55' title='bbox 271 956 409 1036; x_wconf 91' lang='lat' dir='ltr'>honore,</span> <span class='ocrx_word' id='word_1_56' title='bbox 443 978 543 1040; x_wconf 92' lang='lat' dir='ltr'>quum</span> <span class='ocrx_word' id='word_1_57' title='bbox 574 958 696 1023; x_wconf 87' lang='lat' dir='ltr'>vellent</span> <span class='ocrx_word' id='word_1_58' title='bbox 720 959 850 1040; x_wconf 89' lang='lat' dir='ltr'>plaoare</span> <span class='ocrx_word' id='word_1_59' title='bbox 872 957 981 1024; x_wconf 88' lang='lat' dir='ltr'>Deum</span> <span class='ocrx_word' id='word_1_60' title='bbox 1004 960 1158 1026; x_wconf 89' lang='lat' dir='ltr'>vietimie:</span> <span class='ocrx_word' id='word_1_61' title='bbox 1212 959 1341 1024; x_wconf 84' lang='lat' dir='ltr'>sionem</span> <span class='ocrx_word' id='word_1_62' title='bbox 1363 960 1570 1042; x_wconf 77' lang='lat' dir='ltr'>metaphora:</span> <span class='ocrx_word' id='word_1_63' title='bbox 1594 956 1650 1024; x_wconf 93' lang='lat' dir='ltr'>sed</span> <span class='ocrx_word' id='word_1_64' title='bbox 1668 958 1864 1042; x_wconf 89' lang='lat' dir='ltr'>paulopost,</span> <span class='ocrx_word' id='word_1_65' title='bbox 1886 957 1950 1024; x_wconf 88' lang='lat' dir='ltr'>hoe</span> <span class='ocrx_word' id='word_1_66' title='bbox 1966 956 2199 1038; x_wconf 89' lang='lat' dir='ltr'>estproximo</span> 
     </span>
     <span class='ocr_line' id='line_1_7' title="bbox 189 1041 2198 1128; baseline -0 -22"><span class='ocrx_word' id='word_1_67' title='bbox 189 1042 251 1108; x_wconf 88' lang='lat' dir='ltr'>boe</span> <span class='ocrx_word' id='word_1_68' title='bbox 274 1052 344 1107; x_wconf 90' lang='lat' dir='ltr'>erat</span> <span class='ocrx_word' id='word_1_69' title='bbox 367 1045 542 1109; x_wconf 83' lang='lat' dir='ltr'>transferre</span> <span class='ocrx_word' id='word_1_70' title='bbox 564 1043 693 1108; x_wconf 90' lang='lat' dir='ltr'>laudem</span> <span class='ocrx_word' id='word_1_71' title='bbox 718 1045 844 1128; x_wconf 80' lang='lat' dir='ltr'>gratiae</span> <span class='ocrx_word' id='word_1_72' title='bbox 861 1044 987 1110; x_wconf 80' lang='lat' dir='ltr'>Christi</span> <span class='ocrx_word' id='word_1_73' title='bbox 1009 1043 1051 1110; x_wconf 92' lang='lat' dir='ltr'>ad</span> <span class='ocrx_word' id='word_1_74' title='bbox 1072 1045 1159 1110; x_wconf 84' lang='lat' dir='ltr'>vitn-</span> <span class='ocrx_word' id='word_1_75' title='bbox 1212 1065 1319 1124; x_wconf 83' lang='lat' dir='ltr'>versu,</span> <span class='ocrx_word' id='word_1_76' title='bbox 1351 1045 1511 1127; x_wconf 92' lang='lat' dir='ltr'>propheta</span> <span class='ocrx_word' id='word_1_77' title='bbox 1539 1065 1574 1111; x_wconf 90' lang='lat' dir='ltr'>se</span> <span class='ocrx_word' id='word_1_78' title='bbox 1601 1045 1707 1127; x_wconf 89' lang='lat' dir='ltr'>ipsum</span> <span class='ocrx_word' id='word_1_79' title='bbox 1737 1043 1858 1127; x_wconf 90' lang='lat' dir='ltr'>absque</span> <span class='ocrx_word' id='word_1_80' title='bbox 1890 1042 2002 1127; x_wconf 80' lang='lat' dir='ltr'>figura</span> <span class='ocrx_word' id='word_1_81' title='bbox 2034 1041 2198 1124; x_wconf 84' lang='lat' dir='ltr'>explieat,</span> 
     </span>
     <span class='ocr_line' id='line_1_8' title="bbox 190 1127 1424 1214; baseline 0 -23"><span class='ocrx_word' id='word_1_82' title='bbox 190 1129 258 1192; x_wconf 93' lang='lat' dir='ltr'>lum</span> <span class='ocrx_word' id='word_1_83' title='bbox 289 1134 345 1191; x_wconf 88' lang='lat' dir='ltr'>aut</span> <span class='ocrx_word' id='word_1_84' title='bbox 375 1127 511 1194; x_wconf 87' lang='lat' dir='ltr'>biroum.</span> <span class='ocrx_word' id='word_1_85' title='bbox 557 1128 664 1210; x_wconf 81' lang='lat' dir='ltr'>Quale</span> <span class='ocrx_word' id='word_1_86' title='bbox 693 1128 753 1196; x_wconf 90' lang='lat' dir='ltr'>hoe</span> <span class='ocrx_word' id='word_1_87' title='bbox 786 1130 996 1214; x_wconf 83' lang='lat' dir='ltr'>saerilegium</span> <span class='ocrx_word' id='word_1_88' title='bbox 1028 1140 1093 1207; x_wconf 89' lang='lat' dir='ltr'>est,</span> <span class='ocrx_word' id='word_1_89' title='bbox 1126 1138 1159 1195; x_wconf 90' lang='lat' dir='ltr'>et</span> <span class='ocrx_word' id='word_1_90' title='bbox 1212 1149 1313 1212; x_wconf 89' lang='lat' dir='ltr'>quum</span> <span class='ocrx_word' id='word_1_91' title='bbox 1337 1129 1424 1206; x_wconf 86' lang='lat' dir='ltr'>dioit,</span> 
     </span>
     <span class='ocr_line' id='line_1_9' title="bbox 190 1213 1159 1300; baseline 0.002 -22"><span class='ocrx_word' id='word_1_92' title='bbox 190 1234 287 1298; x_wconf 87' lang='lat' dir='ltr'>quam</span> <span class='ocrx_word' id='word_1_93' title='bbox 323 1213 532 1279; x_wconf 79' lang='lat' dir='ltr'>detestabile?</span> <span class='ocrx_word' id='word_1_94' title='bbox 588 1214 698 1296; x_wconf 80' lang='lat' dir='ltr'>Quum</span> <span class='ocrx_word' id='word_1_95' title='bbox 739 1236 816 1300; x_wconf 80' lang='lat' dir='ltr'>ergo</span> <span class='ocrx_word' id='word_1_96' title='bbox 848 1215 963 1281; x_wconf 89' lang='lat' dir='ltr'>Iudaei</span> <span class='ocrx_word' id='word_1_97' title='bbox 1000 1216 1035 1280; x_wconf 92' lang='lat' dir='ltr'>in</span> <span class='ocrx_word' id='word_1_98' title='bbox 1068 1228 1159 1280; x_wconf 86' lang='lat' dir='ltr'>tento</span> 
     </span>
     <span class='ocr_line' id='line_1_10' title="bbox 189 1297 2201 1384; baseline -0 -21"><span class='ocrx_word' id='word_1_99' title='bbox 189 1300 294 1382; x_wconf 93' lang='lat' dir='ltr'>pretio</span> <span class='ocrx_word' id='word_1_100' title='bbox 317 1297 474 1364; x_wconf 73' lang='lat' dir='ltr'>ducerent</span> <span class='ocrx_word' id='word_1_101' title='bbox 495 1321 554 1364; x_wconf 90' lang='lat' dir='ltr'>sua</span> <span class='ocrx_word' id='word_1_102' title='bbox 577 1301 752 1381; x_wconf 87' lang='lat' dir='ltr'>saoritioia,</span> <span class='ocrx_word' id='word_1_103' title='bbox 785 1300 937 1367; x_wconf 87' lang='lat' dir='ltr'>volebant</span> <span class='ocrx_word' id='word_1_104' title='bbox 958 1302 1062 1384; x_wconf 92' lang='lat' dir='ltr'>primo</span> <span class='ocrx_word' id='word_1_105' title='bbox 1084 1322 1160 1367; x_wconf 88' lang='lat' dir='ltr'>eum</span> <span class='ocrx_word' id='word_1_106' title='bbox 1297 1300 1349 1365; x_wconf 82' lang='lat'>22.</span> <span class='ocrx_word' id='word_1_107' title='bbox 1384 1299 1438 1368; x_wconf 74' lang='lat' dir='ltr'>so</span> <span class='ocrx_word' id='word_1_108' title='bbox 1469 1300 1545 1367; x_wconf 77' lang='lat' dir='ltr'>ooo</span> <span class='ocrx_word' id='word_1_109' title='bbox 1577 1298 1729 1379; x_wconf 82' lang='lat' dir='ltr'>Iebooob,</span> <span class='ocrx_word' id='word_1_110' title='bbox 1762 1299 1840 1366; x_wconf 80' lang='lat' dir='ltr'>Eece</span> <span class='ocrx_word' id='word_1_111' title='bbox 1866 1299 2008 1380; x_wconf 76' lang='lat' dir='ltr'>populos</span> <span class='ocrx_word' id='word_1_112' title='bbox 2043 1299 2153 1363; x_wconf 79' lang='lat' dir='ltr'>ueniet</span> <span class='ocrx_word' id='word_1_113' title='bbox 2184 1318 2201 1362; x_wconf 88' lang='lat' dir='ltr'>e</span> 
     </span>
     <span class='ocr_line' id='line_1_11' title="bbox 189 1382 2201 1470; baseline 0 -22"><span class='ocrx_word' id='word_1_114' title='bbox 189 1383 261 1450; x_wconf 91' lang='lat' dir='ltr'>Deo</span> <span class='ocrx_word' id='word_1_115' title='bbox 284 1385 396 1451; x_wconf 90' lang='lat' dir='ltr'>ludere</span> <span class='ocrx_word' id='word_1_116' title='bbox 420 1386 596 1467; x_wconf 86' lang='lat' dir='ltr'>pueriliter,</span> <span class='ocrx_word' id='word_1_117' title='bbox 619 1386 713 1469; x_wconf 92' lang='lat' dir='ltr'>quasi</span> <span class='ocrx_word' id='word_1_118' title='bbox 735 1385 816 1452; x_wconf 85' lang='lat' dir='ltr'>haee</span> <span class='ocrx_word' id='word_1_119' title='bbox 839 1396 948 1453; x_wconf 87' lang='lat' dir='ltr'>essent</span> <span class='ocrx_word' id='word_1_120' title='bbox 968 1387 1097 1470; x_wconf 88' lang='lat' dir='ltr'>pieenla</span> <span class='ocrx_word' id='word_1_121' title='bbox 1118 1384 1159 1451; x_wconf 94' lang='lat' dir='ltr'>ad</span> <span class='ocrx_word' id='word_1_122' title='bbox 1211 1391 1295 1452; x_wconf 84' lang='lat' dir='ltr'>terro</span> <span class='ocrx_word' id='word_1_123' title='bbox 1315 1387 1485 1470; x_wconf 80' lang='lat' dir='ltr'>oqoiloot&#39;s,</span> <span class='ocrx_word' id='word_1_124' title='bbox 1512 1390 1540 1450; x_wconf 91' lang='lat' dir='ltr'>et</span> <span class='ocrx_word' id='word_1_125' title='bbox 1558 1405 1634 1469; x_wconf 74' lang='lat' dir='ltr'>pens</span> <span class='ocrx_word' id='word_1_126' title='bbox 1653 1405 1771 1469; x_wconf 75' lang='lat' dir='ltr'>mopso</span> <span class='ocrx_word' id='word_1_127' title='bbox 1792 1384 1975 1452; x_wconf 61' lang='lat' dir='ltr'>sumtobtor</span> <span class='ocrx_word' id='word_1_128' title='bbox 1996 1406 2016 1450; x_wconf 90' lang='lat' dir='ltr'>e</span> <span class='ocrx_word' id='word_1_129' title='bbox 2040 1382 2201 1449; x_wconf 75' lang='lat' dir='ltr'>luteribus</span> 
     </span>
     <span class='ocr_line' id='line_1_12' title="bbox 189 1470 1322 1556; baseline 0.002 -22"><span class='ocrx_word' id='word_1_130' title='bbox 189 1470 298 1553; x_wconf 87' lang='lat' dir='ltr'>ipsum</span> <span class='ocrx_word' id='word_1_131' title='bbox 322 1472 532 1553; x_wconf 83' lang='lat' dir='ltr'>planandum:</span> <span class='ocrx_word' id='word_1_132' title='bbox 568 1471 684 1537; x_wconf 92' lang='lat' dir='ltr'>deinde</span> <span class='ocrx_word' id='word_1_133' title='bbox 706 1472 824 1537; x_wconf 82' lang='lat' dir='ltr'>offerre</span> <span class='ocrx_word' id='word_1_134' title='bbox 845 1472 1041 1549; x_wconf 87' lang='lat' dir='ltr'>boloeauete,</span> <span class='ocrx_word' id='word_1_135' title='bbox 1064 1473 1160 1556; x_wconf 86' lang='lat' dir='ltr'>iugu-</span> <span class='ocrx_word' id='word_1_136' title='bbox 1213 1477 1322 1538; x_wconf 86' lang='lat' dir='ltr'>terroe.</span> 
     </span>
     <span class='ocr_line' id='line_1_13' title="bbox 189 1553 2200 1643; baseline -0.001 -23"><span class='ocrx_word' id='word_1_137' title='bbox 189 1556 258 1621; x_wconf 89' lang='lat' dir='ltr'>lare</span> <span class='ocrx_word' id='word_1_138' title='bbox 280 1555 412 1639; x_wconf 87' lang='lat' dir='ltr'>aliquod</span> <span class='ocrx_word' id='word_1_139' title='bbox 435 1557 565 1637; x_wconf 88' lang='lat' dir='ltr'>animal.</span> <span class='ocrx_word' id='word_1_140' title='bbox 599 1557 672 1622; x_wconf 90' lang='lat' dir='ltr'>Hoe</span> <span class='ocrx_word' id='word_1_141' title='bbox 693 1567 764 1623; x_wconf 90' lang='lat' dir='ltr'>erat</span> <span class='ocrx_word' id='word_1_142' title='bbox 786 1559 1019 1643; x_wconf 84' lang='lat' dir='ltr'>transfigurare</span> <span class='ocrx_word' id='word_1_143' title='bbox 1034 1556 1160 1623; x_wconf 88' lang='lat' dir='ltr'>Deum:</span> <span class='ocrx_word' id='word_1_144' title='bbox 1298 1557 1349 1624; x_wconf 81' lang='lat'>23.</span> <span class='ocrx_word' id='word_1_145' title='bbox 1379 1557 1501 1624; x_wconf 80' lang='lat' dir='ltr'>Areum</span> <span class='ocrx_word' id='word_1_146' title='bbox 1528 1560 1557 1621; x_wconf 90' lang='lat' dir='ltr'>et</span> <span class='ocrx_word' id='word_1_147' title='bbox 1582 1553 1707 1622; x_wconf 82' lang='lat' dir='ltr'>bostem</span> <span class='ocrx_word' id='word_1_148' title='bbox 1738 1555 1807 1641; x_wconf 89' lang='lat' dir='ltr'>(alii</span> <span class='ocrx_word' id='word_1_149' title='bbox 1836 1562 1978 1634; x_wconf 85' lang='lat' dir='ltr'>vertunt,</span> <span class='ocrx_word' id='word_1_150' title='bbox 2008 1554 2200 1639; x_wconf 84' lang='lat' dir='ltr'>elypeum),</span> 
     </span>
     <span class='ocr_line' id='line_1_14' title="bbox 189 1640 2200 1725; baseline -0 -20"><span class='ocrx_word' id='word_1_151' title='bbox 189 1646 353 1723; x_wconf 89' lang='lat' dir='ltr'>postremo</span> <span class='ocrx_word' id='word_1_152' title='bbox 375 1641 437 1706; x_wconf 87' lang='lat' dir='ltr'>hoo</span> <span class='ocrx_word' id='word_1_153' title='bbox 452 1656 530 1718; x_wconf 89' lang='lat' dir='ltr'>erst,</span> <span class='ocrx_word' id='word_1_154' title='bbox 555 1642 829 1724; x_wconf 84' lang='lat' dir='ltr'>quemadmodum</span> <span class='ocrx_word' id='word_1_155' title='bbox 843 1645 910 1708; x_wconf 90' lang='lat' dir='ltr'>iam</span> <span class='ocrx_word' id='word_1_156' title='bbox 924 1644 1002 1722; x_wconf 84' lang='lat' dir='ltr'>dixi,</span> <span class='ocrx_word' id='word_1_157' title='bbox 1022 1642 1161 1725; x_wconf 90' lang='lat' dir='ltr'>spoliare</span> <span class='ocrx_word' id='word_1_158' title='bbox 1213 1642 1454 1725; x_wconf 71' lang='lat' dir='ltr'>apprehendent.-</span> <span class='ocrx_word' id='word_1_159' title='bbox 1489 1640 1625 1708; x_wconf 67' lang='lat' dir='ltr'>eodem</span> <span class='ocrx_word' id='word_1_160' title='bbox 1656 1647 1762 1725; x_wconf 66' lang='lat' dir='ltr'>mont,</span> <span class='ocrx_word' id='word_1_161' title='bbox 1794 1647 1822 1707; x_wconf 85' lang='lat' dir='ltr'>et</span> <span class='ocrx_word' id='word_1_162' title='bbox 1850 1662 1912 1708; x_wconf 82' lang='lat' dir='ltr'>ooo</span> <span class='ocrx_word' id='word_1_163' title='bbox 1938 1647 2100 1723; x_wconf 82' lang='lat' dir='ltr'>poroerst:</span> <span class='ocrx_word' id='word_1_164' title='bbox 2139 1660 2200 1704; x_wconf 78' lang='lat' dir='ltr'>eoa</span> 
     </span>
     <span class='ocr_line' id='line_1_15' title="bbox 190 1725 2201 1811; baseline 0 -19"><span class='ocrx_word' id='word_1_165' title='bbox 190 1725 359 1792; x_wconf 80' lang='lat' dir='ltr'>Christum</span> <span class='ocrx_word' id='word_1_166' title='bbox 383 1749 441 1792; x_wconf 90' lang='lat' dir='ltr'>suo</span> <span class='ocrx_word' id='word_1_167' title='bbox 465 1728 597 1792; x_wconf 87' lang='lat' dir='ltr'>bonore.</span> <span class='ocrx_word' id='word_1_168' title='bbox 631 1727 744 1811; x_wconf 85' lang='lat' dir='ltr'>Neque</span> <span class='ocrx_word' id='word_1_169' title='bbox 766 1729 856 1795; x_wconf 92' lang='lat' dir='ltr'>enim</span> <span class='ocrx_word' id='word_1_170' title='bbox 878 1729 956 1795; x_wconf 86' lang='lat' dir='ltr'>alibi</span> <span class='ocrx_word' id='word_1_171' title='bbox 977 1726 1162 1811; x_wconf 89' lang='lat' dir='ltr'>quaerenda</span> <span class='ocrx_word' id='word_1_172' title='bbox 1213 1747 1319 1794; x_wconf 74' lang='lat' dir='ltr'>eonem</span> <span class='ocrx_word' id='word_1_173' title='bbox 1334 1729 1428 1811; x_wconf 79' lang='lat' dir='ltr'>quasi</span> <span class='ocrx_word' id='word_1_174' title='bbox 1443 1748 1531 1794; x_wconf 86' lang='lat' dir='ltr'>mure</span> <span class='ocrx_word' id='word_1_175' title='bbox 1547 1726 1794 1808; x_wconf 79' lang='lat' dir='ltr'>tumultuabitur,</span> <span class='ocrx_word' id='word_1_176' title='bbox 1815 1732 1843 1793; x_wconf 87' lang='lat' dir='ltr'>et</span> <span class='ocrx_word' id='word_1_177' title='bbox 1857 1746 1954 1808; x_wconf 84' lang='lat' dir='ltr'>sopor</span> <span class='ocrx_word' id='word_1_178' title='bbox 1970 1746 2074 1808; x_wconf 77' lang='lat' dir='ltr'>equos</span> <span class='ocrx_word' id='word_1_179' title='bbox 2091 1746 2201 1792; x_wconf 61' lang='lat' dir='ltr'>aseer</span> 
     </span>
     <span class='ocr_line' id='line_1_16' title="bbox 193 1812 2201 1898; baseline -0.001 -21"><span class='ocrx_word' id='word_1_180' title='bbox 193 1822 242 1877; x_wconf 87' lang='lat' dir='ltr'>est</span> <span class='ocrx_word' id='word_1_181' title='bbox 264 1813 415 1896; x_wconf 89' lang='lat' dir='ltr'>expiatio,</span> <span class='ocrx_word' id='word_1_182' title='bbox 438 1834 536 1895; x_wconf 90' lang='lat' dir='ltr'>quam</span> <span class='ocrx_word' id='word_1_183' title='bbox 559 1814 592 1876; x_wconf 92' lang='lat' dir='ltr'>in</span> <span class='ocrx_word' id='word_1_184' title='bbox 616 1814 776 1898; x_wconf 81' lang='lat' dir='ltr'>sanguine</span> <span class='ocrx_word' id='word_1_185' title='bbox 795 1814 893 1891; x_wconf 89' lang='lat' dir='ltr'>illius,</span> <span class='ocrx_word' id='word_1_186' title='bbox 917 1823 954 1879; x_wconf 89' lang='lat' dir='ltr'>nt</span> <span class='ocrx_word' id='word_1_187' title='bbox 975 1814 1052 1879; x_wconf 92' lang='lat' dir='ltr'>dum</span> <span class='ocrx_word' id='word_1_188' title='bbox 1068 1813 1160 1897; x_wconf 91' lang='lat' dir='ltr'>spiri·</span> <span class='ocrx_word' id='word_1_189' title='bbox 1213 1814 1292 1894; x_wconf 82' lang='lat' dir='ltr'>deut,</span> <span class='ocrx_word' id='word_1_190' title='bbox 1318 1819 1409 1879; x_wconf 78' lang='lat' dir='ltr'>eraut</span> <span class='ocrx_word' id='word_1_191' title='bbox 1430 1812 1578 1896; x_wconf 72' lang='lat' dir='ltr'>dispositi</span> <span class='ocrx_word' id='word_1_192' title='bbox 1598 1813 1693 1879; x_wconf 61' lang='lat' dir='ltr'>moult</span> <span class='ocrx_word' id='word_1_193' title='bbox 1713 1813 1764 1879; x_wconf 78' lang='lat' dir='ltr'>vir</span> <span class='ocrx_word' id='word_1_194' title='bbox 1784 1813 1828 1878; x_wconf 87' lang='lat' dir='ltr'>od</span> <span class='ocrx_word' id='word_1_195' title='bbox 1842 1813 2014 1895; x_wconf 72' lang='lat' dir='ltr'>proelium,</span> <span class='ocrx_word' id='word_1_196' title='bbox 2046 1832 2154 1895; x_wconf 79' lang='lat' dir='ltr'>super</span> <span class='ocrx_word' id='word_1_197' title='bbox 2174 1816 2201 1875; x_wconf 86' lang='lat' dir='ltr'>te</span> 
     </span>
     <span class='ocr_line' id='line_1_17' title="bbox 193 1899 1390 1984; baseline 0.004 -24"><span class='ocrx_word' id='word_1_198' title='bbox 193 1904 247 1962; x_wconf 90' lang='lat' dir='ltr'>tus</span> <span class='ocrx_word' id='word_1_199' title='bbox 270 1908 403 1963; x_wconf 86' lang='lat' dir='ltr'>sanetus</span> <span class='ocrx_word' id='word_1_200' title='bbox 426 1899 553 1963; x_wconf 90' lang='lat' dir='ltr'>animas</span> <span class='ocrx_word' id='word_1_201' title='bbox 575 1909 705 1964; x_wconf 87' lang='lat' dir='ltr'>nostras</span> <span class='ocrx_word' id='word_1_202' title='bbox 727 1921 765 1965; x_wconf 89' lang='lat' dir='ltr'>eo</span> <span class='ocrx_word' id='word_1_203' title='bbox 787 1900 931 1984; x_wconf 81' lang='lat' dir='ltr'>aspergit</span> <span class='ocrx_word' id='word_1_204' title='bbox 956 1900 1030 1983; x_wconf 91' lang='lat' dir='ltr'>puri</span> <span class='ocrx_word' id='word_1_205' title='bbox 1059 1899 1161 1964; x_wconf 89' lang='lat' dir='ltr'>simus</span> <span class='ocrx_word' id='word_1_206' title='bbox 1211 1899 1283 1979; x_wconf 73' lang='lat' dir='ltr'>filio</span> <span class='ocrx_word' id='word_1_207' title='bbox 1306 1899 1390 1965; x_wconf 75' lang='lat' dir='ltr'>Sion.</span> 
     </span>
     <span class='ocr_line' id='line_1_18' title="bbox 194 1983 1162 2068; baseline 0.001 -20"><span class='ocrx_word' id='word_1_208' title='bbox 194 1984 234 2048; x_wconf 90' lang='lat' dir='ltr'>ab</span> <span class='ocrx_word' id='word_1_209' title='bbox 265 1984 354 2046; x_wconf 92' lang='lat' dir='ltr'>omni</span> <span class='ocrx_word' id='word_1_210' title='bbox 383 1984 520 2049; x_wconf 88' lang='lat' dir='ltr'>maenla.</span> <span class='ocrx_word' id='word_1_211' title='bbox 567 1983 632 2049; x_wconf 86' lang='lat' dir='ltr'>Sed</span> <span class='ocrx_word' id='word_1_212' title='bbox 663 2005 763 2068; x_wconf 89' lang='lat' dir='ltr'>quum</span> <span class='ocrx_word' id='word_1_213' title='bbox 794 1986 855 2052; x_wconf 90' lang='lat' dir='ltr'>hoo</span> <span class='ocrx_word' id='word_1_214' title='bbox 885 1985 1067 2051; x_wconf 89' lang='lat' dir='ltr'>tribuerent</span> <span class='ocrx_word' id='word_1_215' title='bbox 1095 1985 1162 2050; x_wconf 89' lang='lat' dir='ltr'>suis</span> 
     </span>
     <span class='ocr_line' id='line_1_19' title="bbox 192 2067 2199 2152; baseline -0.001 -18"><span class='ocrx_word' id='word_1_216' title='bbox 192 2069 367 2146; x_wconf 85' lang='lat' dir='ltr'>saorifisiis,</span> <span class='ocrx_word' id='word_1_217' title='bbox 392 2069 453 2134; x_wconf 89' lang='lat' dir='ltr'>hoe</span> <span class='ocrx_word' id='word_1_218' title='bbox 476 2076 545 2134; x_wconf 89' lang='lat' dir='ltr'>erat</span> <span class='ocrx_word' id='word_1_219' title='bbox 563 2070 761 2135; x_wconf 76' lang='lat' dir='ltr'>substituere</span> <span class='ocrx_word' id='word_1_220' title='bbox 779 2073 944 2137; x_wconf 87' lang='lat' dir='ltr'>vietimam</span> <span class='ocrx_word' id='word_1_221' title='bbox 960 2071 1012 2136; x_wconf 86' lang='lat' dir='ltr'>vel</span> <span class='ocrx_word' id='word_1_222' title='bbox 1028 2071 1162 2136; x_wconf 89' lang='lat' dir='ltr'>arietem</span> <span class='ocrx_word' id='word_1_223' title='bbox 1299 2069 1374 2135; x_wconf 89' lang='lat' dir='ltr'>Non</span> <span class='ocrx_word' id='word_1_224' title='bbox 1396 2078 1447 2135; x_wconf 89' lang='lat' dir='ltr'>est</span> <span class='ocrx_word' id='word_1_225' title='bbox 1468 2090 1671 2152; x_wconf 84' lang='lat' dir='ltr'>supervaoua</span> <span class='ocrx_word' id='word_1_226' title='bbox 1692 2068 1853 2152; x_wconf 88' lang='lat' dir='ltr'>repetitio,</span> <span class='ocrx_word' id='word_1_227' title='bbox 1882 2088 1983 2151; x_wconf 89' lang='lat' dir='ltr'>quum</span> <span class='ocrx_word' id='word_1_228' title='bbox 2016 2068 2125 2132; x_wconf 87' lang='lat' dir='ltr'>toties</span> <span class='ocrx_word' id='word_1_229' title='bbox 2148 2067 2199 2131; x_wconf 90' lang='lat' dir='ltr'>in·</span> 
     </span>
     <span class='ocr_line' id='line_1_20' title="bbox 192 2152 2201 2238; baseline -0.001 -20"><span class='ocrx_word' id='word_1_230' title='bbox 192 2156 226 2219; x_wconf 96' lang='lat' dir='ltr'>in</span> <span class='ocrx_word' id='word_1_231' title='bbox 249 2154 354 2220; x_wconf 92' lang='lat' dir='ltr'>looum</span> <span class='ocrx_word' id='word_1_232' title='bbox 378 2154 517 2237; x_wconf 78' lang='lat' dir='ltr'>Christi,</span> <span class='ocrx_word' id='word_1_233' title='bbox 548 2156 821 2237; x_wconf 89' lang='lat' dir='ltr'>quemadmodum</span> <span class='ocrx_word' id='word_1_234' title='bbox 844 2159 965 2223; x_wconf 89' lang='lat' dir='ltr'>dietum</span> <span class='ocrx_word' id='word_1_235' title='bbox 988 2166 1046 2223; x_wconf 92' lang='lat' dir='ltr'>est.</span> <span class='ocrx_word' id='word_1_236' title='bbox 1091 2156 1161 2221; x_wconf 95' lang='lat' dir='ltr'>Iam</span> <span class='ocrx_word' id='word_1_237' title='bbox 1215 2155 1321 2221; x_wconf 88' lang='lat' dir='ltr'>euleat</span> <span class='ocrx_word' id='word_1_238' title='bbox 1352 2155 1511 2238; x_wconf 89' lang='lat' dir='ltr'>propbeta</span> <span class='ocrx_word' id='word_1_239' title='bbox 1542 2154 1648 2220; x_wconf 80' lang='lat' dir='ltr'>Deum</span> <span class='ocrx_word' id='word_1_240' title='bbox 1679 2157 1773 2237; x_wconf 75' lang='lat' dir='ltr'>loqui.</span> <span class='ocrx_word' id='word_1_241' title='bbox 1824 2154 1960 2220; x_wconf 85' lang='lat' dir='ltr'>Poterat</span> <span class='ocrx_word' id='word_1_242' title='bbox 1991 2152 2201 2235; x_wconf 86' lang='lat' dir='ltr'>simplieiter</span> 
     </span>
     <span class='ocr_line' id='line_1_21' title="bbox 193 2237 2200 2325; baseline -0.001 -21"><span class='ocrx_word' id='word_1_243' title='bbox 193 2241 225 2304; x_wconf 92' lang='lat' dir='ltr'>in</span> <span class='ocrx_word' id='word_1_244' title='bbox 256 2240 424 2305; x_wconf 81' lang='lat' dir='ltr'>sacrifieiis</span> <span class='ocrx_word' id='word_1_245' title='bbox 453 2240 591 2306; x_wconf 91' lang='lat' dir='ltr'>debebat</span> <span class='ocrx_word' id='word_1_246' title='bbox 618 2262 688 2307; x_wconf 87' lang='lat' dir='ltr'>esse</span> <span class='ocrx_word' id='word_1_247' title='bbox 717 2242 895 2307; x_wconf 91' lang='lat' dir='ltr'>admonitio</span> <span class='ocrx_word' id='word_1_248' title='bbox 923 2241 965 2307; x_wconf 95' lang='lat' dir='ltr'>ad</span> <span class='ocrx_word' id='word_1_249' title='bbox 996 2243 1162 2325; x_wconf 87' lang='lat' dir='ltr'>poeniten·</span> <span class='ocrx_word' id='word_1_250' title='bbox 1215 2239 1331 2319; x_wconf 85' lang='lat' dir='ltr'>disere,</span> <span class='ocrx_word' id='word_1_251' title='bbox 1353 2241 1438 2306; x_wconf 87' lang='lat' dir='ltr'>Eeoe</span> <span class='ocrx_word' id='word_1_252' title='bbox 1460 2261 1541 2324; x_wconf 81' lang='lat' dir='ltr'>gens</span> <span class='ocrx_word' id='word_1_253' title='bbox 1562 2243 1673 2306; x_wconf 87' lang='lat' dir='ltr'>veniet</span> <span class='ocrx_word' id='word_1_254' title='bbox 1694 2240 1735 2305; x_wconf 93' lang='lat' dir='ltr'>ab</span> <span class='ocrx_word' id='word_1_255' title='bbox 1752 2240 1916 2323; x_wconf 89' lang='lat' dir='ltr'>aquilone:</span> <span class='ocrx_word' id='word_1_256' title='bbox 1939 2237 1999 2305; x_wconf 90' lang='lat' dir='ltr'>sed</span> <span class='ocrx_word' id='word_1_257' title='bbox 2020 2239 2200 2321; x_wconf 83' lang='lat' dir='ltr'>praefatur</span> 
     </span>
     <span class='ocr_line' id='line_1_22' title="bbox 194 2322 2198 2411; baseline -0.001 -22"><span class='ocrx_word' id='word_1_258' title='bbox 194 2327 290 2390; x_wconf 91' lang='lat' dir='ltr'>tiam:</span> <span class='ocrx_word' id='word_1_259' title='bbox 325 2347 425 2407; x_wconf 92' lang='lat' dir='ltr'>quum</span> <span class='ocrx_word' id='word_1_260' title='bbox 447 2331 557 2390; x_wconf 89' lang='lat' dir='ltr'>autem</span> <span class='ocrx_word' id='word_1_261' title='bbox 576 2328 682 2411; x_wconf 77' lang='lat' dir='ltr'>magis</span> <span class='ocrx_word' id='word_1_262' title='bbox 704 2348 742 2394; x_wconf 86' lang='lat' dir='ltr'>ae</span> <span class='ocrx_word' id='word_1_263' title='bbox 769 2329 874 2411; x_wconf 78' lang='lat' dir='ltr'>magis</span> <span class='ocrx_word' id='word_1_264' title='bbox 902 2327 1162 2405; x_wconf 86' lang='lat' dir='ltr'>obdureseerent,</span> <span class='ocrx_word' id='word_1_265' title='bbox 1215 2348 1250 2391; x_wconf 89' lang='lat' dir='ltr'>se</span> <span class='ocrx_word' id='word_1_266' title='bbox 1272 2326 1334 2392; x_wconf 91' lang='lat' dir='ltr'>boe</span> <span class='ocrx_word' id='word_1_267' title='bbox 1363 2327 1520 2391; x_wconf 86' lang='lat' dir='ltr'>afferres</span> <span class='ocrx_word' id='word_1_268' title='bbox 1542 2324 1614 2391; x_wconf 91' lang='lat' dir='ltr'>Deo</span> <span class='ocrx_word' id='word_1_269' title='bbox 1641 2325 1844 2408; x_wconf 85' lang='lat' dir='ltr'>mandatum,</span> <span class='ocrx_word' id='word_1_270' title='bbox 1875 2344 1983 2407; x_wconf 89' lang='lat' dir='ltr'>neque</span> <span class='ocrx_word' id='word_1_271' title='bbox 2019 2323 2055 2389; x_wconf 94' lang='lat' dir='ltr'>id</span> <span class='ocrx_word' id='word_1_272' title='bbox 2087 2322 2198 2399; x_wconf 90' lang='lat' dir='ltr'>modo,</span> 
     </span>
     <span class='ocr_line' id='line_1_23' title="bbox 194 2409 2197 2497; baseline -0.001 -21"><span class='ocrx_word' id='word_1_273' title='bbox 194 2421 226 2476; x_wconf 92' lang='lat' dir='ltr'>et</span> <span class='ocrx_word' id='word_1_274' title='bbox 238 2420 412 2494; x_wconf 88' lang='lat' dir='ltr'>praetextu</span> <span class='ocrx_word' id='word_1_275' title='bbox 428 2413 704 2476; x_wconf 78' lang='lat' dir='ltr'>caeremoniarum</span> <span class='ocrx_word' id='word_1_276' title='bbox 721 2422 875 2496; x_wconf 88' lang='lat' dir='ltr'>putarent</span> <span class='ocrx_word' id='word_1_277' title='bbox 889 2413 949 2478; x_wconf 89' lang='lat' dir='ltr'>sibi</span> <span class='ocrx_word' id='word_1_278' title='bbox 965 2413 1039 2497; x_wconf 88' lang='lat' dir='ltr'>plus</span> <span class='ocrx_word' id='word_1_279' title='bbox 1054 2413 1161 2489; x_wconf 87' lang='lat' dir='ltr'>lieere,</span> <span class='ocrx_word' id='word_1_280' title='bbox 1215 2409 1272 2478; x_wconf 90' lang='lat' dir='ltr'>sed</span> <span class='ocrx_word' id='word_1_281' title='bbox 1295 2409 1419 2477; x_wconf 89' lang='lat' dir='ltr'>indueit</span> <span class='ocrx_word' id='word_1_282' title='bbox 1439 2409 1547 2476; x_wconf 91' lang='lat' dir='ltr'>Deum</span> <span class='ocrx_word' id='word_1_283' title='bbox 1569 2411 1764 2495; x_wconf 90' lang='lat' dir='ltr'>loquentem,</span> <span class='ocrx_word' id='word_1_284' title='bbox 1787 2410 1872 2493; x_wconf 90' lang='lat' dir='ltr'>quod</span> <span class='ocrx_word' id='word_1_285' title='bbox 1894 2410 2001 2494; x_wconf 78' lang='lat' dir='ltr'>magis</span> <span class='ocrx_word' id='word_1_286' title='bbox 2025 2409 2197 2492; x_wconf 78' lang='lat' dir='ltr'>emphati-</span> 
     </span>
     <span class='ocr_line' id='line_1_24' title="bbox 195 2493 2199 2582; baseline 0 -21"><span class='ocrx_word' id='word_1_287' title='bbox 195 2509 228 2561; x_wconf 92' lang='lat' dir='ltr'>et</span> <span class='ocrx_word' id='word_1_288' title='bbox 250 2494 360 2559; x_wconf 89' lang='lat' dir='ltr'>Deum</span> <span class='ocrx_word' id='word_1_289' title='bbox 382 2517 446 2561; x_wconf 92' lang='lat' dir='ltr'>non</span> <span class='ocrx_word' id='word_1_290' title='bbox 469 2517 563 2579; x_wconf 87' lang='lat' dir='ltr'>posse</span> <span class='ocrx_word' id='word_1_291' title='bbox 586 2497 726 2580; x_wconf 89' lang='lat' dir='ltr'>amplius</span> <span class='ocrx_word' id='word_1_292' title='bbox 748 2519 854 2582; x_wconf 82' lang='lat' dir='ltr'>agere,</span> <span class='ocrx_word' id='word_1_293' title='bbox 884 2517 922 2562; x_wconf 90' lang='lat' dir='ltr'>ae</span> <span class='ocrx_word' id='word_1_294' title='bbox 943 2499 972 2562; x_wconf 91' lang='lat' dir='ltr'>si</span> <span class='ocrx_word' id='word_1_295' title='bbox 995 2518 1070 2563; x_wconf 89' lang='lat' dir='ltr'>oum</span> <span class='ocrx_word' id='word_1_296' title='bbox 1091 2498 1163 2579; x_wconf 90' lang='lat' dir='ltr'>ipso</span> <span class='ocrx_word' id='word_1_297' title='bbox 1216 2518 1290 2563; x_wconf 88' lang='lat' dir='ltr'>oum</span> <span class='ocrx_word' id='word_1_298' title='bbox 1313 2506 1371 2563; x_wconf 91' lang='lat' dir='ltr'>est.</span> <span class='ocrx_word' id='word_1_299' title='bbox 1417 2494 1592 2580; x_wconf 89' lang='lat' dir='ltr'>Superiore</span> <span class='ocrx_word' id='word_1_300' title='bbox 1614 2517 1711 2563; x_wconf 82' lang='lat' dir='ltr'>versu</span> <span class='ocrx_word' id='word_1_301' title='bbox 1735 2498 1833 2561; x_wconf 89' lang='lat' dir='ltr'>etiam</span> <span class='ocrx_word' id='word_1_302' title='bbox 1860 2496 2006 2575; x_wconf 87' lang='lat' dir='ltr'>dixerat,</span> <span class='ocrx_word' id='word_1_303' title='bbox 2039 2493 2098 2561; x_wconf 72' lang='lat' dir='ltr'>so</span> <span class='ocrx_word' id='word_1_304' title='bbox 2120 2494 2199 2561; x_wconf 68' lang='lat' dir='ltr'>diet</span> 
     </span>
     <span class='ocr_line' id='line_1_25' title="bbox 195 2580 2197 2666; baseline -0.001 -21"><span class='ocrx_word' id='word_1_305' title='bbox 195 2591 398 2646; x_wconf 79' lang='lat' dir='ltr'>transactum</span> <span class='ocrx_word' id='word_1_306' title='bbox 425 2587 525 2659; x_wconf 91' lang='lat' dir='ltr'>esset,</span> <span class='ocrx_word' id='word_1_307' title='bbox 559 2583 622 2648; x_wconf 87' lang='lat' dir='ltr'>tuit</span> <span class='ocrx_word' id='word_1_308' title='bbox 653 2604 787 2666; x_wconf 91' lang='lat' dir='ltr'>prorsus</span> <span class='ocrx_word' id='word_1_309' title='bbox 819 2594 965 2649; x_wconf 88' lang='lat' dir='ltr'>evertere</span> <span class='ocrx_word' id='word_1_310' title='bbox 993 2583 1162 2649; x_wconf 88' lang='lat' dir='ltr'>eonsilium</span> <span class='ocrx_word' id='word_1_311' title='bbox 1216 2581 1364 2662; x_wconf 80' lang='lat' dir='ltr'>Iebooob,</span> <span class='ocrx_word' id='word_1_312' title='bbox 1394 2592 1428 2647; x_wconf 92' lang='lat' dir='ltr'>et</span> <span class='ocrx_word' id='word_1_313' title='bbox 1449 2581 1541 2647; x_wconf 89' lang='lat' dir='ltr'>alibi:</span> <span class='ocrx_word' id='word_1_314' title='bbox 1575 2580 1632 2649; x_wconf 90' lang='lat' dir='ltr'>sed</span> <span class='ocrx_word' id='word_1_315' title='bbox 1655 2603 1743 2648; x_wconf 88' lang='lat' dir='ltr'>nuno</span> <span class='ocrx_word' id='word_1_316' title='bbox 1765 2585 1798 2647; x_wconf 93' lang='lat' dir='ltr'>in</span> <span class='ocrx_word' id='word_1_317' title='bbox 1823 2582 1946 2647; x_wconf 80' lang='lat' dir='ltr'>eminet</span> <span class='ocrx_word' id='word_1_318' title='bbox 1967 2580 2116 2645; x_wconf 86' lang='lat' dir='ltr'>eandem</span> <span class='ocrx_word' id='word_1_319' title='bbox 2140 2600 2197 2645; x_wconf 84' lang='lat' dir='ltr'>vo-</span> 
     </span>
     <span class='ocr_line' id='line_1_26' title="bbox 195 2665 2195 2750; baseline -0.001 -19"><span class='ocrx_word' id='word_1_320' title='bbox 195 2667 268 2733; x_wconf 89' lang='lat' dir='ltr'>Dei.</span> <span class='ocrx_word' id='word_1_321' title='bbox 312 2667 398 2731; x_wconf 89' lang='lat' dir='ltr'>Nam</span> <span class='ocrx_word' id='word_1_322' title='bbox 420 2666 690 2750; x_wconf 89' lang='lat' dir='ltr'>quemadmodum</span> <span class='ocrx_word' id='word_1_323' title='bbox 713 2668 835 2735; x_wconf 89' lang='lat' dir='ltr'>dietum</span> <span class='ocrx_word' id='word_1_324' title='bbox 858 2679 917 2749; x_wconf 89' lang='lat' dir='ltr'>est,</span> <span class='ocrx_word' id='word_1_325' title='bbox 942 2669 978 2732; x_wconf 93' lang='lat' dir='ltr'>in</span> <span class='ocrx_word' id='word_1_326' title='bbox 1001 2668 1063 2735; x_wconf 91' lang='lat' dir='ltr'>hoo</span> <span class='ocrx_word' id='word_1_327' title='bbox 1085 2669 1164 2734; x_wconf 88' lang='lat' dir='ltr'>iussi</span> <span class='ocrx_word' id='word_1_328' title='bbox 1216 2688 1296 2746; x_wconf 90' lang='lat' dir='ltr'>eem,</span> <span class='ocrx_word' id='word_1_329' title='bbox 1326 2682 1362 2733; x_wconf 91' lang='lat' dir='ltr'>ut</span> <span class='ocrx_word' id='word_1_330' title='bbox 1387 2668 1510 2734; x_wconf 89' lang='lat' dir='ltr'>seilieet</span> <span class='ocrx_word' id='word_1_331' title='bbox 1531 2680 1771 2734; x_wconf 88' lang='lat' dir='ltr'>saerosanotum</span> <span class='ocrx_word' id='word_1_332' title='bbox 1827 2669 2001 2733; x_wconf 90' lang='lat' dir='ltr'>einomen</span> <span class='ocrx_word' id='word_1_333' title='bbox 2023 2665 2195 2732; x_wconf 84' lang='lat' dir='ltr'>eltieaoius</span> 
     </span>
     <span class='ocr_line' id='line_1_27' title="bbox 195 2751 2195 2837; baseline -0.001 -21"><span class='ocrx_word' id='word_1_334' title='bbox 195 2753 326 2816; x_wconf 88' lang='lat' dir='ltr'>fuerant</span> <span class='ocrx_word' id='word_1_335' title='bbox 348 2753 464 2818; x_wconf 87' lang='lat' dir='ltr'>offerre</span> <span class='ocrx_word' id='word_1_336' title='bbox 485 2755 652 2834; x_wconf 88' lang='lat' dir='ltr'>seorifioia,</span> <span class='ocrx_word' id='word_1_337' title='bbox 675 2767 712 2819; x_wconf 88' lang='lat' dir='ltr'>nt</span> <span class='ocrx_word' id='word_1_338' title='bbox 734 2775 768 2820; x_wconf 99' lang='lat' dir='ltr'>se</span> <span class='ocrx_word' id='word_1_339' title='bbox 790 2760 983 2821; x_wconf 86' lang='lat' dir='ltr'>exeroerent</span> <span class='ocrx_word' id='word_1_340' title='bbox 997 2754 1039 2819; x_wconf 90' lang='lat' dir='ltr'>ad</span> <span class='ocrx_word' id='word_1_341' title='bbox 1054 2754 1164 2837; x_wconf 88' lang='lat' dir='ltr'>poeni·</span> <span class='ocrx_word' id='word_1_342' title='bbox 1216 2754 1259 2819; x_wconf 90' lang='lat' dir='ltr'>sit</span> <span class='ocrx_word' id='word_1_343' title='bbox 1280 2753 1322 2819; x_wconf 85' lang='lat' dir='ltr'>ad</span> <span class='ocrx_word' id='word_1_344' title='bbox 1343 2754 1520 2819; x_wconf 87' lang='lat' dir='ltr'>movendos</span> <span class='ocrx_word' id='word_1_345' title='bbox 1540 2753 1672 2819; x_wconf 89' lang='lat' dir='ltr'>illorum</span> <span class='ocrx_word' id='word_1_346' title='bbox 1694 2755 1837 2820; x_wconf 90' lang='lat' dir='ltr'>animos:</span> <span class='ocrx_word' id='word_1_347' title='bbox 1871 2751 1959 2835; x_wconf 79' lang='lat' dir='ltr'>Eece,</span> <span class='ocrx_word' id='word_1_348' title='bbox 1987 2751 2113 2835; x_wconf 84' lang='lat' dir='ltr'>inquit,</span> <span class='ocrx_word' id='word_1_349' title='bbox 2137 2770 2195 2834; x_wconf 78' lang='lat' dir='ltr'>pa</span> 
     </span>
     <span class='ocr_line' id='line_1_28' title="bbox 196 2837 2193 2924; baseline -0.001 -22"><span class='ocrx_word' id='word_1_350' title='bbox 196 2838 339 2903; x_wconf 88' lang='lat' dir='ltr'>tentiam.</span> <span class='ocrx_word' id='word_1_351' title='bbox 385 2839 481 2903; x_wconf 89' lang='lat' dir='ltr'>Nune</span> <span class='ocrx_word' id='word_1_352' title='bbox 504 2860 582 2921; x_wconf 84' lang='lat' dir='ltr'>ergo</span> <span class='ocrx_word' id='word_1_353' title='bbox 605 2840 755 2906; x_wconf 87' lang='lat' dir='ltr'>videmus</span> <span class='ocrx_word' id='word_1_354' title='bbox 784 2863 850 2906; x_wconf 93' lang='lat' dir='ltr'>non</span> <span class='ocrx_word' id='word_1_355' title='bbox 880 2842 1002 2906; x_wconf 81' lang='lat' dir='ltr'>trustra</span> <span class='ocrx_word' id='word_1_356' title='bbox 1030 2861 1165 2924; x_wconf 87' lang='lat' dir='ltr'>respon·</span> <span class='ocrx_word' id='word_1_357' title='bbox 1213 2839 1314 2921; x_wconf 81' lang='lat' dir='ltr'>polos</span> <span class='ocrx_word' id='word_1_358' title='bbox 1333 2841 1430 2905; x_wconf 79' lang='lat' dir='ltr'>veriet</span> <span class='ocrx_word' id='word_1_359' title='bbox 1451 2859 1467 2902; x_wconf 87' lang='lat' dir='ltr'>e</span> <span class='ocrx_word' id='word_1_360' title='bbox 1488 2844 1574 2905; x_wconf 81' lang='lat' dir='ltr'>terro</span> <span class='ocrx_word' id='word_1_361' title='bbox 1593 2840 1819 2920; x_wconf 78' lang='lat' dir='ltr'>septentrionis.</span> <span class='ocrx_word' id='word_1_362' title='bbox 1854 2838 1919 2903; x_wconf 89' lang='lat' dir='ltr'>Per</span> <span class='ocrx_word' id='word_1_363' title='bbox 1935 2857 2043 2903; x_wconf 92' lang='lat' dir='ltr'>annos</span> <span class='ocrx_word' id='word_1_364' title='bbox 2059 2837 2109 2902; x_wconf 86' lang='lat'>40</span> <span class='ocrx_word' id='word_1_365' title='bbox 2128 2856 2193 2901; x_wconf 89' lang='lat' dir='ltr'>non</span> 
     </span>
     <span class='ocr_line' id='line_1_29' title="bbox 196 2922 2194 3009; baseline 0 -21"><span class='ocrx_word' id='word_1_366' title='bbox 196 2945 268 2988; x_wconf 92' lang='lat' dir='ltr'>snm</span> <span class='ocrx_word' id='word_1_367' title='bbox 299 2924 479 2989; x_wconf 89' lang='lat' dir='ltr'>alersmia</span> <span class='ocrx_word' id='word_1_368' title='bbox 508 2926 623 3005; x_wconf 85' lang='lat' dir='ltr'>fuisse,</span> <span class='ocrx_word' id='word_1_369' title='bbox 658 2925 728 2991; x_wconf 92' lang='lat' dir='ltr'>Deo</span> <span class='ocrx_word' id='word_1_370' title='bbox 759 2948 826 2993; x_wconf 92' lang='lat' dir='ltr'>non</span> <span class='ocrx_word' id='word_1_371' title='bbox 859 2926 987 3009; x_wconf 85' lang='lat' dir='ltr'>plaeere</span> <span class='ocrx_word' id='word_1_372' title='bbox 1018 2926 1164 3009; x_wconf 88' lang='lat' dir='ltr'>ipsorum</span> <span class='ocrx_word' id='word_1_373' title='bbox 1216 2925 1356 2991; x_wconf 82' lang='lat' dir='ltr'>oessavit</span> <span class='ocrx_word' id='word_1_374' title='bbox 1372 2924 1529 2991; x_wconf 91' lang='lat' dir='ltr'>Ieremias</span> <span class='ocrx_word' id='word_1_375' title='bbox 1552 2924 1671 2990; x_wconf 91' lang='lat' dir='ltr'>bellum</span> <span class='ocrx_word' id='word_1_376' title='bbox 1689 2923 1820 2989; x_wconf 85' lang='lat' dir='ltr'>Iudaeis</span> <span class='ocrx_word' id='word_1_377' title='bbox 1842 2922 1995 3006; x_wconf 83' lang='lat' dir='ltr'>indisere,</span> <span class='ocrx_word' id='word_1_378' title='bbox 2018 2931 2054 2989; x_wconf 90' lang='lat' dir='ltr'>et</span> <span class='ocrx_word' id='word_1_379' title='bbox 2075 2932 2194 3007; x_wconf 75' lang='lat' dir='ltr'>aperte</span> 
     </span>
     <span class='ocr_line' id='line_1_30' title="bbox 196 3007 2190 3095; baseline -0.001 -21"><span class='ocrx_word' id='word_1_380' title='bbox 196 3009 364 3074; x_wconf 85' lang='lat' dir='ltr'>sacrifieia.</span> <span class='ocrx_word' id='word_1_381' title='bbox 409 3009 496 3073; x_wconf 88' lang='lat' dir='ltr'>Alibi</span> <span class='ocrx_word' id='word_1_382' title='bbox 520 3011 618 3075; x_wconf 88' lang='lat' dir='ltr'>etiam</span> <span class='ocrx_word' id='word_1_383' title='bbox 641 3011 787 3092; x_wconf 86' lang='lat' dir='ltr'>asperius</span> <span class='ocrx_word' id='word_1_384' title='bbox 808 3012 965 3095; x_wconf 89' lang='lat' dir='ltr'>loquitur,</span> <span class='ocrx_word' id='word_1_385' title='bbox 995 3009 1082 3093; x_wconf 90' lang='lat' dir='ltr'>quod</span> <span class='ocrx_word' id='word_1_386' title='bbox 1103 3012 1165 3077; x_wconf 90' lang='lat' dir='ltr'>sei·</span> <span class='ocrx_word' id='word_1_387' title='bbox 1216 3011 1315 3077; x_wconf 91' lang='lat' dir='ltr'>etiam</span> <span class='ocrx_word' id='word_1_388' title='bbox 1340 3011 1524 3095; x_wconf 89' lang='lat' dir='ltr'>exprimere</span> <span class='ocrx_word' id='word_1_389' title='bbox 1552 3031 1672 3075; x_wconf 89' lang='lat' dir='ltr'>nomen</span> <span class='ocrx_word' id='word_1_390' title='bbox 1701 3008 1861 3075; x_wconf 87' lang='lat' dir='ltr'>hostium:</span> <span class='ocrx_word' id='word_1_391' title='bbox 1894 3007 2048 3076; x_wconf 80' lang='lat' dir='ltr'>videmus</span> <span class='ocrx_word' id='word_1_392' title='bbox 2077 3021 2190 3073; x_wconf 69' lang='lat' dir='ltr'>umen</span> 
     </span>
     <span class='ocr_line' id='line_1_31' title="bbox 197 3091 2191 3180; baseline 0.001 -24"><span class='ocrx_word' id='word_1_393' title='bbox 197 3094 273 3158; x_wconf 87' lang='lat' dir='ltr'>lieet</span> <span class='ocrx_word' id='word_1_394' title='bbox 289 3091 379 3158; x_wconf 91' lang='lat' dir='ltr'>Deus</span> <span class='ocrx_word' id='word_1_395' title='bbox 402 3100 547 3174; x_wconf 85' lang='lat' dir='ltr'>nauseet,</span> <span class='ocrx_word' id='word_1_396' title='bbox 568 3096 656 3177; x_wconf 89' lang='lat' dir='ltr'>quod</span> <span class='ocrx_word' id='word_1_397' title='bbox 678 3096 834 3180; x_wconf 80' lang='lat' dir='ltr'>fatigatus</span> <span class='ocrx_word' id='word_1_398' title='bbox 855 3098 898 3162; x_wconf 90' lang='lat' dir='ltr'>sit</span> <span class='ocrx_word' id='word_1_399' title='bbox 914 3097 1056 3173; x_wconf 82' lang='lat' dir='ltr'>terendo,</span> <span class='ocrx_word' id='word_1_400' title='bbox 1079 3095 1165 3179; x_wconf 91' lang='lat' dir='ltr'>quod</span> <span class='ocrx_word' id='word_1_401' title='bbox 1216 3096 1360 3163; x_wconf 83' lang='lat' dir='ltr'>oaruisse</span> <span class='ocrx_word' id='word_1_402' title='bbox 1386 3097 1533 3179; x_wconf 85' lang='lat' dir='ltr'>profeetu</span> <span class='ocrx_word' id='word_1_403' title='bbox 1555 3102 1604 3160; x_wconf 91' lang='lat' dir='ltr'>tot</span> <span class='ocrx_word' id='word_1_404' title='bbox 1626 3096 1694 3161; x_wconf 78' lang='lat' dir='ltr'>eim</span> <span class='ocrx_word' id='word_1_405' title='bbox 1715 3096 1895 3161; x_wconf 79' lang='lat' dir='ltr'>muniones.</span> <span class='ocrx_word' id='word_1_406' title='bbox 1938 3094 2014 3159; x_wconf 89' lang='lat' dir='ltr'>Hoe</span> <span class='ocrx_word' id='word_1_407' title='bbox 2036 3103 2090 3159; x_wconf 83' lang='lat' dir='ltr'>est</span> <span class='ocrx_word' id='word_1_408' title='bbox 2115 3093 2191 3158; x_wconf 87' lang='lat' dir='ltr'>hor·</span> 
     </span>
     <span class='ocr_line' id='line_1_32' title="bbox 198 3178 2191 3264; baseline -0.001 -21"><span class='ocrx_word' id='word_1_409' title='bbox 198 3187 327 3243; x_wconf 88' lang='lat' dir='ltr'>eoaetus</span> <span class='ocrx_word' id='word_1_410' title='bbox 351 3178 393 3241; x_wconf 89' lang='lat' dir='ltr'>sit</span> <span class='ocrx_word' id='word_1_411' title='bbox 415 3179 573 3259; x_wconf 88' lang='lat' dir='ltr'>laborare,</span> <span class='ocrx_word' id='word_1_412' title='bbox 596 3181 673 3244; x_wconf 91' lang='lat' dir='ltr'>dum</span> <span class='ocrx_word' id='word_1_413' title='bbox 696 3182 742 3246; x_wconf 91' lang='lat' dir='ltr'>ita</span> <span class='ocrx_word' id='word_1_414' title='bbox 763 3183 937 3263; x_wconf 80' lang='lat' dir='ltr'>profanant</span> <span class='ocrx_word' id='word_1_415' title='bbox 952 3183 1020 3246; x_wconf 90' lang='lat' dir='ltr'>eius</span> <span class='ocrx_word' id='word_1_416' title='bbox 1036 3202 1164 3247; x_wconf 92' lang='lat' dir='ltr'>nomen.</span> <span class='ocrx_word' id='word_1_417' title='bbox 1217 3180 1365 3247; x_wconf 89' lang='lat' dir='ltr'>rendum.</span> <span class='ocrx_word' id='word_1_418' title='bbox 1394 3179 1460 3247; x_wconf 88' lang='lat' dir='ltr'>Sed</span> <span class='ocrx_word' id='word_1_419' title='bbox 1478 3180 1511 3243; x_wconf 92' lang='lat' dir='ltr'>in</span> <span class='ocrx_word' id='word_1_420' title='bbox 1530 3181 1592 3247; x_wconf 90' lang='lat' dir='ltr'>hoe</span> <span class='ocrx_word' id='word_1_421' title='bbox 1609 3181 1739 3264; x_wconf 90' lang='lat' dir='ltr'>speonlo</span> <span class='ocrx_word' id='word_1_422' title='bbox 1757 3181 1938 3263; x_wconf 89' lang='lat' dir='ltr'>perspieere</span> <span class='ocrx_word' id='word_1_423' title='bbox 1956 3179 2043 3258; x_wconf 87' lang='lat' dir='ltr'>lieet,</span> <span class='ocrx_word' id='word_1_424' title='bbox 2064 3188 2191 3261; x_wconf 83' lang='lat' dir='ltr'>quanta</span> 
     </span>
     <span class='ocr_line' id='line_1_33' title="bbox 197 3262 2190 3350; baseline 0.001 -24"><span class='ocrx_word' id='word_1_425' title='bbox 197 3262 324 3328; x_wconf 87' lang='lat' dir='ltr'>Verum</span> <span class='ocrx_word' id='word_1_426' title='bbox 347 3262 459 3327; x_wconf 91' lang='lat' dir='ltr'>eadem</span> <span class='ocrx_word' id='word_1_427' title='bbox 486 3273 536 3328; x_wconf 90' lang='lat' dir='ltr'>est</span> <span class='ocrx_word' id='word_1_428' title='bbox 565 3285 708 3343; x_wconf 89' lang='lat' dir='ltr'>summa,</span> <span class='ocrx_word' id='word_1_429' title='bbox 741 3267 827 3347; x_wconf 86' lang='lat' dir='ltr'>quod</span> <span class='ocrx_word' id='word_1_430' title='bbox 857 3267 980 3332; x_wconf 89' lang='lat' dir='ltr'>seilieet</span> <span class='ocrx_word' id='word_1_431' title='bbox 1007 3266 1166 3332; x_wconf 87' lang='lat' dir='ltr'>saerifioia</span> <span class='ocrx_word' id='word_1_432' title='bbox 1217 3267 1261 3331; x_wconf 91' lang='lat' dir='ltr'>sit</span> <span class='ocrx_word' id='word_1_433' title='bbox 1282 3274 1395 3331; x_wconf 88' lang='lat' dir='ltr'>nostra</span> <span class='ocrx_word' id='word_1_434' title='bbox 1427 3265 1578 3349; x_wconf 86' lang='lat' dir='ltr'>durities,</span> <span class='ocrx_word' id='word_1_435' title='bbox 1609 3275 1752 3348; x_wconf 91' lang='lat' dir='ltr'>quantus</span> <span class='ocrx_word' id='word_1_436' title='bbox 1778 3274 1904 3350; x_wconf 84' lang='lat' dir='ltr'>stupor,</span> <span class='ocrx_word' id='word_1_437' title='bbox 1933 3273 2060 3348; x_wconf 89' lang='lat' dir='ltr'>quanta</span> <span class='ocrx_word' id='word_1_438' title='bbox 2089 3265 2190 3329; x_wconf 81' lang='lat' dir='ltr'>etiam</span> 
     </span>
     <span class='ocr_line' id='line_1_34' title="bbox 198 3348 2189 3435; baseline 0.001 -22"><span class='ocrx_word' id='word_1_439' title='bbox 198 3370 256 3432; x_wconf 92' lang='lat' dir='ltr'>per</span> <span class='ocrx_word' id='word_1_440' title='bbox 286 3370 320 3414; x_wconf 90' lang='lat' dir='ltr'>se</span> <span class='ocrx_word' id='word_1_441' title='bbox 350 3369 516 3431; x_wconf 87' lang='lat' dir='ltr'>nunquam</span> <span class='ocrx_word' id='word_1_442' title='bbox 546 3349 639 3415; x_wconf 89' lang='lat' dir='ltr'>Deus</span> <span class='ocrx_word' id='word_1_443' title='bbox 669 3351 877 3433; x_wconf 86' lang='lat' dir='ltr'>expetiverit,</span> <span class='ocrx_word' id='word_1_444' title='bbox 911 3349 967 3416; x_wconf 90' lang='lat' dir='ltr'>sed</span> <span class='ocrx_word' id='word_1_445' title='bbox 996 3351 1031 3416; x_wconf 93' lang='lat' dir='ltr'>in</span> <span class='ocrx_word' id='word_1_446' title='bbox 1064 3351 1165 3417; x_wconf 90' lang='lat' dir='ltr'>allum</span> <span class='ocrx_word' id='word_1_447' title='bbox 1218 3350 1375 3416; x_wconf 87' lang='lat' dir='ltr'>adversus</span> <span class='ocrx_word' id='word_1_448' title='bbox 1395 3349 1505 3414; x_wconf 87' lang='lat' dir='ltr'>Deum</span> <span class='ocrx_word' id='word_1_449' title='bbox 1533 3351 1679 3430; x_wconf 83' lang='lat' dir='ltr'>vesania,</span> <span class='ocrx_word' id='word_1_450' title='bbox 1706 3360 1741 3416; x_wconf 89' lang='lat' dir='ltr'>et</span> <span class='ocrx_word' id='word_1_451' title='bbox 1769 3362 1911 3435; x_wconf 86' lang='lat' dir='ltr'>quantus</span> <span class='ocrx_word' id='word_1_452' title='bbox 1939 3352 2040 3416; x_wconf 85' lang='lat' dir='ltr'>furor.</span> <span class='ocrx_word' id='word_1_453' title='bbox 2087 3348 2189 3416; x_wconf 82' lang='lat' dir='ltr'>Chal·</span> 
     </span>
     <span class='ocr_line' id='line_1_35' title="bbox 198 3433 2192 3520; baseline -0.001 -21"><span class='ocrx_word' id='word_1_454' title='bbox 198 3438 314 3499; x_wconf 89' lang='lat' dir='ltr'>finem:</span> <span class='ocrx_word' id='word_1_455' title='bbox 338 3433 454 3499; x_wconf 90' lang='lat' dir='ltr'>deinde</span> <span class='ocrx_word' id='word_1_456' title='bbox 475 3436 562 3517; x_wconf 91' lang='lat' dir='ltr'>quod</span> <span class='ocrx_word' id='word_1_457' title='bbox 585 3455 699 3501; x_wconf 91' lang='lat' dir='ltr'>omnes</span> <span class='ocrx_word' id='word_1_458' title='bbox 720 3437 850 3501; x_wconf 88' lang='lat' dir='ltr'>externi</span> <span class='ocrx_word' id='word_1_459' title='bbox 869 3438 951 3502; x_wconf 89' lang='lat' dir='ltr'>ritus</span> <span class='ocrx_word' id='word_1_460' title='bbox 966 3445 1166 3502; x_wconf 89' lang='lat' dir='ltr'>suntmerae</span> <span class='ocrx_word' id='word_1_461' title='bbox 1218 3435 1315 3502; x_wconf 87' lang='lat' dir='ltr'>daeos</span> <span class='ocrx_word' id='word_1_462' title='bbox 1345 3456 1424 3519; x_wconf 81' lang='lat' dir='ltr'>ergo</span> <span class='ocrx_word' id='word_1_463' title='bbox 1452 3435 1507 3501; x_wconf 91' lang='lat' dir='ltr'>hio</span> <span class='ocrx_word' id='word_1_464' title='bbox 1535 3435 1684 3520; x_wconf 80' lang='lat' dir='ltr'>designat</span> <span class='ocrx_word' id='word_1_465' title='bbox 1716 3457 1775 3519; x_wconf 91' lang='lat' dir='ltr'>per</span> <span class='ocrx_word' id='word_1_466' title='bbox 1803 3442 1923 3520; x_wconf 77' lang='lat' dir='ltr'>pentem</span> <span class='ocrx_word' id='word_1_467' title='bbox 1953 3435 2192 3518; x_wconf 73' lang='lat' dir='ltr'>aquilonares:</span> 
     </span>
     <span class='ocr_line' id='line_1_36' title="bbox 199 3520 2191 3606; baseline -0.001 -22"><span class='ocrx_word' id='word_1_468' title='bbox 199 3541 305 3603; x_wconf 85' lang='lat' dir='ltr'>nugae</span> <span class='ocrx_word' id='word_1_469' title='bbox 328 3532 361 3584; x_wconf 91' lang='lat' dir='ltr'>et</span> <span class='ocrx_word' id='word_1_470' title='bbox 383 3520 538 3600; x_wconf 88' lang='lat' dir='ltr'>ludibria,</span> <span class='ocrx_word' id='word_1_471' title='bbox 567 3521 634 3585; x_wconf 92' lang='lat' dir='ltr'>imo</span> <span class='ocrx_word' id='word_1_472' title='bbox 656 3522 837 3605; x_wconf 81' lang='lat' dir='ltr'>profanatio</span> <span class='ocrx_word' id='word_1_473' title='bbox 859 3522 1000 3588; x_wconf 89' lang='lat' dir='ltr'>nominis</span> <span class='ocrx_word' id='word_1_474' title='bbox 1021 3521 1101 3589; x_wconf 87' lang='lat' dir='ltr'>Dei:</span> <span class='ocrx_word' id='word_1_475' title='bbox 1134 3531 1167 3588; x_wconf 93' lang='lat' dir='ltr'>et</span> <span class='ocrx_word' id='word_1_476' title='bbox 1218 3521 1295 3588; x_wconf 89' lang='lat' dir='ltr'>dieit</span> <span class='ocrx_word' id='word_1_477' title='bbox 1322 3527 1440 3606; x_wconf 77' lang='lat' dir='ltr'>pentem</span> <span class='ocrx_word' id='word_1_478' title='bbox 1460 3520 1551 3588; x_wconf 82' lang='lat' dir='ltr'>illam</span> <span class='ocrx_word' id='word_1_479' title='bbox 1571 3542 1637 3588; x_wconf 84' lang='lat' dir='ltr'>esse</span> <span class='ocrx_word' id='word_1_480' title='bbox 1656 3542 1823 3605; x_wconf 72' lang='lat' dir='ltr'>mapsam:</span> <span class='ocrx_word' id='word_1_481' title='bbox 1856 3532 2022 3587; x_wconf 87' lang='lat' dir='ltr'>ettamen</span> <span class='ocrx_word' id='word_1_482' title='bbox 2045 3520 2191 3586; x_wconf 86' lang='lat' dir='ltr'>ostendit</span> 
     </span>
     <span class='ocr_line' id='line_1_37' title="bbox 198 3605 2192 3693; baseline 0.001 -23"><span class='ocrx_word' id='word_1_483' title='bbox 198 3608 246 3670; x_wconf 89' lang='lat' dir='ltr'>ita</span> <span class='ocrx_word' id='word_1_484' title='bbox 268 3605 348 3669; x_wconf 92' lang='lat' dir='ltr'>adeo</span> <span class='ocrx_word' id='word_1_485' title='bbox 371 3625 437 3668; x_wconf 92' lang='lat' dir='ltr'>non</span> <span class='ocrx_word' id='word_1_486' title='bbox 461 3607 585 3687; x_wconf 89' lang='lat' dir='ltr'>possint</span> <span class='ocrx_word' id='word_1_487' title='bbox 607 3628 683 3672; x_wconf 92' lang='lat' dir='ltr'>eum</span> <span class='ocrx_word' id='word_1_488' title='bbox 709 3607 854 3691; x_wconf 81' lang='lat' dir='ltr'>plaeere,</span> <span class='ocrx_word' id='word_1_489' title='bbox 887 3615 924 3673; x_wconf 89' lang='lat' dir='ltr'>ut</span> <span class='ocrx_word' id='word_1_490' title='bbox 952 3610 1057 3693; x_wconf 80' lang='lat' dir='ltr'>magis</span> <span class='ocrx_word' id='word_1_491' title='bbox 1083 3609 1165 3674; x_wconf 83' lang='lat' dir='ltr'>iram</span> <span class='ocrx_word' id='word_1_492' title='bbox 1218 3629 1285 3674; x_wconf 91' lang='lat' dir='ltr'>non</span> <span class='ocrx_word' id='word_1_493' title='bbox 1314 3617 1430 3690; x_wconf 88' lang='lat' dir='ltr'>sponte</span> <span class='ocrx_word' id='word_1_494' title='bbox 1456 3606 1641 3674; x_wconf 87' lang='lat' dir='ltr'>Ohaldaeos</span> <span class='ocrx_word' id='word_1_495' title='bbox 1671 3616 1828 3673; x_wconf 86' lang='lat' dir='ltr'>venturos</span> <span class='ocrx_word' id='word_1_496' title='bbox 1856 3627 1943 3685; x_wconf 90' lang='lat' dir='ltr'>esse,</span> <span class='ocrx_word' id='word_1_497' title='bbox 1972 3605 2192 3686; x_wconf 57' lang='lat' dir='ltr'>mear,</span> 
     </span>
     <span class='ocr_line' id='line_1_38' title="bbox 199 3690 2192 3777; baseline 0 -21"><span class='ocrx_word' id='word_1_498' title='bbox 199 3692 268 3756; x_wconf 90' lang='lat' dir='ltr'>eius</span> <span class='ocrx_word' id='word_1_499' title='bbox 291 3702 476 3773; x_wconf 88' lang='lat' dir='ltr'>provoeent.</span> <span class='ocrx_word' id='word_1_500' title='bbox 523 3690 689 3774; x_wconf 82' lang='lat' dir='ltr'>Sequitur,</span> <span class='ocrx_word' id='word_1_501' title='bbox 1218 3694 1333 3777; x_wconf 90' lang='lat' dir='ltr'>inquit.</span> <span class='ocrx_word' id='word_1_502' title='bbox 1378 3693 1532 3759; x_wconf 83' lang='lat' dir='ltr'>Refertur</span> <span class='ocrx_word' id='word_1_503' title='bbox 1555 3693 1615 3758; x_wconf 90' lang='lat' dir='ltr'>boo</span> <span class='ocrx_word' id='word_1_504' title='bbox 1637 3692 1678 3756; x_wconf 89' lang='lat' dir='ltr'>ad</span> <span class='ocrx_word' id='word_1_505' title='bbox 1700 3694 1823 3772; x_wconf 92' lang='lat' dir='ltr'>Deum,</span> <span class='ocrx_word' id='word_1_506' title='bbox 1852 3692 1929 3776; x_wconf 90' lang='lat' dir='ltr'>qnia</span> <span class='ocrx_word' id='word_1_507' title='bbox 1957 3692 2092 3758; x_wconf 85' lang='lat' dir='ltr'>tametsi</span> <span class='ocrx_word' id='word_1_508' title='bbox 2124 3713 2192 3756; x_wconf 91' lang='lat' dir='ltr'>am-</span> 
     </span>
     <span class='ocr_line' id='line_1_39' title="bbox 1219 3777 2191 3861; baseline -0.003 -18"><span class='ocrx_word' id='word_1_509' title='bbox 1219 3779 1297 3844; x_wconf 92' lang='lat' dir='ltr'>bitio</span> <span class='ocrx_word' id='word_1_510' title='bbox 1319 3791 1352 3844; x_wconf 87' lang='lat' dir='ltr'>et</span> <span class='ocrx_word' id='word_1_511' title='bbox 1373 3779 1512 3844; x_wconf 83' lang='lat' dir='ltr'>avaritia</span> <span class='ocrx_word' id='word_1_512' title='bbox 1533 3779 1663 3861; x_wconf 90' lang='lat' dir='ltr'>impulit</span> <span class='ocrx_word' id='word_1_513' title='bbox 1679 3777 1869 3856; x_wconf 78' lang='lat' dir='ltr'>Chaldaeos,</span> <span class='ocrx_word' id='word_1_514' title='bbox 1891 3790 1928 3843; x_wconf 90' lang='lat' dir='ltr'>ut</span> <span class='ocrx_word' id='word_1_515' title='bbox 1949 3778 1996 3842; x_wconf 86' lang='lat' dir='ltr'>ite</span> <span class='ocrx_word' id='word_1_516' title='bbox 2015 3786 2191 3843; x_wconf 73' lang='lat' dir='ltr'>vastarem</span> 
     </span>
     <span class='ocr_line' id='line_1_40' title="bbox 283 3860 2192 3949; baseline 0 -23"><span class='ocrx_word' id='word_1_517' title='bbox 283 3861 335 3926; x_wconf 82' lang='lat'>21.</span> <span class='ocrx_word' id='word_1_518' title='bbox 362 3860 533 3942; x_wconf 80' lang='lat' dir='ltr'>Propterea</span> <span class='ocrx_word' id='word_1_519' title='bbox 555 3864 602 3927; x_wconf 83' lang='lat' dir='ltr'>sie</span> <span class='ocrx_word' id='word_1_520' title='bbox 623 3863 699 3928; x_wconf 77' lang='lat' dir='ltr'>dicit</span> <span class='ocrx_word' id='word_1_521' title='bbox 720 3863 868 3948; x_wconf 80' lang='lat' dir='ltr'>Ioboooli,</span> <span class='ocrx_word' id='word_1_522' title='bbox 896 3863 976 3930; x_wconf 83' lang='lat' dir='ltr'>Eece</span> <span class='ocrx_word' id='word_1_523' title='bbox 992 3885 1075 3947; x_wconf 82' lang='lat' dir='ltr'>pono</span> <span class='ocrx_word' id='word_1_524' title='bbox 1096 3865 1168 3931; x_wconf 77' lang='lat' dir='ltr'>boio</span> <span class='ocrx_word' id='word_1_525' title='bbox 1218 3866 1314 3949; x_wconf 80' lang='lat' dir='ltr'>longe</span> <span class='ocrx_word' id='word_1_526' title='bbox 1336 3872 1370 3928; x_wconf 93' lang='lat' dir='ltr'>et</span> <span class='ocrx_word' id='word_1_527' title='bbox 1392 3863 1458 3929; x_wconf 91' lang='lat' dir='ltr'>late</span> <span class='ocrx_word' id='word_1_528' title='bbox 1480 3884 1592 3928; x_wconf 90' lang='lat' dir='ltr'>omnes</span> <span class='ocrx_word' id='word_1_529' title='bbox 1619 3863 1757 3947; x_wconf 90' lang='lat' dir='ltr'>populos</span> <span class='ocrx_word' id='word_1_530' title='bbox 1779 3873 1812 3929; x_wconf 92' lang='lat' dir='ltr'>et</span> <span class='ocrx_word' id='word_1_531' title='bbox 1833 3874 1947 3942; x_wconf 89' lang='lat' dir='ltr'>terras,</span> <span class='ocrx_word' id='word_1_532' title='bbox 1979 3863 2044 3927; x_wconf 84' lang='lat' dir='ltr'>luit</span> <span class='ocrx_word' id='word_1_533' title='bbox 2077 3871 2192 3928; x_wconf 89' lang='lat' dir='ltr'>tamen</span> 
     </span>
     <span class='ocr_line' id='line_1_41' title="bbox 194 3946 2192 4035; baseline -0.001 -23"><span class='ocrx_word' id='word_1_534' title='bbox 194 3949 311 4032; x_wconf 84' lang='lat' dir='ltr'>popolo</span> <span class='ocrx_word' id='word_1_535' title='bbox 333 3946 528 4028; x_wconf 76' lang='lat' dir='ltr'>offendiculo,</span> <span class='ocrx_word' id='word_1_536' title='bbox 556 3949 755 4030; x_wconf 75' lang='lat' dir='ltr'>etoffendeot</span> <span class='ocrx_word' id='word_1_537' title='bbox 783 3949 872 4035; x_wconf 86' lang='lat' dir='ltr'>(nam</span> <span class='ocrx_word' id='word_1_538' title='bbox 894 3960 971 4015; x_wconf 92' lang='lat' dir='ltr'>sunt</span> <span class='ocrx_word' id='word_1_539' title='bbox 993 3950 1033 4016; x_wconf 85' lang='lat' dir='ltr'>ab</span> <span class='ocrx_word' id='word_1_540' title='bbox 1054 3950 1168 4016; x_wconf 89' lang='lat' dir='ltr'>eadem</span> <span class='ocrx_word' id='word_1_541' title='bbox 1219 3951 1341 4016; x_wconf 89' lang='lat' dir='ltr'>bellum</span> <span class='ocrx_word' id='word_1_542' title='bbox 1363 3947 1445 4013; x_wconf 91' lang='lat' dir='ltr'>illud</span> <span class='ocrx_word' id='word_1_543' title='bbox 1478 3958 1607 4032; x_wconf 81' lang='lat' dir='ltr'>gestum</span> <span class='ocrx_word' id='word_1_544' title='bbox 1636 3949 1788 4031; x_wconf 91' lang='lat' dir='ltr'>auspioiis</span> <span class='ocrx_word' id='word_1_545' title='bbox 1808 3948 1872 4015; x_wconf 92' lang='lat' dir='ltr'>Dei</span> <span class='ocrx_word' id='word_1_546' title='bbox 1894 3949 2012 4033; x_wconf 90' lang='lat' dir='ltr'>ipsius:</span> <span class='ocrx_word' id='word_1_547' title='bbox 2046 3948 2192 4015; x_wconf 79' lang='lat' dir='ltr'>armauit</span> 
     </span>
     <span class='ocr_line' id='line_1_42' title="bbox 199 4033 2191 4120; baseline 0.001 -22"><span class='ocrx_word' id='word_1_548' title='bbox 199 4033 307 4098; x_wconf 84' lang='lat' dir='ltr'>radiae</span> <span class='ocrx_word' id='word_1_549' title='bbox 329 4044 362 4097; x_wconf 91' lang='lat' dir='ltr'>et</span> <span class='ocrx_word' id='word_1_550' title='bbox 384 4054 504 4097; x_wconf 92' lang='lat' dir='ltr'>nomen</span> <span class='ocrx_word' id='word_1_551' title='bbox 526 4042 559 4097; x_wconf 93' lang='lat' dir='ltr'>et</span> <span class='ocrx_word' id='word_1_552' title='bbox 582 4033 731 4120; x_wconf 86' lang='lat' dir='ltr'>verbum)</span> <span class='ocrx_word' id='word_1_553' title='bbox 752 4041 862 4117; x_wconf 85' lang='lat' dir='ltr'>potres</span> <span class='ocrx_word' id='word_1_554' title='bbox 884 4036 992 4117; x_wconf 73' lang='lat' dir='ltr'>ettilit</span> <span class='ocrx_word' id='word_1_555' title='bbox 1013 4036 1168 4117; x_wconf 70' lang='lat' dir='ltr'>steriliter,</span> <span class='ocrx_word' id='word_1_556' title='bbox 1220 4034 1404 4103; x_wconf 78' lang='lat' dir='ltr'>Chaldaeos</span> <span class='ocrx_word' id='word_1_557' title='bbox 1424 4038 1458 4097; x_wconf 88' lang='lat' dir='ltr'>et</span> <span class='ocrx_word' id='word_1_558' title='bbox 1478 4033 1620 4117; x_wconf 87' lang='lat' dir='ltr'>impulit,</span> <span class='ocrx_word' id='word_1_559' title='bbox 1652 4054 1731 4099; x_wconf 89' lang='lat' dir='ltr'>usus</span> <span class='ocrx_word' id='word_1_560' title='bbox 1753 4047 1802 4100; x_wconf 91' lang='lat' dir='ltr'>eet</span> <span class='ocrx_word' id='word_1_561' title='bbox 1832 4033 1973 4117; x_wconf 88' lang='lat' dir='ltr'>deniqne</span> <span class='ocrx_word' id='word_1_562' title='bbox 2004 4034 2090 4117; x_wconf 89' lang='lat' dir='ltr'>ipsis</span> <span class='ocrx_word' id='word_1_563' title='bbox 2120 4044 2191 4100; x_wconf 89' lang='lat' dir='ltr'>tau·</span> 
     </span>
     <span class='ocr_line' id='line_1_43' title="bbox 198 4117 2192 4204; baseline -0.002 -19"><span class='ocrx_word' id='word_1_564' title='bbox 198 4119 320 4185; x_wconf 66' lang='lat' dir='ltr'>metros</span> <span class='ocrx_word' id='word_1_565' title='bbox 342 4123 370 4181; x_wconf 89' lang='lat' dir='ltr'>et</span> <span class='ocrx_word' id='word_1_566' title='bbox 390 4119 491 4183; x_wconf 81' lang='lat' dir='ltr'>socios</span> <span class='ocrx_word' id='word_1_567' title='bbox 512 4119 580 4184; x_wconf 85' lang='lat' dir='ltr'>eios</span> <span class='ocrx_word' id='word_1_568' title='bbox 595 4119 751 4201; x_wconf 78' lang='lat' dir='ltr'>peribunt.</span> <span class='ocrx_word' id='word_1_569' title='bbox 1219 4141 1317 4204; x_wconf 89' lang='lat' dir='ltr'>qnam</span> <span class='ocrx_word' id='word_1_570' title='bbox 1344 4117 1484 4202; x_wconf 80' lang='lat' dir='ltr'>flagellis</span> <span class='ocrx_word' id='word_1_571' title='bbox 1505 4120 1573 4184; x_wconf 88' lang='lat' dir='ltr'>irae</span> <span class='ocrx_word' id='word_1_572' title='bbox 1595 4141 1684 4185; x_wconf 90' lang='lat' dir='ltr'>suae.</span> <span class='ocrx_word' id='word_1_573' title='bbox 1727 4119 1801 4184; x_wconf 92' lang='lat' dir='ltr'>Hoe</span> <span class='ocrx_word' id='word_1_574' title='bbox 1821 4121 1974 4204; x_wconf 81' lang='lat' dir='ltr'>oolligere</span> <span class='ocrx_word' id='word_1_575' title='bbox 1994 4129 2131 4202; x_wconf 89' lang='lat' dir='ltr'>oportet</span> <span class='ocrx_word' id='word_1_576' title='bbox 2151 4140 2192 4183; x_wconf 88' lang='lat' dir='ltr'>ex</span> 
     </span>
     <span class='ocr_line' id='line_1_44' title="bbox 1220 4202 2192 4290; baseline -0.001 -18"><span class='ocrx_word' id='word_1_577' title='bbox 1220 4204 1320 4272; x_wconf 82' lang='lat' dir='ltr'>verbo</span> <span class='ocrx_word' id='word_1_578' title='bbox 1341 4218 1416 4282; x_wconf 70' lang='grc' dir='ltr'>Ἶινι</span> <span class='ocrx_word' id='word_1_579' title='bbox 1459 4202 1564 4285; x_wconf 87' lang='lat' dir='ltr'>Dieit,</span> <span class='ocrx_word' id='word_1_580' title='bbox 1596 4205 1629 4269; x_wconf 79' lang='lat' dir='ltr'><strong><em>A</em></strong></span> <span class='ocrx_word' id='word_1_581' title='bbox 1659 4204 1807 4271; x_wconf 61' lang='lat' dir='ltr'>iuterim</span> <span class='ocrx_word' id='word_1_582' title='bbox 1833 4211 1945 4288; x_wconf 83' lang='lat' dir='ltr'>terroe,</span> <span class='ocrx_word' id='word_1_583' title='bbox 1978 4206 2059 4288; x_wconf 87' lang='lat' dir='ltr'>qnia</span> <span class='ocrx_word' id='word_1_584' title='bbox 2092 4204 2192 4290; x_wconf 74' lang='lat' dir='ltr'>longa</span> 
     </span>
     <span class='ocr_line' id='line_1_45' title="bbox 285 4288 2191 4376; baseline 0.001 -23"><span class='ocrx_word' id='word_1_585' title='bbox 285 4288 351 4353; x_wconf 84' lang='lat' dir='ltr'>Hie</span> <span class='ocrx_word' id='word_1_586' title='bbox 384 4289 505 4370; x_wconf 87' lang='lat' dir='ltr'>apertis</span> <span class='ocrx_word' id='word_1_587' title='bbox 540 4290 650 4355; x_wconf 88' lang='lat' dir='ltr'>verbis</span> <span class='ocrx_word' id='word_1_588' title='bbox 687 4292 877 4373; x_wconf 90' lang='lat' dir='ltr'>pronuntiat</span> <span class='ocrx_word' id='word_1_589' title='bbox 912 4290 1003 4357; x_wconf 91' lang='lat' dir='ltr'>Deus</span> <span class='ocrx_word' id='word_1_590' title='bbox 1040 4292 1167 4376; x_wconf 92' lang='lat' dir='ltr'>qualem</span> <span class='ocrx_word' id='word_1_591' title='bbox 1220 4299 1291 4356; x_wconf 90' lang='lat' dir='ltr'>erat</span> <span class='ocrx_word' id='word_1_592' title='bbox 1312 4290 1455 4356; x_wconf 90' lang='lat' dir='ltr'>loeorum</span> <span class='ocrx_word' id='word_1_593' title='bbox 1479 4290 1642 4356; x_wconf 88' lang='lat' dir='ltr'>distantia.</span> <span class='ocrx_word' id='word_1_594' title='bbox 1677 4288 1743 4357; x_wconf 84' lang='lat' dir='ltr'>Sed</span> <span class='ocrx_word' id='word_1_595' title='bbox 1763 4291 1925 4376; x_wconf 81' lang='lat' dir='ltr'>signifieat</span> <span class='ocrx_word' id='word_1_596' title='bbox 1945 4290 2111 4375; x_wconf 88' lang='lat' dir='ltr'>propbeta</span> <span class='ocrx_word' id='word_1_597' title='bbox 2127 4311 2191 4355; x_wconf 91' lang='lat' dir='ltr'>non</span> 
     </span>
     <span class='ocr_line' id='line_1_46' title="bbox 200 4374 2191 4461; baseline -0.001 -20"><span class='ocrx_word' id='word_1_598' title='bbox 200 4376 379 4441; x_wconf 79' lang='lat' dir='ltr'>vindictam</span> <span class='ocrx_word' id='word_1_599' title='bbox 404 4384 594 4457; x_wconf 88' lang='lat' dir='ltr'>sumpturus</span> <span class='ocrx_word' id='word_1_600' title='bbox 616 4376 659 4439; x_wconf 89' lang='lat' dir='ltr'>eit</span> <span class='ocrx_word' id='word_1_601' title='bbox 680 4377 720 4442; x_wconf 91' lang='lat' dir='ltr'>de</span> <span class='ocrx_word' id='word_1_602' title='bbox 742 4376 869 4460; x_wconf 89' lang='lat' dir='ltr'>populo.</span> <span class='ocrx_word' id='word_1_603' title='bbox 914 4376 1004 4443; x_wconf 91' lang='lat' dir='ltr'>Dieit</span> <span class='ocrx_word' id='word_1_604' title='bbox 1024 4380 1168 4461; x_wconf 90' lang='lat' dir='ltr'>primum</span> <span class='ocrx_word' id='word_1_605' title='bbox 1220 4377 1290 4442; x_wconf 86' lang='lat' dir='ltr'>tore</span> <span class='ocrx_word' id='word_1_606' title='bbox 1321 4375 1426 4441; x_wconf 89' lang='lat' dir='ltr'>ullum</span> <span class='ocrx_word' id='word_1_607' title='bbox 1458 4374 1660 4441; x_wconf 87' lang='lat' dir='ltr'>obstaeulum</span> <span class='ocrx_word' id='word_1_608' title='bbox 1690 4376 1874 4455; x_wconf 88' lang='lat' dir='ltr'>Obaldseis,</span> <span class='ocrx_word' id='word_1_609' title='bbox 1906 4377 2084 4460; x_wconf 83' lang='lat' dir='ltr'>quominus</span> <span class='ocrx_word' id='word_1_610' title='bbox 2119 4397 2191 4460; x_wconf 90' lang='lat' dir='ltr'>per·</span> 
     </span>
     <span class='ocr_line' id='line_1_47' title="bbox 200 4458 2191 4546; baseline -0.001 -19"><span class='ocrx_word' id='word_1_611' title='bbox 200 4480 374 4543; x_wconf 74' lang='lat' dir='ltr'>seponere</span> <span class='ocrx_word' id='word_1_612' title='bbox 403 4458 469 4524; x_wconf 78' lang='lat' dir='ltr'>illis</span> <span class='ocrx_word' id='word_1_613' title='bbox 500 4460 694 4542; x_wconf 61' lang='lat' dir='ltr'>effodiente</span> <span class='ocrx_word' id='word_1_614' title='bbox 742 4461 817 4526; x_wconf 89' lang='lat' dir='ltr'>Non</span> <span class='ocrx_word' id='word_1_615' title='bbox 846 4461 980 4527; x_wconf 88' lang='lat' dir='ltr'>dubium</span> <span class='ocrx_word' id='word_1_616' title='bbox 1012 4473 1061 4528; x_wconf 89' lang='lat' dir='ltr'>est</span> <span class='ocrx_word' id='word_1_617' title='bbox 1089 4464 1169 4546; x_wconf 90' lang='lat' dir='ltr'>quin</span> <span class='ocrx_word' id='word_1_618' title='bbox 1220 4470 1374 4543; x_wconf 88' lang='lat' dir='ltr'>rumpant</span> <span class='ocrx_word' id='word_1_619' title='bbox 1396 4461 1553 4542; x_wconf 88' lang='lat' dir='ltr'>usquein</span> <span class='ocrx_word' id='word_1_620' title='bbox 1575 4461 1680 4544; x_wconf 89' lang='lat' dir='ltr'>ipsam</span> <span class='ocrx_word' id='word_1_621' title='bbox 1701 4461 1867 4541; x_wconf 86' lang='lat' dir='ltr'>Iudaeam,</span> <span class='ocrx_word' id='word_1_622' title='bbox 1895 4468 1930 4528; x_wconf 90' lang='lat' dir='ltr'>et</span> <span class='ocrx_word' id='word_1_623' title='bbox 1951 4461 2113 4546; x_wconf 83' lang='lat' dir='ltr'>populum</span> <span class='ocrx_word' id='word_1_624' title='bbox 2137 4483 2191 4527; x_wconf 89' lang='lat' dir='ltr'>ex·</span> 
     </span>
     <span class='ocr_line' id='line_1_48' title="bbox 201 4545 2193 4631; baseline 0.001 -18"><span class='ocrx_word' id='word_1_625' title='bbox 201 4549 325 4614; x_wconf 88' lang='lat' dir='ltr'>retibus</span> <span class='ocrx_word' id='word_1_626' title='bbox 349 4555 406 4611; x_wconf 87' lang='lat' dir='ltr'>aut</span> <span class='ocrx_word' id='word_1_627' title='bbox 426 4545 529 4629; x_wconf 78' lang='lat' dir='ltr'>plagis</span> <span class='ocrx_word' id='word_1_628' title='bbox 551 4556 719 4629; x_wconf 89' lang='lat' dir='ltr'>eomparet</span> <span class='ocrx_word' id='word_1_629' title='bbox 739 4545 868 4622; x_wconf 78' lang='lat' dir='ltr'>indicia,</span> <span class='ocrx_word' id='word_1_630' title='bbox 891 4568 973 4629; x_wconf 90' lang='lat' dir='ltr'>quae</span> <span class='ocrx_word' id='word_1_631' title='bbox 994 4548 1168 4627; x_wconf 90' lang='lat' dir='ltr'>instabant,</span> <span class='ocrx_word' id='word_1_632' title='bbox 1220 4547 1382 4620; x_wconf 89' lang='lat' dir='ltr'>seindant,</span> <span class='ocrx_word' id='word_1_633' title='bbox 1411 4564 1448 4611; x_wconf 88' lang='lat' dir='ltr'>ee</span> <span class='ocrx_word' id='word_1_634' title='bbox 1470 4546 1662 4631; x_wconf 81' lang='lat' dir='ltr'>profligent:</span> <span class='ocrx_word' id='word_1_635' title='bbox 1694 4547 1812 4613; x_wconf 90' lang='lat' dir='ltr'>deinde</span> <span class='ocrx_word' id='word_1_636' title='bbox 1845 4547 1958 4613; x_wconf 89' lang='lat' dir='ltr'>urbem</span> <span class='ocrx_word' id='word_1_637' title='bbox 1987 4547 2129 4613; x_wconf 88' lang='lat' dir='ltr'>diruant</span> <span class='ocrx_word' id='word_1_638' title='bbox 2155 4567 2193 4613; x_wconf 86' lang='lat' dir='ltr'>ae</span> 
     </span>
     <span class='ocr_line' id='line_1_49' title="bbox 201 4629 2193 4718; baseline 0.001 -20"><span class='ocrx_word' id='word_1_639' title='bbox 201 4634 276 4718; x_wconf 90' lang='lat' dir='ltr'>quia</span> <span class='ocrx_word' id='word_1_640' title='bbox 294 4632 408 4698; x_wconf 90' lang='lat' dir='ltr'>Iudaei</span> <span class='ocrx_word' id='word_1_641' title='bbox 431 4629 603 4713; x_wconf 88' lang='lat' dir='ltr'>sperabant</span> <span class='ocrx_word' id='word_1_642' title='bbox 622 4653 657 4696; x_wconf 88' lang='lat' dir='ltr'>se</span> <span class='ocrx_word' id='word_1_643' title='bbox 679 4652 774 4716; x_wconf 90' lang='lat' dir='ltr'>posse</span> <span class='ocrx_word' id='word_1_644' title='bbox 796 4652 924 4714; x_wconf 88' lang='lat' dir='ltr'>semper</span> <span class='ocrx_word' id='word_1_645' title='bbox 945 4633 1038 4699; x_wconf 84' lang='lat' dir='ltr'>elabi.</span> <span class='ocrx_word' id='word_1_646' title='bbox 1080 4634 1170 4700; x_wconf 90' lang='lat' dir='ltr'>Dioit</span> <span class='ocrx_word' id='word_1_647' title='bbox 1221 4631 1391 4714; x_wconf 88' lang='lat' dir='ltr'>templum.</span> <span class='ocrx_word' id='word_1_648' title='bbox 1423 4629 1535 4696; x_wconf 86' lang='lat' dir='ltr'>Adiun</span> <span class='ocrx_word' id='word_1_649' title='bbox 1561 4633 1586 4696; x_wconf 85' lang='lat' dir='ltr'>&#39;t</span> <span class='ocrx_word' id='word_1_650' title='bbox 1608 4633 1689 4698; x_wconf 89' lang='lat' dir='ltr'>alias</span> <span class='ocrx_word' id='word_1_651' title='bbox 1710 4635 1979 4710; x_wconf 86' lang='lat' dir='ltr'>eireumstautiae,</span> <span class='ocrx_word' id='word_1_652' title='bbox 2001 4653 2067 4717; x_wconf 90' lang='lat' dir='ltr'>qno</span> <span class='ocrx_word' id='word_1_653' title='bbox 2084 4633 2193 4718; x_wconf 75' lang='lat' dir='ltr'>magis</span> 
     </span>
     <span class='ocr_line' id='line_1_50' title="bbox 201 4715 2192 4887; baseline 0.001 -17"><span class='ocrx_word' id='word_1_654' title='bbox 201 4721 303 4870; x_wconf 71' lang='lat' dir='ltr'>ltll‘</span> <span class='ocrx_word' id='word_1_655' title='bbox 317 4715 1170 4887; x_wconf 61' lang='lat' dir='ltr'>ttbtttltlttttttttbtssttitt·</span> <span class='ocrx_word' id='word_1_656' title='bbox 1219 4715 1536 4869; x_wconf 64' lang='lat' dir='ltr'>btttbtsl</span> <span class='ocrx_word' id='word_1_657' title='bbox 1551 4716 2055 4883; x_wconf 59' lang='lat' dir='ltr'>“uthtlltbtttttti</span> <span class='ocrx_word' id='word_1_658' title='bbox 2072 4720 2192 4871; x_wconf 59' lang='lat' dir='ltr'>bill</span> 
     </span>
     <span class='ocr_line' id='line_1_51' title="bbox 201 4853 2193 4975; baseline 0 -19"><span class='ocrx_word' id='word_1_659' title='bbox 201 4894 269 4958; x_wconf 92' lang='lat' dir='ltr'>tiet.</span> <span class='ocrx_word' id='word_1_660' title='bbox 287 4856 295 4883; x_wconf 63' lang='grc'><strong>’</strong></span> <span class='ocrx_word' id='word_1_661' title='bbox 316 4889 441 4955; x_wconf 81' lang='lat' dir='ltr'>Oudetis</span> <span class='ocrx_word' id='word_1_662' title='bbox 471 4908 549 4970; x_wconf 80' lang='lat' dir='ltr'>ergo</span> <span class='ocrx_word' id='word_1_663' title='bbox 579 4893 605 4952; x_wconf 89' lang='lat' dir='ltr'>et</span> <span class='ocrx_word' id='word_1_664' title='bbox 626 4853 747 4970; x_wconf 57' lang='lat' dir='ltr'>potres:</span> <span class='ocrx_word' id='word_1_665' title='bbox 775 4893 803 4952; x_wconf 88' lang='lat' dir='ltr'>et</span> <span class='ocrx_word' id='word_1_666' title='bbox 829 4887 902 4969; x_wconf 73' lang='lat' dir='ltr'>pilii,</span> <span class='ocrx_word' id='word_1_667' title='bbox 931 4892 958 4950; x_wconf 87' lang='lat' dir='ltr'>et</span> <span class='ocrx_word' id='word_1_668' title='bbox 983 4889 1113 4965; x_wconf 66' lang='lat' dir='ltr'>munos,</span> <span class='ocrx_word' id='word_1_669' title='bbox 1144 4895 1171 4952; x_wconf 89' lang='lat' dir='ltr'>et</span> <span class='ocrx_word' id='word_1_670' title='bbox 1221 4899 1274 4953; x_wconf 89' lang='lat' dir='ltr'>tur</span> <span class='ocrx_word' id='word_1_671' title='bbox 1296 4887 1376 4951; x_wconf 87' lang='lat' dir='ltr'>satis</span> <span class='ocrx_word' id='word_1_672' title='bbox 1398 4887 1564 4952; x_wconf 89' lang='lat' dir='ltr'>attendere</span> <span class='ocrx_word' id='word_1_673' title='bbox 1586 4888 1627 4952; x_wconf 89' lang='lat' dir='ltr'>ad</span> <span class='ocrx_word' id='word_1_674' title='bbox 1650 4887 1820 4954; x_wconf 87' lang='lat' dir='ltr'>eonsilium</span> <span class='ocrx_word' id='word_1_675' title='bbox 1842 4853 2030 4973; x_wconf 71' lang='lat' dir='ltr'>prephdtae.</span> <span class='ocrx_word' id='word_1_676' title='bbox 2076 4890 2193 4975; x_wconf 87' lang='lat' dir='ltr'>Neque</span> 
     </span>
     <span class='ocr_line' id='line_1_52' title="bbox 201 4971 2194 5059; baseline -0.001 -16"><span class='ocrx_word' id='word_1_677' title='bbox 201 4978 304 5043; x_wconf 78' lang='lat' dir='ltr'>socios</span> <span class='ocrx_word' id='word_1_678' title='bbox 326 4977 402 5040; x_wconf 82' lang='lat' dir='ltr'>eius.</span> <span class='ocrx_word' id='word_1_679' title='bbox 450 4972 621 5058; x_wconf 76' lang='lat' dir='ltr'>Significat</span> <span class='ocrx_word' id='word_1_680' title='bbox 652 4972 703 5038; x_wconf 89' lang='lat' dir='ltr'>his</span> <span class='ocrx_word' id='word_1_681' title='bbox 726 4973 844 5048; x_wconf 83' lang='lat' dir='ltr'>verbis,</span> <span class='ocrx_word' id='word_1_682' title='bbox 879 4973 1029 5053; x_wconf 86' lang='lat' dir='ltr'>quamvis</span> <span class='ocrx_word' id='word_1_683' title='bbox 1058 4993 1170 5038; x_wconf 91' lang='lat' dir='ltr'>omnes</span> <span class='ocrx_word' id='word_1_684' title='bbox 1221 4975 1309 5038; x_wconf 91' lang='lat' dir='ltr'>enim</span> <span class='ocrx_word' id='word_1_685' title='bbox 1331 4971 1384 5037; x_wconf 84' lang='lat' dir='ltr'>hia</span> <span class='ocrx_word' id='word_1_686' title='bbox 1406 4972 1603 5039; x_wconf 84' lang='lat' dir='ltr'>detensionis</span> <span class='ocrx_word' id='word_1_687' title='bbox 1624 4975 1662 5036; x_wconf 92' lang='lat' dir='ltr'>fit</span> <span class='ocrx_word' id='word_1_688' title='bbox 1684 4976 1820 5039; x_wconf 89' lang='lat' dir='ltr'>mentio:</span> <span class='ocrx_word' id='word_1_689' title='bbox 1844 4975 1900 5040; x_wconf 89' lang='lat' dir='ltr'>sed</span> <span class='ocrx_word' id='word_1_690' title='bbox 1923 4976 2060 5059; x_wconf 91' lang='lat' dir='ltr'>perinde</span> <span class='ocrx_word' id='word_1_691' title='bbox 2082 4988 2136 5044; x_wconf 89' lang='lat' dir='ltr'>est</span> <span class='ocrx_word' id='word_1_692' title='bbox 2159 4999 2194 5042; x_wconf 90' lang='lat' dir='ltr'>ao</span> 
     </span>
     <span class='ocr_line' id='line_1_53' title="bbox 201 5056 2194 5236; baseline 0.001 -23"><span class='ocrx_word' id='word_1_693' title='bbox 201 5057 1170 5227; x_wconf 57' lang='lat' dir='ltr'>ttsltltltusblultttt{editt„stt</span> <span class='ocrx_word' id='word_1_694' title='bbox 1221 5056 2194 5236; x_wconf 56' lang='lat' dir='ltr'>t‘¹ltttlltbttulffllllltltltttttbtt</span> 
     </span>
     <span class='ocr_line' id='line_1_54' title="bbox 204 5168 2196 5321; baseline 0.001 -23"><span class='ocrx_word' id='word_1_695' title='bbox 204 5256 273 5298; x_wconf 89' lang='lat' dir='ltr'>esse</span> <span class='ocrx_word' id='word_1_696' title='bbox 307 5233 473 5298; x_wconf 88' lang='lat' dir='ltr'>innoxios:</span> <span class='ocrx_word' id='word_1_697' title='bbox 512 5231 629 5297; x_wconf 90' lang='lat' dir='ltr'>deinde</span> <span class='ocrx_word' id='word_1_698' title='bbox 662 5231 717 5297; x_wconf 87' lang='lat' dir='ltr'>nbi</span> <span class='ocrx_word' id='word_1_699' title='bbox 750 5229 888 5313; x_wconf 90' lang='lat' dir='ltr'>quisque</span> <span class='ocrx_word' id='word_1_700' title='bbox 920 5191 1041 5294; x_wconf 82' lang='lat' dir='ltr'>multoe</span> <span class='ocrx_word' id='word_1_701' title='bbox 1073 5228 1171 5294; x_wconf 90' lang='lat' dir='ltr'>hebet</span> <span class='ocrx_word' id='word_1_702' title='bbox 1222 5249 1339 5311; x_wconf 92' lang='lat' dir='ltr'>nempe</span> <span class='ocrx_word' id='word_1_703' title='bbox 1361 5227 1488 5292; x_wconf 87' lang='lat' dir='ltr'>hastam</span> <span class='ocrx_word' id='word_1_704' title='bbox 1511 5237 1545 5292; x_wconf 92' lang='lat' dir='ltr'>et</span> <span class='ocrx_word' id='word_1_705' title='bbox 1566 5229 1720 5308; x_wconf 79' lang='lat' dir='ltr'>lanceam,</span> <span class='ocrx_word' id='word_1_706' title='bbox 1751 5241 1784 5294; x_wconf 90' lang='lat' dir='ltr'>et</span> <span class='ocrx_word' id='word_1_707' title='bbox 1806 5168 1969 5315; x_wconf 53' lang='lat' dir='ltr'>signifieat</span> <span class='ocrx_word' id='word_1_708' title='bbox 1997 5233 2101 5299; x_wconf 89' lang='lat' dir='ltr'>etiam</span> <span class='ocrx_word' id='word_1_709' title='bbox 2125 5171 2196 5321; x_wconf 63' lang='lat' dir='ltr'>bys</span> 
     </span>
    </p>
   </div>
   <div class='ocr_carea' id='block_1_3' title="bbox 0 0 2412 5970">
    <p class='ocr_par' dir='ltr' id='par_1_3' title="bbox 0 0 2412 5970">
     <span class='ocr_line' id='line_1_55' title="bbox 0 0 2412 5970; baseline 0 0"><span class='ocrx_word' id='word_1_710' title='bbox 0 0 2412 5970; x_wconf 95' lang='lat' dir='ltr'> </span> 
     </span>
    </p>
   </div>
  </div>
 </body>
</html>
