4784 5970
190 350 254 416 335
1070 347 1119 412 IN
1140 346 1306 415 ISAIAM
1835 396 1840 405 .
2118 344 2180 411 336

189 539 254 618 nia,
277 547 385 601 menet
408 535 618 600 nihilominus
641 534 778 601 veritas:
802 535 877 617 quia
899 534 1053 601 Christus
1075 555 1159 599 mor·
1209 537 1399 618 molestiam,
1422 539 1561 619 pariunt
1586 539 1790 622 iniquitaten.
1835 536 1864 602 5.
1899 534 1968 602 Ooa
1994 533 2102 619 repuli
2125 555 2177 600 eu·

190 633 266 689 tuas
299 632 364 700 est,
398 643 435 687 ao
464 621 660 694 resurrexit,
695 631 732 684 ιιι
760 629 954 703 perpetuum
988 620 1159 686 sabbatum
1209 623 1346 703 eludunt,
1372 625 1499 690 atteias
1520 645 1711 690 aranearum
1731 627 1851 688 meunt:
1879 622 1935 706 gui
1954 619 2124 687 eommrit
2142 640 2178 684 es

190 707 383 774 habeamus:
418 707 479 773 hos
507 716 567 786 est,
600 707 756 771 feriemur
785 707 825 769 ab
855 707 1006 789 operibns
1028 707 1158 784 nostris,
1209 709 1276 773 osis
1297 730 1413 790 eonem,
1435 711 1597 775 morietur:
1618 710 1649 774 si
1665 710 1920 791 mammonae,
1942 704 2040 771 eaibit
2058 706 2176 788 uipera.

190 804 229 861 ut
249 794 385 877 spiritus
407 793 471 857 Dei
494 804 641 875 potenter
663 792 697 854 in
720 793 815 856 nobis
838 802 923 874 agat.
1209 795 1240 859 6.
1272 795 1365 860 Tetae
1393 815 1498 860 eorum
1519 816 1581 859 non
1602 799 1691 861 munt
1718 796 1753 860 in
1774 795 2001 859 vestimerstunt:
2028 811 2128 875 aeque
2146 812 2177 857 se

276 880 326 944 14.
360 879 464 963 (Tune
493 876 714 962 delectaberis.)
767 877 908 942 Videtur
940 877 1085 942 alludere
1118 878 1157 942 ad
1208 886 1306 963 tepere
1327 901 1433 945 eorum
1453 880 1606 963 operibus.
1638 881 1725 946 Nom
1746 899 1841 962 opera
1862 898 1968 944 sorum
1986 882 2062 943 sunt
2085 897 2177 961 opera

75 998 83 1007 ·
189 987 308 1032 nomen
328 964 523 1029 delitiarum.
556 964 703 1027 Verbum
723 964 808 1027 enim
831 976 946 1046 ιιιιιιιι,
968 983 1031 1046 quo
1054 963 1159 1028 utitur
1210 967 1390 1047 iniquitatis
1399 965 1440 1051 ¹):
1468 971 1595 1048 etopus
1615 965 1814 1046 uiolentiae2)
1836 966 1872 1029 in
1891 962 2042 1029 manibus
2061 982 2175 1028 eorum

189 1051 359 1137 propheta,
375 1050 544 1115 deducitur
559 1048 599 1113 ab
614 1063 673 1125 tlt,
692 1070 755 1131 quo
773 1062 849 1114 ante
868 1071 945 1114 usus
960 1057 1041 1127 erat,
1059 1069 1159 1131 quum
1211 1053 1240 1116 7.
1264 1050 1363 1116 Pedes
1383 1071 1488 1116 eorum
1507 1053 1550 1117 ad
1571 1051 1691 1116 matum
1716 1053 1860 1129 suerunt,
1889 1054 1917 1114 et
1940 1053 2117 1131 properarit
2135 1049 2178 1114 ad

190 1158 353 1203 summam
375 1158 417 1200 ex
441 1157 519 1200 vera
545 1135 671 1199 sabbati
703 1134 928 1199 observatione
957 1134 1158 1216 voluptatem
1207 1138 1401 1220 fundendum
1418 1140 1606 1219 sanquinem
1621 1137 1801 1201 innoxium:
1816 1133 2178 1219 urbanissimi.-

189 1223 370 1288 Dominum
394 1241 509 1303 sapere
532 1220 662 1284 diseret.
696 1219 736 1284 In
759 1241 897 1300 summa,
919 1220 1084 1303 signifieat
1106 1241 1157 1301 po·
1209 1224 1340 1289 samias
1367 1227 1395 1287 et
1422 1223 1561 1289 oontritio
1590 1225 1625 1286 in
1653 1223 1716 1287 uiis
1744 1241 1858 1287 eorum
1908 1219 1939 1286 8.
1965 1218 2062 1285 Viam
2085 1222 2177 1300 pasis

189 1308 303 1392 pulum
322 1307 445 1371 nullam
462 1326 505 1370 ex
516 1305 588 1371 Deo
604 1306 851 1372 oblectationem
875 1307 1048 1388 percipere,
1072 1305 1158 1387 quod
1210 1329 1271 1374 non
1298 1312 1463 1391 meust,
1495 1327 1549 1374 nes
1568 1309 1723 1374 iuditium
1751 1311 1796 1372 est
1816 1308 1852 1371 in
1869 1303 2029 1390 gressibus
2055 1325 2178 1370 earum:

189 1395 295 1477 ipsum
319 1401 481 1476 provooet,
512 1412 572 1456 nes
594 1392 665 1456 eius
689 1392 850 1456 voluntati
872 1401 1000 1474 pareat:
1032 1410 1108 1455 nam
1131 1392 1158 1455 si
1209 1395 1335 1460 semitas
1355 1413 1434 1459 suas
1450 1399 1667 1476 perverterunt
1687 1392 1765 1459 sibi:
1790 1392 1935 1475 quisquis
1952 1390 2106 1474 praddur
2120 1410 2178 1472 per

189 1481 290 1547 vitam
324 1487 469 1543 nostram
503 1497 771 1559 somponeremus
803 1476 839 1541 in
868 1476 1057 1558 obsequium
1087 1477 1157 1551 Dei,
1209 1499 1273 1558 aas,
1295 1480 1405 1544 nescim
1422 1499 1542 1559 paoem.
1586 1479 1616 1545 9.
1639 1478 1811 1560 Propterea
1830 1477 1917 1561 lonpe
1937 1476 2065 1541 messit
2085 1496 2109 1540 a
2127 1495 2176 1539 no

189 1587 248 1631 nos
271 1565 341 1629 eius
364 1563 454 1627 velut
476 1563 605 1628 delitiae
627 1584 779 1641 essemus,
805 1563 875 1644 ipse
897 1563 1042 1628 visiseim
1065 1561 1158 1627 nobis
1210 1566 1259 1630 bis
1279 1565 1446 1630 iuditium:
1466 1585 1520 1630 nes
1542 1564 1743 1647 upprebendit
1761 1582 1818 1628 nos
1838 1563 1970 1628 iustitia.
2006 1559 2180 1642 Easpesta·

190 1651 377 1714 delitiarum
407 1649 477 1713 loso
506 1659 600 1714 esset.
646 1649 843 1713 Pronuntiat
871 1649 972 1732 igitur
1001 1669 1066 1712 non
1094 1648 1158 1711 nisi
1209 1652 1313 1716 simus
1334 1650 1438 1728 lusam,
1464 1655 1493 1715 et
1514 1670 1577 1716 esse
1597 1650 1752 1716 tenebrae:
1779 1648 1981 1729 splendorum
2009 1651 2039 1711 a
2059 1665 2124 1711 esse
2144 1648 2179 1711 ia

212 1758 248 1800 er
270 1735 408 1799 Iudaeos
431 1745 518 1798 stare
541 1734 717 1816 quominus
739 1734 810 1799 Deo
840 1733 979 1817 propitio
1008 1733 1083 1797 freti
1107 1732 1157 1796 hi·
1208 1736 1344 1818 eatipine
1364 1756 1535 1802 versamur.
1581 1736 1631 1800 10.
1662 1734 1837 1816 Patpamus
1861 1734 1942 1799 meust
1964 1732 2048 1798 oaesi
2071 1733 2180 1813 peria

188 1758 291 1886 barem
311 1830 344 1884 et
361 1820 480 1885 laetam
499 1821 601 1884 vitam
620 1818 750 1903 degant.
782 1819 909 1901 Quibus
927 1819 1039 1884 verbis
1060 1821 1158 1884 taoite
1209 1827 1284 1887 teum
1311 1822 1405 1887 souti
1425 1822 1481 1903 qui
1501 1822 1599 1887 oeulis
1619 1822 1704 1903 eapti
1723 1824 1804 1898 sunt,
1826 1819 2013 1901 patpsmus.
2057 1816 2177 1898 Impia

192 1907 368 1988 exprobrat
390 1926 445 1970 eos
467 1906 528 1971 sibi
556 1905 688 1987 propria
717 1905 813 1988 eulpa
841 1904 962 1970 multas
993 1904 1158 1969 molestias
1207 1909 1314 1992 pirum
1340 1908 1375 1971 in
1395 1907 1525 1973 meridie
1552 1912 1702 1988 tauquam
1729 1910 1836 1971 nodu:
1864 1905 1899 1969 in
1920 1902 1996 1971 loeis
2023 1900 2179 1969 saidamis

192 2013 365 2058 assessore.
409 1991 512 2055 Addit
534 1992 739 2073 equitaturas
761 2012 859 2074 super
880 1990 1009 2056 exselsa
1035 2000 1158 2055 terrae:
1209 1999 1358 2074 tanguam
1385 1993 1506 2058 mortui.
1558 1993 1607 2056 11.
1644 1991 1713 2056 Nos
1738 2009 1843 2056 omnes
1874 1989 1968 2072 quusi
1999 1989 2074 2054 ursi
2101 1988 2178 2054 soei·

192 2078 309 2162 quibus
332 2077 441 2142 verbis
470 2077 611 2142 reditum
634 2077 669 2140 in
693 2077 832 2159 patriam
862 2085 895 2140 et
916 2095 1063 2141 sesuram
1093 2074 1159 2141 illio
1208 2079 1362 2161 tuemur:
1389 2079 1530 2159 etpunsi
1558 2077 1711 2143 soturnbae
1738 2075 1933 2141 susurrando
1959 2093 2176 2141 muurrarnus.

191 2163 423 2228 habitationem
447 2164 618 2246 promittit.
649 2161 778 2228 Soimus
796 2163 884 2226 enim
898 2161 1054 2226 Iudaeam
1072 2160 1160 2225 edito
1209 2163 1470 2243 Eespeotaoimus
1490 2164 1653 2241 iuditium,
1682 2167 1710 2227 et
1731 2182 1793 2226 non
1814 2164 1960 2242 apparet.-
1987 2159 2131 2239 satutem,
2152 2163 2179 2223 et

191 2249 226 2314 in
248 2248 317 2313 loeo
339 2250 436 2312 sitam
464 2249 562 2312 tuisse
591 2269 689 2333 supra
711 2248 837 2312 visinas
866 2248 1029 2331 regiones:
1059 2266 1158 2329 quum
1209 2251 1298 2332 tonpe
1319 2250 1401 2314 stetit
1422 2271 1444 2314 a
1464 2249 1562 2314 nobis.
1608 2249 1657 2313 12.
1684 2247 1839 2330 &oniam
1859 2244 2088 2328 multipiisatae
2108 2249 2178 2311 sut

192 2334 374 2418 Babylonis
395 2335 478 2399 situs
500 2334 634 2398 inferior
663 2343 760 2416 atque
783 2333 953 2398 demissior
974 2337 1076 2409 esset,
1103 2331 1160 2397 ubi
1210 2334 1392 2416 iniquitates
1412 2339 1536 2400 nostrae
1556 2354 1660 2400 eoram
1681 2338 1717 2411 te,
1743 2338 1771 2397 et
1788 2336 1913 2414 patema
1937 2335 2048 2397 metra
2068 2335 2178 2397 testata

193 2422 292 2485 etiam
324 2419 463 2503 populus
517 2419 587 2484 nasi
617 2419 651 2482 in
682 2419 837 2501 spelunea
870 2417 994 2501 trepide
1026 2416 1159 2483 latebat.
1210 2425 1283 2488 sunt
1303 2425 1411 2486 sonna
1428 2441 1486 2485 nos
1495 2418 1530 2504 ⁴).
1565 2420 1719 2501 ρωοιιίαιιι
1739 2419 1918 2502 iniquitates
1937 2420 2063 2481 noemae
2079 2415 2179 2482 nobu-

192 2505 347 2590 Apertius
385 2527 460 2570 mox
495 2441 640 2570 desierat
674 2503 750 2587 quid
787 2503 1025 2588 signifioaverit
1060 2504 1160 2569 verbo
1210 2527 1280 2574 oum
1301 2510 1381 2580 sunt,
1404 2510 1576 2589 etpeosata
1596 2509 1702 2570 nasus
1723 2505 1939 2587 ooprtoseimus.
1986 2501 2036 2566 13.
2065 2500 2179 2583 Inique

191 2592 362 2674 equitandi.
387 2590 631 2656 Possessionem
651 2591 737 2654 enim
754 2590 916 2673 promittit
930 2589 1002 2655 eius
1017 2589 1160 2673 regionis
1211 2593 1338 2676 epimns,
1360 2596 1388 2656 et
1408 2592 1528 2657 mentiti
1548 2610 1658 2655 sumus
1680 2589 1812 2655 leboriae
1832 2593 1861 2653 et
1881 2587 2008 2655 abdueti
2027 2606 2179 2654 mass

192 2698 275 2760 quae
297 2678 457 2760 promissa
479 2685 513 2742 et
535 2678 611 2742 data
634 2676 740 2741 iuerat
763 2676 922 2757 patribus,
955 2683 989 2740 et
1010 2695 1077 2758 qus
1098 2674 1160 2756 ipsi
1210 2684 1292 2762 tergo
1313 2675 1377 2742 Dei
1397 2677 1505 2756 matri,
1535 2678 1686 2759 loquentes
1709 2675 1901 2740 aalmnniam
1920 2679 1949 2739 et
1967 2672 2180 2755 desedissent

192 2776 270 2828 tuno
293 2763 495 2832 fruebantur.
523 2761 640 2825 deinde
663 2762 701 2825 ad
725 2771 854 2844 tempus
876 2761 994 2843 privati
1016 2762 1159 2826 fuerunt.
1211 2763 1411 2843 soneipientes
1436 2767 1464 2827 et
1490 2764 1678 2844 proferentes
1706 2781 1745 2826 ea
1772 2760 1861 2826 eorde
1891 2756 1984 2825 amba
2014 2757 2178 2826 mmdaaii.

278 2847 378 2932 (Quia
412 2868 447 2913 os
479 2847 637 2934 Domini.)
691 2846 764 2913 Hos
796 2846 937 2924 addidit,
969 2858 1008 2911 ut
1041 2846 1161 2929 absque
1214 2851 1264 2915 14.
1287 2846 1330 2915 Et
1352 2854 1453 2914 astum
1473 2853 1520 2913 est
1540 2853 1708 2913 retrorsum
1729 2847 1894 2927 iuditium,
1914 2849 1944 2909 et
1963 2844 2092 2909 iustitia
2105 2862 2179 2926 pro-

193 2933 415 3000 oontroversia
448 2933 528 2997 haee
560 2935 671 2997 omnia
702 2953 782 2998 vera
814 2953 884 2998 esse
920 2931 1159 3015 intelligerent:
1211 2935 1263 3002 out
1283 2934 1374 3000 sinit.
1405 2935 1559 3015 Quoniam
1579 2934 1696 3000 corrui
1717 2933 1752 2996 in
1768 2931 1876 3013 ptotea
1895 2929 2011 2997 soritas
2030 2933 2062 2994 ά
2077 2930 2180 3011 amui-

193 3023 291 3101 atque
313 3019 374 3082 hoo
397 3017 605 3083 referendum
635 3040 701 3083 non
730 3016 833 3082 solum
864 3019 905 3081 ad
933 3018 1161 3100 promissiones
1211 3027 1262 3086 tas
1281 3040 1346 3085 non
1361 3023 1466 3100 potuit
1480 3019 1619 3100 produn
1665 3017 1715 3083 15.
1738 3017 1867 3100 Defecit.
1889 3016 2028 3097 insuere,
2049 3014 2180 3081 amitas:

192 3105 283 3181 istas,
303 3103 359 3167 sed
378 3103 477 3167 etiam
496 3103 537 3167 ad
555 3104 686 3167 initium
704 3103 828 3184 sapitis.
861 3102 1057 3186 Obiurgavit
1073 3102 1161 3166 enim
1212 3111 1241 3172 et
1267 3105 1322 3187 gui
1347 3105 1473 3170 recessit
1498 3125 1519 3168 a
1545 3103 1642 3185 malo,
1670 3104 1811 3186 praedae
1836 3101 1901 3184 fuit
1924 3101 2095 3183 masna.
2138 3098 2180 3164 la

194 3189 390 3272 hypocritas,
414 3190 469 3270 qui
486 3190 606 3253 iustam
628 3189 689 3253 sibi
708 3208 839 3253 oausam
856 3188 941 3252 tueri
958 3186 1163 3266 videbantur,
1213 3191 1293 3256 uidit
1315 3189 1437 3269 lebeta,
1460 3209 1496 3254 as
1517 3188 1678 3269 displicuit
1697 3188 1795 3254 ocutis
1815 3190 1891 3271 eius,
1921 3186 2003 3268 quod
2022 3205 2085 3252 nan
2106 3189 2179 3251 esset

193 3295 231 3340 aa
252 3274 370 3339 merito
392 3294 526 3338 suorum
555 3272 714 3339 saelorum
745 3294 866 3356 poenas
896 3272 985 3337 luere
1009 3272 1161 3338 ostendit.
1214 3276 1378 3342 iudicium.
1424 3276 1474 3339 16.
1505 3275 1599 3351 Vidit,
1621 3275 1758 3356 inquam,
1783 3273 1867 3355 guod
1886 3293 1949 3338 non
1968 3276 2047 3337 esset
2067 3272 2180 3336 uir:et

192 3360 332 3425 Frustra
355 3360 454 3424 etiem
477 3359 605 3442 litigare
627 3379 701 3424 oum
725 3357 797 3424 Deo
818 3369 851 3425 et
871 3379 1036 3442 opponere
1064 3378 1163 3441 opera
1214 3363 1391 3426 admiratus
1412 3365 1469 3436 est,
1498 3361 1580 3442 quod
1601 3379 1690 3424 nemo
1711 3360 1907 3425 intercederet
1918 3356 1954 3443 ³).
1997 3357 2111 3441 Itaque
2129 3376 2180 3423 aa·

192 3467 267 3524 sua,
301 3466 383 3529 qnae
414 3466 499 3510 vana
529 3465 662 3526 prorsus
694 3454 727 3508 et
756 3444 868 3509 inania
896 3452 998 3509 erant.
1048 3445 1163 3527 Itaque
1216 3449 1308 3513 Mein
1336 3447 1365 3510 ei
1392 3446 1498 3512 attulit
1526 3445 1689 3512 bruttium
1716 3444 1864 3530 suum⁰):
1895 3443 2076 3509 etiustitia
2101 3442 2180 3520 eius,

194 3530 321 3597 redusit
349 3533 437 3615 ipsos
460 3530 500 3595 ad
524 3551 636 3596 veram
666 3529 794 3596 sabbati
821 3529 1098 3612 observationem,
1130 3537 1165 3594 et
1214 3534 1287 3615 ipsu
1313 3531 1465 3598 stabilivit
1486 3551 1556 3597 eum
1565 3530 1602 3615 ⁷).
1647 3531 1697 3595 17.
1728 3528 2181 3607 dimissorisanima

194 3617 278 3681 bene
299 3617 469 3683 habituros
491 3617 693 3681 demonstrat
715 3617 744 3681 si
766 3637 846 3698 pure
864 3616 973 3682 Deum
994 3615 1163 3681 soluerint
1215 3620 1351 3695 loricam
1373 3622 1401 3682 et
1419 3616 1540 3700 paleam
1562 3617 1676 3682 astutis
1692 3617 1790 3697 sopiti
1806 3635 1871 3680 suo.
1902 3613 2022 3695 Induit,
2043 3613 2181 3695 inquam,

196 3701 340 3766 Tandem
374 3700 538 3768 sonsludit
569 3723 634 3766 non
667 3722 737 3767 esse
769 3703 849 3785 ipsis
885 3702 1053 3786 negotium
1089 3722 1163 3767 sum
1214 3705 1360 3769 ubionern
1388 3704 1483 3784 qnasi
1511 3707 1636 3780 emtam
1666 3707 1696 3767 et
1723 3700 1936 3786 indignatione
1964 3698 2098 3764 antem
2121 3697 2184 3781 fuit

196 3787 329 3851 homine
358 3787 502 3866 mortali,
534 3788 591 3861 sed
614 3788 720 3852 Deum
750 3807 820 3852 esse
849 3787 988 3852 iudioem
1017 3788 1072 3871 qui
1101 3787 1165 3852 ista
1216 3791 1280 3855 niae
1295 3788 1402 3869 pallii.
1441 3788 1490 3852 18.
1512 3789 1613 3869 Qsmsi
1628 3792 1758 3869 propter
1778 3786 2001 3859 retributiones,
2024 3785 2122 3866 guasi
2141 3783 2183 3849 ad

197 3873 397 3954 pronuntiat.
1216 3873 1405 3940 reddendam
1436 3874 1620 3952 vindictam,
1660 3872 1798 3938 mnibus
1828 3872 1899 3937 suis
1928 3869 2181 3953 indipnatsutsent

1216 3962 1312 4026 oieem
1340 3959 1481 4022 inimieis
1501 3960 1587 4039 suis,
1616 3957 1731 4024 insutis
1750 3958 1848 4023 sitan
1867 3955 1982 4023 reddet.
2026 3954 2080 4021 12.
2104 3953 2182 4021 Pru

1217 4047 1291 4111 inde
1311 4043 1460 4108 timebunt
1481 4043 1520 4108 ab
1541 4044 1689 4109 assidente
1709 4063 1818 4108 nomen
1839 4041 1979 4121 Iebosae,
2005 4045 2034 4106 et
2054 4039 2095 4106 ab
2114 4045 2182 4107 ortu

1217 4131 1296 4197 sotis
1317 4129 1452 4228 ptorium
1480 4129 1562 4192 eius:
1593 4131 1669 4228 guia
1689 4130 1789 4194 omer
1815 4128 1907 4209 gumi
1930 4127 2049 4225 merem
2075 4124 2183 4225 tons.

515 4262 844 4345 olannus.
1216 4210 2184 4380 inensem..²lnm.²l..smrta

1217 4386 1295 4450 disit
1313 4383 1437 4449 Iebooa.
1477 4385 1528 4449 21.
1551 4385 1595 4449 Et
1612 4406 1666 4467 epo
1686 4405 1757 4449 sum
1777 4384 1858 4464 ipsis
1879 4381 2065 4464 bastardus
2083 4402 2184 4447 mm

286 4469 314 4531 1.
344 4466 425 4532 Esse
445 4486 508 4530 non
529 4473 574 4530 est
602 4467 747 4533 mutilata
776 4487 891 4532 manus
914 4466 1059 4545 Ieiovae,
1090 4469 1167 4550 quin
1217 4468 1348 4555 (samio)
1370 4469 1444 4534 dioit
1465 4468 1588 4534 Iebooa.
1623 4469 1763 4552 Spiritus
1785 4488 1872 4534 meus
1892 4469 1949 4552 gui
1968 4486 2066 4548 super
2084 4472 2114 4534 te
2130 4472 2183 4549 ed,

196 4560 313 4621 servet:
351 4573 447 4634 neone
484 4558 658 4635 approvato
693 4553 785 4617 auris
817 4553 901 4631 eius,
936 4553 1014 4634 quin
1045 4554 1165 4619 audiat.
1217 4560 1246 4620 et
1265 4553 1357 4619 verba
1378 4573 1456 4629 mea,
1479 4575 1559 4636 puae
1573 4557 1671 4638 posui
1691 4556 1727 4619 in
1747 4573 1800 4619 ore
1820 4559 1883 4633 tuo,
1904 4573 1966 4619 non
1986 4552 2129 4620 murm
2145 4572 2184 4619 et

199 4642 229 4706 2.
265 4638 326 4704 Sed
354 4638 536 4720 iniquitates
564 4643 685 4702 vestrae
717 4637 887 4703 dissidium
919 4637 1055 4718 feserunt
1087 4639 1166 4702 inter
1217 4661 1269 4706 ore
1289 4646 1351 4718 tuo,
1379 4659 1474 4720 neque
1499 4661 1536 4703 ea
1563 4661 1614 4706 ore
1642 4641 1772 4706 seminis
1800 4640 1860 4717 tui,
1890 4657 1986 4721 nepte
2005 4658 2046 4704 su
2067 4658 2121 4705 ore
2139 4657 2184 4704 se·

198 4747 252 4792 uos
277 4731 305 4792 et
329 4724 431 4790 Deum
459 4727 610 4787 vestrum:
642 4727 670 4786 et
694 4727 821 4804 peecata
849 4727 954 4788 aesna
982 4729 1166 4802 operuerunt
1217 4726 1314 4790 minis
1334 4726 1464 4790 seminis
1484 4727 1539 4803 tui,
1560 4727 1637 4791 dicit
1654 4725 1776 4803 lebona,
1799 4724 1839 4789 ab
1860 4724 1915 4790 boe
1933 4728 2067 4806 ternpme
2087 4743 2184 4807 usgue

197 4813 312 4894 faeiem
344 4811 412 4874 eius
444 4829 464 4872 a
496 4808 598 4885 vobis,
630 4828 667 4871 ne
700 4808 819 4872 audiat.
869 4808 899 4872 3.
935 4807 1020 4872 Nam
1052 4829 1165 4874 manus
1215 4813 1249 4875 in
1272 4816 1438 4876 aeternum.

199 4902 317 4962 ambae
340 4894 480 4976 pobutae
508 4897 581 4957 sunt
608 4892 774 4974 sauguine,
807 4894 953 4976 etdipiti
981 4895 1075 4957 vestri
1103 4895 1165 4959 ini·
1217 4932 1259 4939 --
1272 4930 1415 4938 -—-—-

201 4983 331 5063 quitate:
362 4979 449 5044 tabia
469 4983 573 5043 vestra
596 4977 792 5058 protulerunt
819 4979 1027 5056 mendatium,
1057 4978 1166 5062 lingna
1303 4981 1325 5046 ¹)
1351 4988 1411 5044 aus,
1443 4980 1579 5033 vanitatis.
1622 4977 1702 5033 1551:
1730 4997 1806 5032 vans.
1859 4980 1883 5047 1)
1912 4978 1993 5034 1551:
2022 4979 2184 5048 iniquinate

200 5072 266 5130 vm
339 5067 386 5129 ,zm'
407 5066 533 5129 uitatem
570 5064 581 5127 g
619 5068 697 5127 uaga
729 5068 782 5128 333·
837 5065 865 5127 4·
905 5063 1004 5128 Nemo
1036 5068 1080 5128 δεῖ
1131 5067 1166 5129 m·
1217 5049 1240 5114 ³)
1260 5047 1319 5113 Vel,
1341 5049 1378 5100 ini
1400 5049 1499 5102 uitatis.
1543 5050 1566 5115 ⁴)
1584 5049 1645 5115 Vel,
1665 5048 1830 5127 respondent
1847 5050 1932 5102 nobis.
1976 5047 2076 5116 uvel,
2093 5064 2184 5101 ussur-

266 5088 305 5130 να
387 5086 406 5146 q
582 5084 618 5144 oq
1111 5084 1130 5144 q
1216 5123 1298 5168 reret.
1335 5116 1356 5184 8)
1378 5066 1435 5181 bol,
1458 5119 1573 5170 salutem
1590 5118 1631 5169 illi
1647 5116 1712 5168 lesit
1729 5115 1867 5170 braohinm
1884 5134 1970 5170 snum
2006 5114 2090 5171 1551:
2114 5118 2186 5169 saln-

200 5152 309 5215 nome
332 5171 395 5231 pro
416 5150 554 5227 tannia,
571 5168 672 5247 ‘nemo
699 5149 754 5229 oni
775 5148 999 5247 decempes
1020 5150 1166 5246 verine:
1216 5192 1272 5237 nm
1289 5185 1342 5237 sius
1359 5185 1423 5237 reon
1441 5185 1551 5238 uerene
1569 5201 1624 5238 suo.
1656 5184 1678 5253 7)
1697 5183 1773 5239 1551:
1793 5202 1842 5238 sus
1859 5185 1994 5239 russina
2010 5202 2049 5239 ιι.
2081 5184 2106 5252 ⁸)
2124 5185 2185 5248 uer

201 5236 357 5317 confidunt
382 5234 474 5300 rebus
502 5255 610 5300 uanus
642 5232 811 5315 loquuntur
838 5254 965 5314 inania,
992 5240 1167 5314 eonmpiunt
1189 5213 1193 5287 i
1217 5253 1322 5323 rugabit
1340 5270 1408 5306 enm.
