4784 5970
122 367 163 434 33
989 363 1140 435 CAPUT
1162 368 1257 434 XLI.
2077 375 2121 440 34

122 559 271 635 clament,
301 562 416 624 miram
447 558 724 642 perturbationem
753 560 842 642 sequi
866 576 996 624 necesse
1019 555 1092 622 erit.
1145 555 1225 641 geiis
1248 555 1440 622 submittere
1462 566 1578 640 potest,
1602 569 1638 624 ut
1660 560 1701 624 iis
1723 562 1882 626 rationem
1906 559 2037 626 reddat:
2060 561 2119 627 sed

121 644 212 710 Hinc
239 644 453 711 admonemur
473 667 531 711 noe
554 646 626 710 ideo
656 649 824 713 nonsatis
847 644 1024 710 honorifice
1055 641 1094 706 de
1145 662 1208 725 quo
1230 663 1359 706 omnem
1383 644 1628 709 excusationem
1650 646 1752 725 tollat,
1777 658 1932 712 testatum
1954 648 2031 713 facit
2053 649 2120 713 616·

122 729 185 796 Dei
209 734 362 814 potentia,
393 730 547 809 bonitate,
576 733 746 815 sapientia,
777 731 913 814 aliisque
935 732 1004 796 eius
1028 727 1093 791 vir·
1145 727 1262 792 toriam
1285 727 1345 792 sibi
1368 730 1489 793 666616
1509 750 1616 804 manu,
1641 733 1767 797 etiamsi
1791 742 1926 818 cogatur
1948 731 1989 797 ad
2013 732 2120 800 dicen·

123 818 246 882 tutibus
268 817 402 896 sentire,
431 817 516 898 quod
539 819 645 899 ipsum
676 818 861 900 loquentem
891 837 959 882 non
981 811 1093 878 audia-
1146 812 1222 877 dum
1253 833 1395 881 causam.
1442 815 1624 896 Propterea
1656 817 1799 882 alienum
1832 839 1903 884 esse
1932 840 1952 883 a
1982 820 2118 896 ratione,

122 923 205 969 mus.
250 900 454 985 Obstrepunt
487 902 634 968 homines
664 914 761 986 atque
788 903 1037 968 obmurmurant
1060 899 1093 962 in
1145 898 1230 982 quod
1253 899 1473 981 disceptamus
1496 903 1673 987 internos,
1699 925 1759 969 nee
1782 905 1810 967 ei
1833 905 1965 969 omnino
1989 906 2118 987 aequie-

122 987 240 1068 Deum,
269 988 324 1053 alii
348 988 435 1052 fastu
457 1009 515 1054 suo
538 1001 707 1072 turgentes
739 998 954 1055 contemnunt
982 996 1094 1068 aperte
1146 985 1283 1050 scimus:
1318 985 1464 1070 ingratos
1498 1007 1555 1051 nos
1586 1009 1624 1053 66
1652 1010 1824 1072 perversos
1854 1010 1938 1067 esse,
1972 991 2058 1073 quod
2088 991 2119 1056 ei

122 1076 191 1140 eius
215 1075 367 1140 verbum:
402 1073 458 1139 alii
481 1075 627 1140 socordia
660 1073 800 1157 quadam
837 1074 1027 1158 negligunt,
1061 1078 1095 1135 et
1146 1070 1346 1134 audientiam
1382 1092 1447 1134 non
1478 1070 1622 1158 facimus,
1657 1094 1717 1141 nec
1747 1096 1843 1158 quam
1874 1076 2001 1141 166666
2025 1076 2119 1142 66616

122 1161 241 1243 sepulti
259 1161 293 1225 in
313 1159 452 1224 terrenis
471 1157 591 1233 delitiis
609 1160 650 1224 ad
668 1180 808 1243 regnum
830 1160 968 1226 coeleste
990 1170 1094 1222 atten-
1146 1156 1288 1238 postulet
1321 1158 1511 1240 cogitemus.
1566 1159 1609 1222 Et
1642 1177 1729 1226 uerte
1762 1182 1864 1244 quum
1897 1161 1980 1226 nibil
2015 1162 2119 1246 magis

123 1248 199 1312 6666
221 1258 412 1331 gravantur.
452 1245 560 1326 Hodie
583 1267 660 1310 vero
682 1247 867 1328 experimur
890 1253 1014 1329 quanta
1037 1263 1094 1306 au·
1145 1256 1391 1324 praeposterum
1414 1243 1458 1307 sit
1476 1265 1572 1327 quam
1588 1244 1696 1311 Deum
1720 1246 1854 1311 iudicari
1877 1269 1896 1312 6
1917 1248 2118 1323 mortalibus,

124 1331 215 1398 dacia
236 1342 270 1397 et
291 1332 456 1414 protervia
486 1330 632 1413 plerique
660 1330 879 1414 obloquantur
901 1332 984 1395 Deo.
1028 1327 1093 1408 Qui
1147 1327 1208 1393 hoc
1243 1339 1352 1391 tamen
1386 1330 1491 1412 magis
1523 1330 1713 1398 detestabile
1747 1331 1929 1417 prodigium
1963 1342 2029 1413 est,
2064 1333 2119 1398 ubi

123 1417 162 1481 fit
183 1431 219 1483 ut
240 1420 387 1500 papistae
412 1416 492 1480 adeo
524 1417 703 1499 pertinaces
726 1430 760 1481 et
782 1417 937 1481 obstinati
970 1417 1037 1480 sint
1059 1414 1093 1476 in
1146 1434 1241 1478 66666
1275 1424 1384 1478 666666
1417 1413 1549 1480 fremitu
1585 1430 1660 1482 ante
1692 1438 1826 1483 eausam
1860 1419 2005 1483 auditam
2043 1439 2118 1483 eum

124 1504 192 1568 suis
227 1503 404 1578 erroribus,
440 1502 503 1567 nisi
536 1501 621 1585 quod
655 1501 855 1567 audientiam
885 1501 956 1566 Deo
989 1502 1094 1566 facere
1147 1499 1348 1564 damnamus.

124 1588 261 1655 nolunt?
285 1607 361 1653 nam
379 1588 406 1650 si
425 1586 593 1653 audiretur
610 1609 684 1652 cum
703 1588 840 1672 silentio,
863 1588 983 1653 veritas
1001 1584 1095 1651 166116
1232 1584 1261 1648 2.
1284 1583 1380 1669 (Quis
1400 1586 1567 1676 6661661616.)
1606 1591 1696 1656 Η166
1718 1590 1796 1654 66616
1818 1599 1945 1654 6666666
1966 1593 2117 1674 quisnam

124 1677 276 1740 vinceret.
310 1672 350 1737 In
369 1694 507 1749 summa,
531 1673 693 1738 Dominus
716 1674 770 1739 hic
792 1696 827 1739 se
849 1675 1004 1739 victorem
1027 1673 1094 1736 fore
1146 1671 1188 1733 sit
1221 1669 1396 1751 prophetae
1429 1690 1554 1756 scopus.
1609 1675 1692 1739 Vult
1724 1676 1809 1739 enim
1843 1677 1953 1740 testari
1987 1675 2119 1742 Indaeis

124 1759 275 1839 ostendit,
308 1759 335 1825 si
365 1770 488 1822 attente
521 1759 560 1822 ab
592 1759 780 1825 hominibus
812 1759 973 1824 audiatur.
1019 1757 1093 1822 Non
1147 1756 1234 1836 ipsos
1264 1768 1358 1820 extra
1380 1761 1508 1823 errandi
1532 1761 1599 1824 fore
1623 1760 1815 1844 periculum,
1843 1761 1870 1825 si
1895 1762 1990 1838 viam,
2021 1783 2120 1845 quam

125 1847 197 1911 vult
217 1830 327 1910 666666
351 1843 552 1909 defunctorie
575 1844 698 1909 audiri:
733 1846 818 1927 quod
840 1845 947 1928 iniqui
969 1853 1001 1910 et
1024 1863 1093 1908 ecr—
1146 1842 1193 1904 eis
1222 1854 1472 1924 praemonstrat,
1503 1848 1592 1928 sequi
1624 1847 1735 1912 velint.
1786 1846 2004 1929 Atquehaec
2034 1848 2119 1911 ratio

124 1933 210 2017 rupti
234 1931 368 2010 iudices,
389 1943 546 2012 concepta
567 1930 632 1993 iam
653 1932 760 1996 animo
783 1931 957 2008 sententia,
988 1931 1094 1994 facere
1147 1938 1204 2000 est,
1234 1947 1292 1990 our
1322 1929 1521 1994 mentionem
1544 1931 1695 1997 Abrahae
1724 1932 1828 1997 faeiat.
1874 1931 2009 1996 Poterat
2031 1933 2119 1996 enim

124 2018 244 2084 solent:
275 2017 332 2082 sed
356 2015 521 2081 observari
544 2016 685 2080 rationes
707 2038 783 2082 6666
805 2039 842 2082 66
866 2015 1032 2099 perpendi,
1060 2015 1094 2078 in
1147 2012 1211 2076 alia
1246 2011 1309 2075 Dei
1341 2034 1439 2094 opera
1472 2038 1655 2081 recensere:
1695 2020 1751 2083 sed
1783 2018 1969 2099 exemplum
2003 2039 2120 2083 causae

125 2105 241 2188 quibus
275 2100 357 2167 nihil
388 2101 451 2165 nisi
478 2102 708 2183 aequissimum
739 2105 926 2184 reperietur.
972 2100 1094 2181 Quaeri
1147 2118 1224 2162 suae
1253 2099 1531 2165 accommodatum
1560 2105 1666 2186 elegit.
1710 2104 1795 2167 Nam
1824 2124 1924 2186 quum
1950 2125 1991 2167 ex
2015 2104 2120 2168 Abra-

125 2201 241 2271 potest,
264 2207 306 2250 an
330 2185 487 2270 propheta
510 2187 563 2252 hic
586 2186 735 2251 hortetur
757 2195 872 2271 gentes
894 2187 934 2251 ad
958 2187 1094 2251 audien·
1147 2182 1242 2247 hamo
1261 2184 1424 2267 progeniti
1441 2194 1559 2270 essent,
1579 2210 1674 2270 quem
1688 2191 1777 2254 Deus
1795 2211 1854 2271 per
1872 2186 2121 2254 totdiserimina

125 2274 229 2338 dnm?
274 2271 484 2354 Respondeo,
525 2271 604 2337 baec
640 2275 843 2354 potissimum
882 2273 921 2336 66
956 2273 1095 2337 1666666
1149 2267 1307 2332 eduxerat
1328 2269 1538 2349 eOhaldaea,
1560 2295 1692 2355 sperare
1714 2296 1839 2357 666666
1863 2273 2024 2338 debebant
2045 2295 2120 2339 eum

124 2372 285 2444 spectare:
309 2379 385 2421 nam
408 2379 480 2422 6666
502 2359 541 2421 66
566 2371 681 2441 gentes
704 2370 900 2440 perventura
923 2368 994 2423 erat
1016 2358 1096 2422 haec
1149 2376 1212 2419 non
1233 2355 1342 2420 minus
1360 2357 1420 2422 sibi
1438 2358 1517 2440 ipsis
1536 2360 1729 2424 affuturum:
1750 2362 1877 2443 quando
1896 2381 2000 2442 neque
2015 2361 2120 2424 virtus

125 2445 312 2529 prophetia:
346 2443 401 2509 sed
425 2465 462 2508 eo
486 2443 558 2524 plus
589 2445 751 2509 efficaciae
782 2446 879 2511 habet
908 2445 972 2511 ista
994 2445 1096 2508 oratio
1148 2443 1218 2505 eius
1258 2440 1432 2505 imminuta
1464 2456 1551 2523 erat,
1593 2467 1652 2512 nec
1687 2446 1917 2511 benefaciendo
1951 2447 2119 2529 fatigetur.

126 2532 164 2596 66
188 2529 415 2597 emolliendam
437 2529 632 2594 Iudaeorum
656 2529 818 2610 duritiem,
849 2553 947 2613 quum
971 2542 1095 2614 gentes,
1149 2525 1312 2606 Quoniam
1353 2530 1490 2609 captivis
1528 2543 1560 2595 et
1594 2532 1779 2612 exsulibus,
1819 2553 1920 2614 quum
1955 2531 2066 2614 procul
2102 2553 2121 2595 6

126 2618 274 2699 quamvis
292 2616 417 2679 alienae
435 2630 551 2692 essent,
574 2615 668 2680 facile
688 2617 789 2697 ipsius
808 2619 986 2698 potentiam
1006 2616 1096 2697 agni·
1147 2610 1256 2694 patria
1274 2611 1442 2692 distarent,
1464 2615 1601 2681 reditum
1621 2639 1753 2700 sperare
1771 2618 1901 2682 difficile
1923 2621 2001 2692 erat,
2020 2616 2120 2681 simili

125 2714 216 2768 tures
238 2701 393 2774 ostendit,
424 2702 570 2764 simodo
601 2704 708 2783 ipsum
740 2702 870 2766 silentio
893 2701 1006 2767 audire
1029 2701 1095 2765 vel·
1149 2696 1300 2779 exemplo
1334 2697 1374 2761 ad
1409 2700 1490 2764 bene
1522 2704 1721 2785 sperandum
1755 2704 1921 2780 hortatur,
1956 2724 2055 2783 quum
2085 2703 2120 2764 in

126 2790 204 2853 lent.
248 2787 329 2852 Plus
352 2799 459 2849 autem
490 2785 639 2866 ponderis
662 2796 695 2849 et
718 2787 946 2852 vehementiae
976 2787 1097 2852 habent
1150 2782 1315 2848 Chaldaea
1338 2784 1516 2867 vicinisque
1539 2788 1726 2869 regionibus
1747 2787 1885 2869 dispersi
1908 2799 2026 2865 essent,
2052 2808 2120 2851 me·

128 2876 208 2939 haec
230 2873 343 2954 verba,
373 2872 489 2952 quibus
511 2881 599 2936 recta
622 2872 710 2952 ipsas
732 2873 917 2954 compellat,
949 2873 1097 2955 quamsi
1150 2869 1240 2933 dium
1275 2869 1337 2932 iter
1370 2883 1502 2952 propter
1535 2873 1637 2936 multa
1669 2873 1835 2938 obstacula
1866 2874 2026 2956 putabant
2058 2872 2121 2937 sibi

128 2958 167 3023 66
190 2960 230 3024 116
253 2961 287 3022 16
311 2959 407 3020 666616
430 2975 569 3038 6666666
592 2956 745 3040 loquutus
768 2970 862 3022 esset.
1150 2955 1297 3018 clausum
1332 2975 1412 3019 esse.
1463 2958 1565 3039 Atqui
1596 2981 1638 3023 666
1667 2961 1779 3023 eodem
1809 2959 1878 3024 1666
1907 2961 1942 3022 16
1965 2958 2121 3023 Iudaeam

212 3042 385 3129 (0611166666
416 3041 529 3123 popvli
565 3042 671 3127 eires.)
732 3043 893 3110 Provocat
932 3044 1098 3109 Dominus
1150 3040 1325 3104 transierat
1354 3041 1519 3107 Abraham
1550 3045 1695 3127 ipsorum
1718 3057 1818 3128 pater.
1864 3049 1917 3109 An
1940 3045 1994 3126 qui
2018 3044 2122 3107 homi·

127 3151 239 3197 omnes
266 3142 381 3213 gentes
403 3129 437 3191 in
460 3140 633 3204 certamen,
663 3128 762 3211 idque
784 3150 841 3212 per
863 3140 1097 3212 contemptum,
1151 3145 1225 3188 nem
1250 3147 1350 3189 unum
1373 3127 1512 3209 inopem,
1535 3130 1713 3194 solitarium
1738 3142 1930 3213 compatre,
1952 3141 2068 3213 nepote
2089 3139 2123 3195 et

129 3232 164 3282 ut
187 3215 385 3300 potentiores
415 3211 536 3286 solent,
567 3215 677 3298 etqui
700 3236 817 3280 causae
848 3216 994 3280 bonitate
1023 3216 1099 3281 freti
1151 3232 1264 3290 uxore,
1286 3211 1413 3276 salvum
1435 3234 1494 3296 per
1516 3225 1564 3279 tot
1586 3214 1773 3280 discrimina
1795 3225 1829 3280 66
1850 3214 2042 3282 ineolumem
2066 3213 2121 3279 de·

129 3303 263 3366 minime
285 3300 324 3364 de
347 3307 468 3363 eventu
490 3295 669 3383 ambigunt.
703 3299 857 3366 061166616
879 3302 1004 3368 6161666
1026 3323 1099 3366 eon·
1152 3297 1300 3371 duxerat,
1331 3318 1395 3361 non
1425 3310 1534 3380 posset
1561 3300 1626 3365 dux
1656 3302 1781 3366 itineris
1804 3321 1876 3367 esse
1898 3301 2016 3383 populo
2037 3299 2121 3366 suo?

128 3389 254 3471 spirent
275 3387 360 3450 inter
382 3406 425 3462 se,
460 3383 543 3448 nihil
566 3386 724 3450 efficient:
760 3386 816 3450 sed
842 3388 945 3453 victor
966 3386 1098 3452 tandem
1152 3382 1264 3463 Quum
1293 3404 1370 3466 ergo
1399 3382 1490 3450 Deus
1520 3386 1689 3452 Abrabam
1716 3408 1734 3452 6
1764 3389 1871 3470 666616
1891 3407 2031 3451 6666666
2054 3406 2123 3450 mo·

129 3477 197 3556 ipse
216 3471 362 3537 evadam.
386 3469 433 3535 Ut
449 3470 548 3553 vulgo
566 3471 705 3536 solemus
725 3471 838 3544 dicere,
859 3473 897 3537 Ie
914 3474 958 3538 les
975 3474 1098 3555 despite.
1152 3468 1255 3532 lestiis
1278 3469 1427 3534 omnibus
1446 3470 1625 3555 liberasset,
1649 3471 1861 3538 domesticum
1881 3472 1941 3536 hoc
1958 3473 2122 3552 specimen

129 3559 267 3624 Etiamsi
290 3577 402 3621 omnes
426 3557 544 3620 mentis
564 3570 595 3619 et
613 3558 755 3638 66666616
778 3578 896 3622 666666
919 3560 1099 3634 intendant,
1153 3553 1257 3636 magis
1279 3554 1408 3618 afficere
1431 3556 1543 3622 debuit
1565 3558 1635 3623 eius
1657 3559 1751 3632 filios,
1786 3569 1823 3622 ut
1846 3557 1948 3639 patris
1972 3556 2125 3621 Abrahae

130 3657 239 3709 tamen
274 3644 457 3719 vincentur,
493 3652 620 3705 tantum
653 3644 798 3723 postulo,
832 3655 870 3707 ut
901 3642 1098 3708 audientiam
1153 3640 1261 3703 exitus
1283 3639 1484 3705 eOhaldaea
1506 3643 1634 3707 futurae
1653 3643 1884 3727 redemptionis
1902 3645 2022 3726 pignus
2040 3653 2126 3707 esset

130 3731 212 3795 mihi
240 3728 426 3813 praebeant.
472 3726 1101 3810 111666661661661666666666666666
1154 3725 1204 3788 661
1236 3725 1412 3804 speculum.
1459 3726 1554 3807 Quod
1584 3727 1808 3793 Abrahnmum
1838 3729 1993 3794 6666161666
2018 3741 2126 3806 66666,

130 3818 197 3879 vim
223 3814 370 3878 veritatis
400 3822 436 3876 ut
458 3812 551 3878 facile
574 3812 751 3880 mendaciis
782 3816 932 3880 omnibus
961 3816 1101 3890 resistat,
1154 3812 1214 3875 boe
1247 3809 1425 3875 extollendi
1459 3812 1602 3878 hominis
1635 3833 1731 3879 66666
1763 3836 1828 3879 666
1864 3815 1959 3895 16616,
1998 3814 2054 3878 666
2088 3831 2127 3880 66

131 3900 226 3966 modo
272 3900 420 3963 homines
464 3898 503 3962 ad
544 3919 614 3962 eam
658 3911 802 3964 attentos
842 3920 877 3965 se
916 3901 1099 3983 praebeant.
1153 3894 1304 3960 ostendat
1342 3915 1517 3978 personam
1557 3898 1712 3965 divinitus
1745 3899 1845 3965 161666
1876 3902 1904 3964 61
1939 3900 2126 3983 impositam

131 3984 293 4066 Quamvis
315 3983 560 4067 ergo'universi
585 3984 733 4049 homines
756 3988 931 4070 insurgant
953 3985 993 4050 ad
1018 3987 1100 4050 veri·
1138 4003 1234 4065 ,6666
1264 3980 1305 4044 66
1336 3992 1438 4046 totum
1468 3985 1620 4050 ecclesiae
1651 3993 1774 4051 statum
1797 3986 1968 4068 pertineat.
2013 3986 2127 4069 Neque

132 4081 232 4135 tatem
255 4068 512 4152 opprimendam,
534 4071 605 4151 ipsa
623 4083 731 4135 tamen
750 4071 959 4153 praevalebit.
990 4071 1101 4154 Atque
1153 4068 1239 4131 enim
1271 4066 1341 4132 eius
1371 4069 1497 4134 vocatio
1520 4081 1674 4152 tanquam
1698 4072 1820 4154 privati
1842 4073 2023 4154 cuiuspiam
2047 4073 2125 4138 fuit:

133 4157 179 4220 ita
206 4157 235 4221 si
265 4155 456 4220 abducimur
486 4155 602 4220 aDeo
632 4157 760 4238 culpam
794 4157 828 4221 in
860 4159 939 4221 alios
969 4158 1101 4223 66116666
1154 4152 1209 4217 666
1250 4152 1483 4217 documentum
1523 4168 1673 4221 aeternae
1707 4158 1770 4221 Dei
1809 4159 1953 4223 iustitiae
1993 4159 2027 4222 in
2067 4158 2127 4225 1116

133 4262 199 4306 666
219 4240 342 4308 licebit:
365 4241 421 4306 sed
441 4240 547 4321 potins
566 4243 739 4307 conveniet
757 4242 921 4322 nosipsos
940 4264 1100 4319 accusare,
1153 4238 1275 4302 editum
1299 4239 1361 4319 piis
1383 4241 1534 4305 omnibus
1556 4263 1725 4307 commune
1750 4253 1809 4322 est,
1832 4245 1922 4324 quasi
1946 4243 2068 4309 diceret
2091 4246 2126 4310 in

132 4326 219 4409 6666
242 4329 322 4392 66616
349 4327 465 4391 attenti
487 4347 525 4391 ac
548 4326 721 4408 diligentes
751 4349 815 4393 non
838 4329 969 4411 fuimus,
1000 4349 1102 4411 quum
1153 4324 1224 4388 eius
1254 4343 1393 4405 persona
1421 4327 1521 4391 semel
1551 4327 1719 4392 liberatam
1750 4328 1849 4393 161666
1880 4329 2058 4408 eeclesiam,
2088 4342 2127 4395 666

135 4433 193 4477 666
221 4413 290 4496 1666
320 4412 550 4495 alloqueretur.
593 4413 662 4478 Nec
690 4415 775 4477 enim
805 4413 892 4496 apud
922 4434 980 4479 nos
1010 4435 1101 4478 men·
1153 4407 1332 4475 confideret
1353 4410 1489 4475 eandem
1512 4412 1625 4478 salutis
1647 4433 1726 4477 snae
1748 4426 1780 4477 et
1802 4415 1946 4479 iustitiae
1966 4415 2028 4479 Dei
2051 4436 2125 4496 per·

134 4496 225 4564 dacia
258 4499 500 4579 praevalerent,
534 4519 640 4581 neque
672 4498 722 4562 vel
758 4499 823 4563 ullo
855 4497 997 4565 Satanae
1030 4512 1102 4564 astu
1154 4496 1345 4578 petuitatem
1369 4495 1446 4562 fore.
1480 4498 1524 4561 Et
1547 4519 1624 4562 sane
1643 4499 1677 4562 in
1695 4520 1759 4563 uno
1775 4499 1907 4564 homine
1923 4501 2125 4566 vocationem

135 4582 258 4665 decepti
288 4583 339 4647 661
369 4583 443 4648 61116
479 4583 638 4648 machinis
669 4585 774 4649 eversi
805 4586 1041 4667 abriperemur,
1075 4584 1103 4648 61
1155 4582 1290 4663 piorum,
1314 4592 1347 4645 et
1362 4580 1499 4646 formam
1516 4585 1678 4666 quandam
1694 4584 1857 4659 eeclesiae,
1879 4593 1977 4668 atque
1995 4588 2125 4652 initium

134 4668 234 4750 probe
274 4689 419 4733 essemus
458 4668 498 4733 ad
534 4669 644 4734 Deum
684 4669 882 4734 audiendum
922 4671 1102 4752 compositi.
1154 4673 1188 4730 et
1209 4667 1309 4730 finem
1331 4665 1445 4731 salutis
1471 4682 1599 4734 nostrae
1626 4670 1801 4735 intuemur.
1848 4672 1997 4753 Denique
2020 4672 2125 4736 Abra·

135 4752 230 4834 Quod
260 4765 367 4818 autem
398 4774 568 4835 personam
593 4757 638 4819 rei
662 4756 804 4838 suscipit,
835 4768 872 4819 nt
895 4756 935 4820 ad
959 4756 1101 4820 tribunal
1155 4753 1229 4816 16666
1261 4751 1350 4816 66166
1379 4752 1507 4818 6161666
1537 4755 1697 4835 166616166,
1731 4766 1889 4839 66666666
1924 4758 1957 4819 16
1987 4761 2125 4822 66666616

134 4860 265 4904 causam
288 4851 420 4904 6666666
442 4853 637 4922 compareat,
671 4841 782 4922 quaeri
813 4853 920 4924 666666
943 4844 1013 4924 6616
1035 4850 1103 4905 tam
1155 4838 1285 4919 relucet,
1304 4840 1472 4918 speculum
1492 4853 1554 4905 est:
1578 4852 1675 4924 atque
1690 4841 1751 4908 1666
1768 4864 1885 4907 nomen
1900 4843 1979 4926 πρὸς
1995 4842 2125 4928 αὔξησιν

134 4925 255 4989 666666
278 4939 309 4989 66
332 4923 473 4990 6111161116
502 4946 618 4990 666666
647 4925 748 4990 iudex
778 4925 909 4992 idoneus
936 4928 1023 4991 inter
1045 4926 1104 4990 ho·
1155 4924 1251 4987 valet.
1296 4923 1376 4988 Fuit
1406 4927 1493 4989 enim
1524 4928 1724 5008 praeclarum
1747 4928 1811 4993 Dei
1843 4949 1932 5010 6666,
1966 4929 2126 4994 iustitiam

135 5011 240 5075 mines
263 5012 394 5075 futurus
417 5010 482 5075 eit?
516 5011 719 5093 Respondeo,
756 5011 1032 5096 hicnonagide
1055 5013 1103 5075 16·
1155 5011 1194 5074 66
1234 5009 1376 5085 6616666,
1425 5009 1477 5074 661
1518 5014 1626 5076 omnia
1665 5026 1820 5096 corrupta
1860 5028 1892 5075 et
1931 5013 2125 5080 foedissimis

136 5095 259 5162 6161666
292 5095 489 5178 deligendis:
523 5108 648 5161 tantum
683 5097 846 5181 significat
873 5097 1036 5163 Dominus
1069 5116 1104 5161 se
1155 5094 1440 5175 superstitionibus
1479 5109 1693 5179 conspurcata
1734 5107 1844 5173 erant,
1886 5100 2030 5165 excitari.
2087 5101 2127 5167 Si

135 5182 291 5248 victorem
316 5183 393 5260 fore,
416 5182 572 5246 siceram
595 5183 705 5265 aequis
727 5181 885 5247 iudicibus
908 5184 988 5248 haec
1006 5203 1105 5248 66666
1156 5181 1259 5264 igitur
1289 5180 1354 5244 tale
1383 5181 1614 5248 documentum
1646 5184 1798 5250 bonitatis
1820 5198 1853 5246 et
1876 5187 2039 5266 potentiae
2062 5187 2126 5252 Dei

135 5267 307 5333 tractanda
328 5268 381 5332 sit.
425 5267 494 5331 Nec
516 5270 603 5331 enim
626 5290 660 5333 se
683 5278 741 5333 ant
764 5268 948 5333 hominibus
971 5281 1028 5334 aut
1050 5288 1105 5332 666-
1157 5266 1256 5332 semel
1269 5267 1391 5330 editum
1403 5267 1475 5347 1616,
1487 5288 1544 5333 666
1556 5291 1620 5334 666
1632 5270 1665 5333 16
1679 5284 1844 5352 posterum
1857 5270 1942 5334 idem
1955 5285 2010 5337 aut
2022 5273 2127 5339 simile

243 5353 355 5424 66666
369 5385 463 5439 opera
493 5369 552 5424 vor.
572 5369 732 5426 mvn.
1906 5375 1924 5428 e
