4784 5970
188 370 230 434 tt
1064 366 1114 431 IN
1136 365 1180 434 IS
1189 365 1308 432 AIAM
2152 367 2195 432 48

189 558 267 621 dum
290 556 399 639 inopia
421 558 535 640 premi,
557 565 594 621 ut
617 555 668 620 his
692 554 792 619 veluti
814 552 935 619 aculeis
958 554 1099 636 pellatur
1121 554 1161 618 ad
1216 555 1363 623 ordinem
1384 576 1455 622 esse
1476 555 1607 622 seimus.
1641 556 1810 637 Quorsum
1829 577 1904 622 vero
1922 556 2002 622 haee
2020 558 2196 640 promittat

189 640 298 708 Deum
321 643 558 709 invocandum:
593 643 669 724 quia
691 639 732 704 ad
754 639 925 723 segnitiem
946 639 1052 704 delabi
1082 640 1162 705 sole·
1216 642 1295 706 satis
1325 653 1472 725 apertum
1503 654 1565 707 est:
1601 664 1643 707 ne
1675 641 1797 707 seilicet
1829 654 1982 726 putarent
2009 642 2123 707 ludaei
2157 664 2195 707 se

190 748 279 804 mus,
312 749 413 810 quum
436 749 488 793 res
520 729 628 792 fluunt
661 748 699 790 ex
735 724 837 789 animi
870 726 1039 790 sententia.
1084 724 1163 790 Ideo
1216 726 1344 792 excludi
1377 749 1397 792 a
1428 727 1534 792 reditu
1567 729 1600 792 io
1634 726 1791 793 Iudaeam
1828 749 1947 812 magna
1978 728 2033 792 illa
2067 727 2193 793 deserti

189 813 281 878 sitire
304 834 362 879 nos
386 835 423 879 ac
446 815 570 878 esurire
592 811 673 877 utile
696 821 760 890 est,
789 821 825 874 nt
847 810 1010 876 diseamus
1031 810 1074 877 ad
1094 811 1163 874 Do·
1217 814 1378 891 vastitate,
1410 813 1462 877 ubi
1486 813 1627 878 viatores
1656 823 1823 878 torrentur
1851 815 1928 879 solis
1956 826 2049 878 aestu
2083 813 2193 878 omni·

190 900 315 963 minum
340 910 406 963 toto
430 902 540 964 animo
569 898 754 981 confugere.
800 895 950 979 Denique
979 918 1035 961 nos
1065 918 1163 961 sensu
1217 898 1339 981 busque
1372 899 1468 963 rebus
1508 899 1698 964 necessariis
1731 900 1964 964 destituuntur.
2021 900 2194 964 Promittit

189 985 318 1067 inopiae
340 994 471 1049 nostrae
494 984 579 1049 affici
604 1004 641 1048 ac
664 983 766 1065 premi
786 1002 916 1047 neeesse
934 993 993 1059 ost,
1015 996 1051 1046 ut
1069 981 1162 1046 auxi·
1216 1004 1293 1066 ergo
1325 982 1489 1048 Dominus
1522 1007 1557 1049 se
1588 1005 1703 1066 aquam
1734 983 1861 1050 abunde
1893 983 2194 1069 suppeditaturum,

189 1070 270 1134 lium
295 1069 433 1134 Domini
448 1073 638 1135 sentiamus.
683 1069 751 1133 Nec
774 1088 852 1131 vero
874 1068 1007 1133 dubium
1030 1080 1080 1133 est
1102 1069 1163 1132 hao
1215 1079 1249 1133 ot
1277 1069 1342 1133 alia
1372 1089 1453 1152 quae
1482 1069 1523 1133 ad
1556 1071 1620 1134 iter
1650 1069 1834 1135 faciendum
1867 1071 2049 1135 necessaria
2080 1084 2192 1135 erunt.

190 1156 436 1221 circumstantia
466 1158 585 1238 partim
617 1152 876 1236 magnitudinem
909 1154 1033 1238 gratiae
1065 1154 1163 1219 fuisse
1215 1154 1306 1219 Haeo
1328 1165 1438 1219 autem
1462 1155 1598 1237 impleta
1619 1167 1706 1230 sunt,
1730 1176 1828 1237 quum
1849 1156 2010 1221 Dominus
2034 1156 2192 1239 populum

191 1241 388 1306 illustratam
423 1263 442 1304 a
476 1241 652 1323 propheta,
695 1241 811 1320 partim
845 1259 924 1303 vero
960 1239 1162 1303 admonitum
1216 1262 1310 1305 suum
1334 1240 1488 1305 eduxite
1512 1240 1698 1325 Babylone:
1729 1240 1787 1305 sed
1810 1242 1913 1306 multo
1935 1242 2062 1324 plenius
2085 1263 2193 1324 quum

191 1327 289 1391 fuisse
318 1327 470 1410 populum
503 1349 544 1392 ne
571 1325 724 1410 egestatis
754 1344 831 1388 snae
861 1325 974 1388 taedio·
1001 1324 1162 1389 deficeret.
1216 1327 1407 1390 universum
1440 1327 1552 1390 orbem
1593 1327 1633 1391 ad
1667 1349 1702 1392 se
1736 1328 1895 1392 convertit
1927 1348 1985 1409 por
2018 1327 2193 1393 Christum

191 1413 236 1477 Et
259 1412 402 1476 notanda
424 1421 501 1476 sunt
531 1413 665 1477 nomina
694 1410 810 1492 quibus
841 1411 893 1475 hic
922 1411 1078 1493 populum
1101 1408 1163 1474 Dei
1216 1410 1470 1494 redemptorem,
1505 1434 1524 1475 a
1556 1432 1621 1493 quo
1662 1410 1962 1478 abundantissimae
1995 1433 2098 1496 aquae
2134 1433 2194 1493 per

191 1506 295 1562 vocat.
340 1497 493 1562 Affliotos
515 1499 601 1561 enim
625 1507 656 1560 et
679 1516 837 1577 pauperes
865 1495 1000 1562 diceudo
1028 1517 1094 1560 nou
1124 1494 1164 1558 de
1217 1508 1319 1561 totum
1342 1498 1452 1563 orbem
1475 1497 1515 1560 ad
1538 1498 1625 1562 sitim
1649 1499 1842 1562 miserorum
1872 1498 2039 1563 hominum
2071 1499 2192 1563 reatin·

191 1582 309 1648 alienis
332 1583 483 1665 loquitor,
507 1583 562 1647 sed
586 1583 626 1646 de
647 1583 687 1646 iis
710 1601 790 1663 qnos
806 1581 969 1646 Dominus
987 1594 1163 1663 cooptarat,
1216 1580 1379 1664 guendam
1403 1583 1526 1647 effusae
1554 1594 1642 1648 sunt.
1687 1585 1779 1649 'luno
1807 1584 1893 1648 enim
1925 1584 2082 1648 eiusmodi
2113 1603 2193 1650 oon·

191 1690 229 1734 ac
252 1667 354 1732 veluti
378 1668 540 1750 peculium
563 1668 625 1732 sibi
647 1666 828 1749 delegerat:
859 1666 977 1749 quibus
999 1676 1164 1731 extremas
1216 1669 1321 1733 versio
1349 1668 1477 1743 accidit,
1506 1668 1612 1751 qualis
1635 1689 1803 1751 nunquam
1825 1670 1990 1735 mentibus
2019 1668 2193 1734 hominum

191 1773 339 1836 quasque
362 1755 530 1836 angustias
551 1755 713 1836 patienter
731 1750 881 1816 ferendas
896 1774 966 1817 esse
982 1752 1162 1816 denuntiat.
1216 1754 1341 1835 concipi
1364 1755 1530 1837 potuisset.

191 1838 287 1905 Unde
309 1840 429 1904 mirum
452 1837 556 1903 videri
580 1860 643 1902 non
667 1838 763 1901 dehet
792 1838 819 1902 si
847 1839 931 1903 lame
958 1851 992 1901 et
1020 1838 1075 1902 siti
1105 1858 1164 1901 uos
1302 1839 1354 1903 20.
1386 1837 1513 1924 (Itaque
1544 1838 1689 1923 videant.)
1744 1839 1854 1919 Quum
1889 1839 1949 1904 sibi
1989 1863 2030 1905 ex
2064 1840 2195 1906 cunctis

192 1945 294 2008 prope
317 1928 481 1989 tabescere
504 1925 668 1989 interdum
685 1925 770 1987 sinat
786 1923 886 1998 Deus,
910 1923 1039 2005 quando
1055 1933 1164 2005 patres
1217 1926 1369 2007 operibus
1387 1925 1455 1988 suis
1476 1925 1694 1989 reverentiam
1715 1927 1804 1989 Deus
1822 1926 1979 2004 conciliet,
2002 1926 2059 1989 ubi
2081 1937 2195 1989 tamen

192 2031 257 2076 uon
292 2011 401 2074 minus
435 2010 560 2074 duriter
592 2009 746 2074 exercuit.
801 2007 910 2088 Quum
953 2008 1031 2074 dicit
1063 2029 1164 2091 aquas
1196 2010 1256 2074 ·de
1275 2010 1758 2093 restituendaeeclesiaagitur,
1779 2009 1978 2076 admirabilis
1997 2013 2196 2076 eiusvirtus

193 2116 352 2179 nusquam
375 2115 551 2172 occurrere,
576 2094 737 2160 diseamus
758 2094 947 2169 Dominum,
979 2101 1016 2158 ut
1039 2093 1165 2175 patien·
1217 2116 1288 2160 sese
1311 2097 1440 2176 profert,
1462 2116 1545 2178 quae
1568 2116 1680 2159 omnes
1699 2113 1791 2178 cogat
1809 2097 1842 2160 in
1862 2096 2112 2161 admirationem
2132 2097 2194 2161 sui.

192 2184 273 2247 tiam
297 2193 440 2245 nostram
464 2192 497 2245 et
518 2180 616 2244 fidem
640 2178 761 2262 probet,
785 2181 895 2243 omnia
914 2180 1006 2244 nobis
1021 2177 1166 2244 subsidia
1219 2182 1262 2245 lat
1284 2182 1369 2245 sieut
1399 2181 1474 2245 alibi
1497 2180 1650 2258 vidimus,
1681 2201 1717 2245 ae
1748 2181 1866 2246 deinde
1895 2185 2026 2264 saepius
2055 2191 2196 2263 repetet,

193 2268 345 2343 adimere,
369 2278 406 2330 ut
428 2267 461 2330 in
485 2267 554 2348 ipso
576 2267 643 2331 solo
666 2265 900 2329 recumbamus.
946 2263 1057 2344 Quum
1088 2284 1165 2347 ergo
1218 2266 1372 2349 populum
1406 2266 1446 2331 ab
1479 2267 1593 2330 exsilio
1626 2266 1792 2343 reducens,
1828 2267 2058 2331 documentum
2088 2266 2197 2331 edidit

194 2353 286 2417 nohis
310 2352 374 2417 hue
396 2351 472 2417 illue
495 2349 842 2432 circumspectantibus
863 2350 990 2414 nullum
1007 2350 1164 2414 auxilium
1218 2351 1355 2416 saeculis
1384 2352 1533 2416 omnibus
1564 2352 1780 2431 memorabile,
1807 2353 1901 2418 sienti
1924 2352 1978 2419 hic
2001 2354 2198 2434 pronuntiat

194 2437 373 2521 apparebit,
396 2439 536 2502 sciamus
553 2437 731 2500 Dominum
748 2435 1165 2500 nihilominusadfuturum
1218 2459 1253 2501 se
1285 2438 1456 2502 facturum.
1511 2436 1674 2516 Quoniam
1706 2458 1781 2501 vero
1809 2440 1860 2502 vel
1891 2439 1976 2502 tardi
2005 2439 2058 2503 vel
2089 2437 2197 2521 negli-

194 2545 273 2589 esse.
320 2522 525 2588 Exaudimdi
555 2522 653 2587 verbo
682 2520 846 2603 significat
876 2542 939 2584 non
971 2520 1166 2603 quibuslibet
1219 2536 1331 2606 gentes
1354 2543 1467 2587 sumus
1490 2522 1531 2586 ad
1553 2521 1788 2587 consideranda
1817 2527 1887 2588 eius
1915 2545 2022 2606 opera,
2054 2537 2088 2588 et
2118 2523 2199 2606 quia

123 2617 126 2623 '
195 2608 302 2673 Deum
326 2609 511 2684 subvenire,
535 2606 591 2671 sed
613 2608 653 2672 iis
677 2607 731 2687 qui
750 2607 856 2688 ipsum
874 2621 1059 2689 precantur,
1082 2605 1165 2689 quod
1217 2629 1375 2690 perquam
1397 2607 1518 2689 exigua
1540 2620 1588 2671 est
1616 2610 1760 2682 attentio,
1791 2612 1901 2674 statim
1925 2611 2018 2675 nobis
2040 2610 2197 2685 effluunt,

194 2696 221 2759 si
245 2695 324 2758 adeo
346 2694 494 2758 socordes
516 2693 619 2758 simus
640 2699 677 2757 ιιι
693 2692 896 2775 negligamus
911 2692 1065 2757 auxilium
1085 2692 1164 2769 eius,
1220 2693 1366 2776 pluribus
1384 2692 1469 2756 idem
1490 2692 1638 2758 inculcat.
1674 2694 1776 2757 Vanis
1795 2696 1881 2758 enim
1901 2706 1999 2776 atque
2021 2694 2199 2759 inutilibus

195 2781 327 2844 omnino
350 2779 492 2858 destitui,
516 2800 575 2844 neo
598 2778 709 2853 ullam,
733 2788 844 2860 utpote
867 2777 1027 2862 indignos,
1045 2777 1165 2842 alleva·
1220 2781 1315 2844 rebus
1338 2779 1441 2860 potius
1466 2799 1563 2860 quam
1592 2780 1626 2843 in
1655 2779 1854 2845 admirandis
1884 2780 1972 2846 hisee
1994 2781 2064 2845 Dei
2088 2780 2198 2862 operi·

195 2867 318 2930 tionem
341 2865 454 2928 sentiri
476 2868 598 2929 iustum
621 2879 679 2928 est.
730 2863 734 2874 '
1220 2864 1280 2929 bus
1300 2884 1511 2945 occupamur:
1543 2885 1579 2929 ac
1606 2865 1633 2928 si
1657 2864 1784 2945 qnando
1807 2887 1864 2930 nos
1885 2867 1918 2930 in
1943 2865 2198 2930 admirationem

282 2950 322 3015 18
353 2963 386 3014 et
414 2951 463 3015 19.
498 2948 689 3035 (Apertam.)
746 2946 954 3029 Superiorem
987 2947 1167 3012 doctrinam
1221 2951 1359 3032 rapiant,
1383 2964 1493 3012 tamen
1516 2949 1609 3013 facile
1629 2950 1861 3033 obliviscimur,
1884 2951 2017 3033 qniaad
2039 2973 2092 3016 res
2116 2950 2199 3017 alias

195 3037 259 3101 alio
283 3035 377 3099 modo
399 3035 552 3113 illustrat,
583 3055 699 3116 nempe
722 3031 830 3097 Deum
852 3034 986 3097 minime
1009 3053 1089 3114 opus
1112 3032 1169 3096 ha·
1221 3047 1254 3098 et
1284 3034 1413 3115 quidem
1445 3033 1578 3098 frivolas
1610 3035 1720 3099 statim
1750 3035 1941 3101 delabimur.
1993 3036 2063 3102 Nos
2094 3037 2200 3121 igitur

195 3123 272 3187 bere
305 3122 450 3186 externis
480 3121 594 3184 modiis
623 3130 656 3183 et
686 3118 897 3196 naturalibus,
927 3130 964 3182 ut
992 3117 1170 3199 opituletur
1222 3118 1411 3184 exstimulat
1433 3120 1600 3201 propheta,
1625 3134 1662 3182 ut
1681 3141 1816 3186 excusso
1838 3134 1966 3203 torpore
1984 3143 2099 3187 omnes
2122 3144 2200 3188 sen·

195 3207 350 3273 ecclesiae
373 3225 464 3271 suae:
490 3205 602 3270 sedin
626 3213 780 3286 promptu
809 3223 879 3268 esse
901 3223 1036 3268 arcanos
1058 3212 1091 3266 et
1113 3201 1168 3265 ad·
1223 3226 1279 3269 sus
1301 3215 1429 3268 nostros
1450 3202 1489 3264 ad
1513 3204 1847 3285 comprehendendam
1873 3208 1933 3272 Dei
1957 3208 2117 3272 virtutem
2140 3229 2200 3272 ex·

196 3293 362 3357 mirabiles
394 3292 523 3369 modos,
564 3291 680 3372 quibus
713 3302 841 3372 praeter
873 3309 964 3371 spem
999 3299 1030 3351 et
1064 3289 1170 3352 carnis
1223 3288 1300 3352 citet
1326 3298 1422 3370 atque
1450 3288 1607 3353 intendat.
1651 3290 1766 3372 ltaque
1796 3305 1963 3374 aspectum
1989 3294 2096 3374 primo
2128 3292 2199 3358 loco

195 3400 327 3445 sensnm
357 3378 427 3441 eius
454 3377 640 3442 necessitati
673 3374 853 3440 remedium
883 3375 1008 3437 afferat.
1061 3370 1170 3451 Quum
1225 3375 1315 3455 ponit
1338 3374 1391 3456 qui
1414 3380 1536 3439 certam
1564 3375 1713 3440 notitiam
1745 3379 1868 3459 pariat:
1898 3377 2016 3442 deinde
2045 3379 2201 3462 adiungit

195 3465 289 3530 nulla
311 3477 446 3546 apparet
464 3463 580 3527 auxilii
603 3462 696 3540 ratio,
720 3460 812 3525 facile
830 3459 1013 3542 desperatio
1035 3456 1171 3538 obrepit.
1224 3459 1462 3541 cogitationem,
1491 3481 1572 3542 quae
1595 3462 1744 3525 notitiam
1767 3462 1884 3527 melius
1914 3485 1952 3529 ae
1974 3464 2097 3530 certius
2120 3485 2201 3530 oon·

195 3549 265 3614 Vix
287 3560 375 3615 certe
396 3569 528 3630 sperare
546 3546 703 3612 audemus
720 3545 908 3628 quidquam,
931 3544 994 3609 nisi
1014 3552 1173 3625 quatenus
1224 3545 1341 3608 firmet.
1374 3543 1539 3609 Incertum
1561 3556 1610 3610 est
1634 3559 1742 3611 autem
1761 3568 1802 3610 an
1822 3548 1979 3633 propheta
1996 3548 2036 3614 de
2054 3548 2201 3628 Iudaeis,

197 3647 332 3701 externa
355 3633 552 3699 adminicula
574 3655 608 3697 se
630 3633 731 3697 oculis
749 3631 869 3695 nostris
887 3629 1074 3694 ostendunt.
1109 3627 1173 3692 His
1225 3628 1257 3693 id
1280 3645 1338 3704 est,
1362 3628 1545 3695 domesticis
1567 3632 1730 3709 eeclesiae,
1760 3654 1799 3697 au
1824 3633 1864 3697 de
1886 3635 2009 3700 exteris
2030 3634 2203 3717 loquatur.

198 3719 345 3786 destituti
367 3720 401 3783 in
421 3719 563 3784 Domino
585 3719 810 3800 conquiescere
828 3736 892 3779 nou
912 3733 1095 3796 possumus.
1127 3711 1174 3776 At
1224 3713 1274 3779 Ae
1296 3735 1366 3778 meo
1388 3716 1518 3797 quidem
1541 3716 1659 3781 iudicio
1683 3719 1878 3800 generaliter
1907 3724 2053 3803 accipere
2083 3742 2203 3804 possu-

197 3805 357 3889 propheta
392 3816 469 3870 tunc
503 3805 553 3868 vel
588 3804 731 3867 maxime
760 3798 987 3867 confidendum
1016 3818 1087 3862 osse
1117 3798 1173 3863 ad·
1225 3820 1306 3877 mus,
1328 3802 1362 3863 in
1385 3801 1537 3865 ecelesiae
1560 3803 1765 3866 restitutione
1795 3806 2002 3887 conspicuam
2029 3808 2100 3870 iore
2132 3828 2203 3871 ma·

198 3900 327 3957 monet:
359 3891 434 3973 quia
456 3899 532 3954 tunc
560 3889 661 3952 maior
683 3887 910 3969 opportunitas
932 3884 1006 3948 Deo
1035 3888 1086 3948 est
1115 3905 1172 3947 ex·
1225 3906 1304 3948 num
1321 3884 1386 3949 Dei
1401 3907 1501 3967 usque
1520 3885 1559 3949 ad
1580 3899 1692 3968 gentes
1712 3890 1822 3971 procul
1841 3903 1991 3967 remotas,
2013 3904 2051 3956 ut
2068 3892 2204 3976 insigne

198 3976 355 4042 serendae
377 3996 455 4040 suae
477 3976 618 4053 virtutis,
641 3993 741 4056 quum
761 3971 869 4036 nullae
891 3968 1078 4034 hominibus
1100 3969 1173 4032 viae
1226 3968 1289 4033 Dei
1322 3990 1404 4051 opus
1436 3991 1547 4034 omnes
1577 3971 1729 4037 admirari
1756 3989 1924 4057 cogantur.
1975 3978 2116 4042 Certum
2151 3991 2205 4042 est

200 4072 257 4128 ant
290 4064 432 4126 rationes
465 4070 596 4143 patent,
636 4058 810 4139 omniaque
842 4056 973 4137 penitus
1007 4052 1174 4134 deplorata
1225 4069 1333 4118 antem
1352 4054 1468 4118 Persas
1484 4072 1515 4118 et
1531 4056 1645 4121 Medos
1663 4078 1703 4121 ex
1722 4080 1783 4141 quo
1800 4059 1958 4126 dominati
1973 4061 2205 4128 suntlndaeis

199 4169 270 4214 esse
291 4147 454 4211 videntur.
496 4147 631 4211 Praeter
653 4163 744 4225 spem
765 4142 867 4224 igitur
888 4154 922 4203 st
944 4139 1173 4223 cogitationem
1226 4139 1346 4202 mirum
1379 4140 1413 4202 in
1447 4140 1578 4203 modam
1611 4144 1803 4224 stupefactos
1836 4147 1948 4225 luisse,
1981 4169 2083 4229 quum
2120 4149 2205 4215 haec

199 4233 347 4298 omnium
370 4231 538 4297 hominum
569 4231 732 4294 affuturus
762 4237 813 4292 est
842 4226 910 4290 suis
933 4225 1104 4299 Dominus,
1134 4244 1174 4286 ne
1227 4224 1458 4306 prophetarum
1482 4225 1668 4290 testimonia
1690 4229 1849 4309 audirent,
1879 4234 2021 4297 maxime
2043 4233 2100 4298 ubi
2131 4255 2205 4299 rem

200 4320 333 4401 ancipiti
363 4331 395 4381 et
424 4317 522 4382 dubia
549 4316 744 4398 cogitatione
777 4332 836 4377 nos
871 4310 934 4374 huc
967 4323 1064 4391 atque
1097 4307 1174 4373 illuc
1226 4312 1331 4388 ipsam
1355 4309 1457 4373 oculis
1480 4310 1590 4373 intuiti
1613 4321 1697 4377 sunt.
1734 4314 1825 4381 Haeo
1844 4319 1930 4382 euim
1949 4318 1989 4382 ab
2010 4319 2205 4385 hominibus

200 4404 337 4469 distrahi
369 4405 523 4467 sinamus.
569 4402 613 4465 Et
641 4422 703 4482 quo
732 4397 837 4481 magis
866 4396 898 4459 id
930 4395 1109 4469 confirmet,
1140 4414 1175 4456 se
1227 4394 1296 4456 fieri
1317 4413 1382 4455 non
1401 4414 1494 4474 posse
1512 4394 1751 4479 intellexerunt,
1767 4405 1897 4466 tametsi
1913 4405 1953 4467 ad
1970 4426 2046 4469 oum
2063 4408 2206 4472 minime

200 4489 357 4554 adversus
379 4510 488 4552 rerum
507 4497 658 4551 naturam
677 4503 709 4549 et
726 4483 874 4548 ordinem
895 4478 1052 4544 miracula
1070 4475 1174 4541 editu·
1229 4477 1380 4541 conversi
1403 4479 1478 4542 sint.

200 4597 274 4642 rum
297 4573 476 4656 promittit:
499 4595 540 4638 ne
563 4572 706 4636 humano
724 4569 856 4652 ingenio
874 4564 954 4629 haec
973 4562 1176 4627 aestimanda
1313 4563 1364 4626 21.
1389 4560 1515 4646 (Adeste
1531 4584 1643 4630 causae
1659 4572 1798 4653 vestroe.)
1832 4572 1904 4638 Hoc
1922 4575 2021 4637 etiam
2039 4577 2207 4657 superiori

200 4674 234 4727 et
255 4659 428 4726 iudicanda
450 4678 521 4723 esse
544 4671 706 4740 putemus,
730 4673 834 4735 neque
856 4648 1064 4714 inferioribus
1087 4647 1176 4745 hisee
1200 4636 1204 4701 l
1229 4645 1393 4745 doctrinae
1416 4651 1595 4713 necessario
1618 4652 1691 4716 addi
1710 4658 1865 4736 oportuit:
1889 4678 1991 4740 quum
2013 4662 2105 4724 enim
2128 4682 2206 4726 ver·

200 4748 315 4812 mediis
338 4746 515 4827 potentiam
538 4743 602 4807 Dei
626 4754 659 4806 et
681 4740 841 4822 promissa
864 4736 1045 4817 alligemus.
1088 4734 1176 4796 Satis
1201 4713 1204 4847 l
1229 4751 1340 4794 samur
1369 4744 1455 4796 mter
1483 4735 1608 4815 impios,
1639 4738 1775 4804 ludibrio
1805 4742 1940 4806 hahetur
1969 4766 2046 4827 spes
2077 4757 2205 4825 nostra,

201 4835 289 4898 enim
319 4855 377 4917 per
406 4852 441 4895 se
463 4830 624 4893 Dominus
655 4826 787 4890 virtutis
814 4822 921 4897 habet,
958 4838 1016 4882 nee
1042 4817 1176 4880 aliunde
1201 4850 1204 4905 3
1229 4815 1439 4912 et'stultitiae
1462 4817 1501 4880 ab
1527 4821 1566 4883 iis
1596 4819 1799 4901 damnamur,
1830 4829 1921 4909 qnasi
1952 4831 2091 4896 nimium
2125 4833 2206 4898 sim·

155 4980 160 4989 ,
201 4940 273 4983 eam
298 4917 438 4984 mutuari
467 4935 598 4980 necesse
627 4920 686 4991 est,
720 4932 780 4975 nec
809 4907 915 4972 ordini
949 4915 1087 4967 naturae
1120 4902 1176 4999 adj
1202 4922 1203 4935 ¹
1230 4901 1329 4997 plrces
1351 4920 1387 4965 ac
1409 4900 1530 4965 creduli
1552 4905 1661 4969 simus.
1706 4908 1837 4975 uatibus
1866 4934 1944 4995 ergo
1967 4918 2083 4982 sennis
2108 4920 2206 4984 inva-

202 5006 337 5069 strictus
370 5012 428 5082 est,
467 5001 546 5082 quin
581 5019 654 5063 eum
688 4996 781 5062 facile
816 4998 979 5063 immutet,
1013 5006 1116 5081 quum
1147 5007 1177 5048 er
1231 4984 1320 5047 ditur
1340 4984 1420 5080 tides
1445 4999 1561 5064 nostra,
1584 5004 1617 5051 et
1637 5010 1731 5074 saepe
1754 4999 1945 5063 concutitur.
1983 5001 2031 5065 Hi
2056 5004 2209 5085 pendent

201 5091 312 5154 visum
341 5091 412 5153 erit.
464 5086 548 5151 Nam
580 5082 665 5167 quod
699 5085 732 5146 in
764 5075 987 5146 cacuminibus
1016 5082 1176 5168 montium
1202 5158 1205 5167 ι
1231 5067 1418 5148 anubibus,
1448 5084 1544 5152 atque
1567 5072 1627 5136 sibi
1650 5079 1842 5157 persuadent
1864 5104 1902 5147 ea
1924 5106 2008 5166 quae
2038 5090 2112 5153 fieri
2138 5112 2207 5155 non

202 5197 311 5259 aquas,
345 5189 377 5239 et
405 5175 437 5237 in
471 5173 604 5257 planitie
637 5187 792 5254 agrorum
825 5164 938 5241 fontes,
970 5161 1005 5224 in
1040 5156 1177 5219 desertis
1202 5172 1205 5311 q
1233 5165 1379 5252 possunt,
1399 5158 1550 5253 omnique
1568 5160 1683 5254 rationi
1703 5161 1925 5234 adversantur.
1961 5170 2076 5251 Quum
2101 5177 2209 5260 igitur

203 5270 320 5346 stagna
342 5281 377 5325 se
399 5258 563 5324 editurum
587 5255 675 5334 dicit,
697 5275 736 5319 ea
759 5250 869 5317 omnia
891 5257 1021 5328 praetor
1044 5250 1179 5305 nat-urae
1230 5260 1266 5300 m
1288 5240 1400 5303 exsilio
1423 5242 1578 5306 eiusmodi
1601 5245 1765 5313 irrisiones
1786 5253 1929 5318 audituri
1946 5271 2057 5324 essent
2076 5259 2209 5338 Iudaei,
