4784 5970
191 368 256 434 263
1071 369 1121 435 IN
1143 368 1308 437 ISAIAM
2125 372 2184 438 264

192 558 451 624 maledictionem
495 559 661 624 sustinens
700 559 806 640 ipsum
848 558 1005 640 expiaret.
1059 557 1162 640 quue
1215 559 1291 642 quin
1316 568 1506 641 perpetuam
1529 561 1563 624 in
1587 582 1622 628 se
1644 570 1677 626 et
1706 561 1773 626 suis
1804 561 1905 626 vitam
1933 561 2093 628 obtineat.
2135 562 2182 627 Its

193 645 330 710 sacrifici
362 664 519 709 manuum
554 644 759 726 impositione
792 644 1035 728 significabant,
1070 645 1162 727 quusi
1215 645 1248 709 in
1272 645 1377 726 capite
1399 654 1433 711 et
1452 646 1609 712 membris
1631 647 1846 711 immortalem
1869 647 1938 713 iore
1958 648 2064 713 vitam
2095 668 2182 730 prae·

193 730 293 794 totius
314 729 427 813 populi
449 731 571 795 scelera
594 731 629 793 in
653 729 817 795 victimam
839 730 1021 796 inficerent.
1066 728 1162 809 Quod
1215 727 1302 795 dicat
1323 730 1434 795 Isaiae.

192 817 233 880 si'
254 815 402 897 privatus
436 815 552 898 aliquis
586 816 735 892 offerret,
767 816 836 898 ipse
867 836 994 898 quoque
1027 836 1162 880 manum
1299 811 1473 899 (Volcatius
1494 815 1627 883 letare
1647 819 1684 883 ia
1705 818 1825 905 muno.)
1853 818 1988 903 'Manus
2015 838 2115 903 saepo
2134 840 2182 884 ac·

191 921 286 967 suam
309 900 513 985 adiungebat,
536 902 628 984 quasi
652 908 818 983 peccatum
841 922 938 966 suum
958 902 994 965 in
1016 921 1088 966 eam
1111 900 1163 964 in·
1215 900 1337 983 cipitur
1354 922 1413 983 pro
1431 902 1628 967 ministerio:
1652 914 1689 969 ut
1704 904 1868 969 Dominus
1883 904 2067 988 publicavit
2080 905 2181 989 legem

191 986 313 1052 iioeret.
377 985 433 1053 Sic
472 988 590 1052 iniecta
629 996 708 1052 sunt
747 987 781 1052 in
821 986 992 1053 Christum
1031 995 1163 1070 peccata

192 1083 316 1153 nostra,
348 1081 385 1137 ut
414 1072 501 1139 solus
531 1073 793 1137 maledictionem
822 1074 992 1138 sustineat.
1039 1071 1162 1152 Quam·

194 1158 307 1225 obrem
322 1159 447 1223 Paulus
463 1160 559 1224 etiam
582 1160 690 1242 ipsum
712 1158 920 1223 maledictum
943 1180 1000 1224 seu
1016 1175 1163 1223 exsecra-

192 1243 314 1308 tionem
336 1253 432 1310 vocat
453 1243 541 1328 (Gal.
561 1244 591 1319 3,
617 1244 684 1329 13):
709 1244 860 1310 Christus
882 1264 942 1309 nos
963 1243 1101 1308 redemit
1123 1243 1162 1307 ab

191 1330 416 1396 exsecratione
438 1330 535 1413 legis,
564 1330 641 1393 dum
665 1350 723 1411 pro
746 1330 837 1394 nobis
860 1331 964 1395 factus
992 1341 1041 1394 est
1069 1348 1161 1393 exse·

191 1416 302 1481 oratio.
348 1415 434 1481 Item
457 1425 626 1499 peccatum
650 1416 692 1500 (2.
716 1415 790 1480 Cor.
814 1415 844 1492 5,
867 1414 939 1499 21):
964 1416 1050 1480 Eum
1074 1413 1161 1478 enim

191 1501 246 1583 qui
269 1522 333 1566 non
356 1502 449 1566 novit
472 1516 656 1585 peccatum,
687 1521 747 1584 pro
770 1501 863 1566 nobis
885 1511 1053 1583 peccatum
1077 1500 1162 1576 fecit,

191 1596 230 1651 ut
252 1587 375 1651 institia
398 1588 460 1652 Dei
483 1589 686 1652 afficeremur
706 1589 741 1651 in
764 1588 844 1670 ipso.
888 1587 934 1651 Et
955 1586 1030 1651 alibi
1053 1584 1161 1670 (Rom.

191 1672 222 1750 8,
244 1673 295 1759 3):
336 1672 422 1737 Nam
451 1674 534 1756 quod
565 1672 763 1754 impossibile
792 1680 862 1738 erat
890 1671 972 1756 legi,
1001 1681 1163 1753 quatenus

191 1758 362 1824 imbecillis
385 1769 455 1824 orat
478 1761 517 1824 ob
541 1779 687 1837 carnem,
720 1758 781 1824 hoc
803 1759 911 1838 Deus,
946 1758 1075 1840 proprio
1096 1756 1162 1821 filio

191 1844 290 1909 misso
314 1845 374 1909 sub
397 1846 501 1927 specie
520 1845 627 1910 carnis
644 1855 775 1926 peccato
794 1845 962 1922 obnoxiae,
985 1843 1162 1926 praestitit:

193 1950 231 1994 ac
253 1928 293 1994 da
314 1941 445 2012 peccatu
468 1931 639 1995 damnavit
661 1935 829 2011 peccatum
852 1931 885 1994 in
908 1949 1014 2007 carne,
1037 1936 1073 1993 ut
1095 1929 1162 1992 ius·

194 2016 267 2080 titia
296 2016 377 2099 legis
399 2017 590 2098 impleretur
612 2018 646 2079 in
669 2016 772 2081 nobis.
816 2015 909 2080 Idem
932 2035 1009 2098 ergo
1031 2015 1162 2078 nomine

194 2113 271 2168 ntor<
304 2102 503 2185 significavit
534 2102 707 2185 propheta,
747 2099 834 2184 quod
865 2101 990 2165 Paulus
1023 2098 1162 2163 Rom.8

192 2187 356 2253 maledicti
389 2198 422 2251 et
455 2189 577 2269 peccati
612 2189 744 2251 nomine
785 2187 957 2269 significet.
1012 2183 1163 2266 Denique

192 2271 278 2336 idem
299 2282 349 2337 est
372 2286 450 2339 unu
481 2273 564 2354 quod
594 2273 707 2336 Latini
736 2273 898 2354 piaculum
929 2281 1054 2337 vocant.
1099 2270 1162 2334 Hic

193 2368 302 2422 autem
325 2361 448 2423 fructus
472 2359 585 2422 mortis
609 2358 733 2422 Christi
756 2358 966 2438 exprimitur:
996 2355 1082 2438 quod
1104 2355 1163 2419 sci·

192 2442 267 2507 licet
295 2445 365 2509 eius
394 2445 550 2510 sacrificio
581 2445 712 2526 expiata
741 2443 808 2507 sint
837 2455 982 2525 peccata,
1016 2451 1049 2505 et
1072 2443 1162 2506 Deus

193 2550 270 2612 erga
293 2531 442 2595 homines
465 2530 610 2612 placatus
632 2529 686 2593 sit.
721 2528 796 2593 Huc
818 2529 905 2592 enim
924 2526 1094 2593 referenda
1111 2534 1162 2591 est

193 2615 242 2679 vis
262 2616 360 2680 huius
380 2616 525 2681 vocabuli
545 2629 631 2682 otuu.
661 2615 758 2680 Unde
776 2616 925 2696 sequitur
942 2614 1161 2697 expiationem

193 2711 226 2764 et
244 2702 497 2766 satisfactionem
516 2703 640 2783 pcccati
659 2701 747 2765 hand
762 2700 838 2764 alibi
858 2720 956 2782 quam
975 2701 1009 2764 in
1030 2698 1162 2764 Christo

192 2788 338 2868 reperiri.
383 2789 430 2854 Ut
458 2788 538 2852 haec
572 2787 689 2852 melius
722 2797 908 2863 teneamus,
942 2787 1084 2867 primum
1110 2785 1161 2848 in·

192 2873 405 2955 telligendum
430 2885 479 2938 est
508 2893 568 2936 nos
597 2893 705 2937 coram
729 2871 800 2936 Deo
829 2890 902 2937 reos
931 2892 1017 2949 esse,
1049 2872 1095 2934 ita
1124 2874 1162 2934 ut

191 2958 352 3022 maledicti
397 2967 492 3040 atquo
532 2957 746 3021 exsecrabiles
790 2977 899 3023 coram
939 2958 1008 3038 ipso
1049 2957 1159 3021 simus.

190 3041 287 3106 Nunc
309 3045 392 3107 siin
415 3045 551 3126 gratiam
573 3064 646 3108 cum
670 3044 739 3124 ipso
759 3043 864 3107 redire
884 3042 1031 3118 velimus,
1055 3061 1162 3123 pecca-

191 3133 262 3190 tum
287 3128 355 3192 tolli
378 3149 508 3193 necesse
537 3137 595 3191 est.
640 3127 712 3191 Hoc
743 3149 808 3190 non
835 3129 892 3192 fiet
922 3127 1057 3209 piaculis
1085 3148 1161 3191 con·

192 3213 276 3278 fictis
299 3215 433 3279 arbitrio
455 3214 634 3278 hominum.
679 3213 768 3295 Ergo
798 3213 837 3279 ad
869 3222 1006 3276 mortem
1037 3211 1160 3276 Christi

192 3299 387 3364 veniendum
418 3307 482 3377 est,
516 3298 610 3362 aliter
640 3298 726 3361 enim
753 3296 824 3362 Deo
854 3298 1005 3362 satisfieri
1036 3298 1159 3380 nequit.

190 3383 342 3469 Denique
364 3386 456 3450 docet
477 3386 580 3450 Isaiae
610 3405 675 3449 non
709 3405 800 3466 posse
834 3383 926 3448 nubis
949 3384 1013 3448 alia
1035 3384 1160 3448 ratione

189 3473 314 3537 remitti
338 3482 476 3554 peccata,
504 3492 600 3554 quam
624 3471 652 3535 si
675 3469 714 3534 ad
738 3477 876 3534 mortem
900 3469 1023 3534 Christi
1046 3467 1159 3533 confu-

190 3559 327 3641 giamus.
363 3557 399 3623 Si
422 3559 473 3624 cui
496 3557 627 3622 videtur
649 3557 793 3638 asperior
811 3555 956 3638 loquutio
975 3563 1008 3620 et
1026 3554 1160 3621 Christo

190 3664 304 3725 parum
329 3643 452 3720 decora,
476 3644 510 3707 in
532 3664 567 3708 su
590 3642 765 3709 descendat
787 3646 820 3705 et
842 3641 953 3706 habito
976 3642 1060 3706 serio
1083 3660 1159 3705 uxa-

191 3731 279 3792 mine
312 3730 473 3810 expendat
505 3749 600 3811 quam
636 3728 789 3793 horribile
823 3728 866 3792 sit
899 3728 960 3791 Dei
993 3727 1159 3803 iudicium,

191 3814 276 3895 quod
300 3815 361 3877 nisi
384 3815 444 3879 hoc
466 3815 569 3896 pretio
592 3814 712 3895 placari
731 3835 795 3878 non
816 3813 937 3896 potuit:
961 3813 1008 3878 sic
1025 3812 1160 3877 inaesti-

191 3900 319 3965 mabilis
342 3901 448 3983 gratia
471 3901 604 3981 quaein
624 3899 748 3963 Christi
767 3898 993 3964 maledictione
1011 3899 1159 3982 refulget,

191 3985 285 4050 facile
304 3985 493 4049 scandalum
515 4006 611 4049 omne
633 3985 734 4049 tollet.

276 4069 416 4154 (Videbit
436 4070 561 4154 sanwic.)
606 4068 778 4151 Significat
800 4090 864 4134 non
887 4070 991 4135 solum
1021 4077 1158 4134 mortem

192 4156 316 4223 Christi
340 4157 571 4238 impedimento
596 4175 756 4219 essenon
783 4175 878 4238 posse
906 4155 1079 4238 quominus
1108 4176 1158 4219 se·

1215 987 1318 1051 Musis
1341 1007 1449 1052 manu.
1487 987 1571 1053 Item
1596 1010 1695 1054 manu
1719 989 1857 1055 Doridis
1878 988 1939 1056 hoe
1960 990 2047 1069 iecit,
2071 989 2105 1056 id
2127 1004 2181 1067 est,

1216 1093 1293 1136 usus
1316 1084 1366 1138 est
1389 1071 1551 1138 Dominus
1577 1075 1609 1138 in
1640 1097 1678 1140 ea
1704 1095 1740 1139 re
1762 1074 1893 1140 Davide
1922 1076 2087 1142 ministro.
2132 1076 2183 1143 Sic

1215 1158 1312 1221 etiam
1331 1158 1367 1222 ia
1389 1179 1488 1222 mauu
1511 1158 1637 1226 Christi
1665 1161 1907 1243 prosperabitur
1935 1161 2094 1227 voluntas
2116 1162 2183 1241 Dei,

1215 1241 1248 1307 id
1280 1252 1348 1323 est,
1381 1244 1499 1309 efficiat
1528 1243 1704 1323 Dominus,
1739 1255 1776 1310 ut
1809 1247 2026 1312 ministerium
2061 1247 2183 1314 Christi

1215 1330 1356 1393 fructum
1380 1350 1475 1394 sunm
1500 1330 1671 1413 producat:
1705 1352 1747 1397 ne
1769 1332 1891 1397 frustra
1912 1342 1981 1396 tam
2011 1332 2094 1398 diris
2114 1354 2183 1400 eru-

1215 1414 1351 1480 ciatibus
1385 1416 1491 1498 ipsum
1526 1418 1713 1499 exposuisse
1746 1418 1906 1482 videatur.
1953 1417 2020 1483 His
2054 1419 2182 1502 quidem

1215 1501 1328 1581 paucis
1362 1501 1471 1566 verbis
1505 1502 1668 1567 uberrima
1707 1502 1997 1586 comprehenditur
2029 1503 2182 1583 doctrina,

1216 1605 1312 1667 quam
1336 1587 1560 1669 unusquisque
1587 1589 1739 1672 collIgere
1768 1598 1892 1670 potest:
1929 1588 1987 1653 sed
2017 1611 2081 1655 nos
2109 1592 2181 1655 sim·

1216 1670 1290 1752 plici
1324 1681 1435 1737 textus
1467 1674 1734 1756 interpretatione
1767 1675 1912 1740 contenti
1945 1694 2074 1741 sumus.
2119 1676 2182 1743 Vo-

1215 1757 1324 1822 luntas
1346 1758 1458 1822 eodem
1477 1757 1571 1824 modo
1589 1760 1747 1842 accipitur
1767 1781 1830 1842 quo
1848 1762 1954 1843 prins:
1978 1761 2087 1827 utitur
2101 1762 2181 1827 enim

1216 1843 1345 1907 nomine
1366 1856 1451 1937 gan,
1484 1866 1545 1927 quo
1569 1845 1748 1911 beneficum
1772 1856 1804 1910 et
1831 1844 1999 1910 liberalem
2029 1848 2182 1914 affectunt

1215 1929 1386 2011 significat.
1420 1929 1553 2012 Duplex
1575 1940 1684 1995 autem
1708 1932 1898 1996 beneficium
1918 1930 1982 1995 Dei
2006 1933 2182 1999 nobishoc

1215 2014 1285 2079 loco
1307 2014 1562 2080 commendatur.
1607 2018 1773 2099 Primum,
1806 2017 1890 2099 quod
1918 2018 1986 2081 filio
2015 2018 2181 2104 unigenito

1215 2121 1280 2164 non
1302 2102 1456 2182 pepercit,
1478 2102 1533 2165 sed
1557 2123 1615 2183 pro
1637 2102 1729 2167 nobis
1752 2101 1888 2167 tradidit
1908 2101 2003 2168 illum
2025 2113 2066 2169 ut
2088 2125 2181 2170 noso

1216 2197 1322 2250 morte
1344 2186 1505 2252 liberarat.
1559 2187 1686 2252 Deinde
1717 2189 1801 2271 quod
1835 2198 1970 2253 mortem
2001 2189 2074 2255 cius
2103 2192 2180 2255 otio·

1214 2291 1282 2334 sam
1317 2282 1349 2335 et
1380 2272 1532 2337 inutilem
1566 2293 1636 2338 esse
1669 2295 1733 2338 non
1766 2274 1869 2339 sinat:
1910 2272 1968 2339 sed
2002 2274 2181 2341 uberrimos

1215 2356 1340 2420 fructus
1372 2358 1538 2439 producat.
1589 2359 1691 2424 Nobis
1720 2360 1807 2423 enim
1840 2360 1948 2425 inanis
1981 2370 2069 2427 esset
2102 2382 2181 2427 mors

1215 2439 1355 2517 Christi,
1389 2443 1451 2508 nisi
1484 2445 1516 2507 in
1552 2444 1642 2508 nobis
1670 2445 1748 2527 ipsis
1779 2446 1920 2511 fructum
1950 2454 1984 2510 et
2007 2448 2181 2514 efficaciam

1214 2528 1418 2593 sentiremus.

1301 2615 1349 2678 11.
1372 2612 1421 2699 (E
1440 2614 1541 2680 labore
1564 2617 1688 2680 animae
1709 2636 1785 2681 suae
1807 2615 1943 2701 viceto.)
1975 2616 2072 2682 Idem
2091 2638 2181 2702 argu·

1214 2713 1359 2763 mentum
1376 2701 1583 2783 prosequitur
1596 2702 1708 2766 Isaias.
1732 2701 1887 2766 Declarat
1902 2703 1990 2767 enim
2005 2702 2179 2785 Christum,

1214 2785 1270 2848 ubi
1293 2806 1407 2868 passus
1429 2788 1534 2864 fuerit,
1558 2798 1785 2870 percepturum
1805 2788 1921 2852 mortis
1940 2808 2020 2853 suae
2041 2790 2179 2855 fructum

1214 2891 1254 2933 ex
1272 2870 1378 2935 salute
1395 2871 1576 2937 hominum.
1611 2871 1723 2953 Quum
1746 2874 1832 2937 enim
1854 2872 1941 2955 dicit,
1963 2873 2091 2955 uidebit,
2112 2895 2180 2958 sup

1214 2955 1368 3036 piendum
1402 2969 1451 3022 est
1483 2960 1623 3023 fructum
1657 2969 1690 3023 et
1717 2960 1902 3024 efficaciam.
1952 2959 2046 3026 Haec
2075 2970 2178 3026 autem

1214 3041 1310 3123 plena
1327 3051 1404 3106 sunt
1426 3044 1639 3108 suavissimae
1657 3045 1904 3110 consolationis:
1927 3066 1988 3110 nec
2010 3046 2098 3111 enim
2121 3067 2180 3111 mo

1214 3126 1276 3190 lius
1297 3129 1404 3209 potuit
1427 3127 1528 3193 isaias
1549 3128 1744 3194 immensum
1768 3151 1846 3213 erga
1868 3152 1927 3196 nos
1950 3131 2078 3197 Christi
2100 3152 2178 3196 amo

1214 3232 1283 3275 rem
1305 3213 1497 3295 exprimere,
1527 3236 1624 3295 quam
1647 3237 1746 3297 quum
1769 3216 1933 3298 significat
1960 3219 2070 3299 ipsum
2092 3219 2179 3282 unico

1213 3297 1368 3362 oblectari
1390 3298 1495 3363 salute
1525 3311 1650 3364 nostra:
1682 3310 1778 3384 atque
1807 3303 1840 3366 in
1871 3322 1918 3377 ea,
1947 3311 1984 3368 ut
2012 3303 2046 3367 in
2077 3303 2178 3369 fructu

1213 3382 1357 3448 laborum
1381 3404 1512 3448 suorum
1536 3389 1746 3468 acquiescere,
1768 3386 1859 3451 velut
1882 3388 1987 3471 isqui
2011 3389 2082 3453 voti
2104 3389 2179 3472 poti·

1212 3476 1265 3532 tus
1288 3474 1338 3532 est
1359 3470 1394 3533 in
1414 3489 1452 3533 ea
1475 3491 1624 3553 requam
1642 3473 1785 3536 maxime
1800 3473 1949 3554 optabat:
1971 3476 2177 3555 nequeenim

1211 3555 1351 3619 satiatur
1372 3557 1552 3638 quisquam,
1582 3558 1645 3622 nisi
1667 3559 1722 3640 qui
1748 3557 1885 3640 adeptus
1908 3558 2068 3641 estquod
2091 3560 2180 3625 unico

1211 3641 1350 3723 optabat,
1374 3652 1411 3705 nt
1429 3641 1501 3706 aliis
1523 3643 1674 3707 omuibus
1697 3643 1854 3727 neglectis
1877 3644 1938 3709 hoc
1957 3664 2023 3709 uno
2045 3645 2092 3711 sit
2112 3666 2179 3712 con·

1212 3736 1330 3791 tentus.
1386 3727 1504 3792 Postea
1536 3728 1670 3793 modum
1712 3738 1745 3793 et
1778 3731 1937 3793 rationem
1970 3729 2180 3807 demonstrat,

1210 3811 1328 3894 quibus
1350 3811 1417 3876 vim
1443 3823 1475 3877 et
1503 3814 1681 3879 efficaciam
1704 3816 1818 3879 mortis
1840 3815 1966 3879 Christi
1991 3817 2179 3890 sentiamus.

1211 3898 1345 3979 eiusque
1378 3898 1520 3963 fructum
1551 3899 1785 3981 percipiamus:
1817 3920 1934 3982 nempe
1964 3902 2179 3984 cognitionem

1210 3983 1323 4065 ipsius.
1368 3982 1481 4048 Potest
1502 3982 1631 4069 (fateor)
1655 3986 1707 4049 hic
1726 3993 1793 4049 tam
1815 3988 1919 4052 activo
1937 4006 2037 4068 quam
2056 3990 2181 4070 passive

1210 4069 1275 4151 legi
1298 4068 1395 4133 dictio
1419 4083 1499 4148 nvi,
1522 4068 1555 4133 id
1578 4081 1636 4147 est,
1665 4071 1808 4154 cognitio
1831 4070 1883 4136 vel
1905 4073 2052 4139 scientia.
2099 4072 2183 4154 Quo·

1210 4174 1337 4233 cunque
1369 4154 1464 4218 modo
1494 4155 1681 4237 accipiatur,
1712 4157 1805 4221 facile
1832 4157 2010 4240 prophetae
2039 4172 2182 4225 mentem

190 4265 265 4307 men
293 4243 427 4319 habeat,
460 4242 516 4307 sed
549 4262 680 4308 causam
711 4241 778 4306 fore
807 4242 990 4324 gignendae
1021 4240 1158 4306 sobolis:
1211 4239 1409 4303 tenebimus:
1439 4261 1499 4306 nec
1521 4242 1729 4324 tergiversari
1752 4251 1817 4306 tam
1840 4242 2049 4324 impudenter
2071 4244 2184 4311 Iudaei

190 4330 265 4412 qnia
286 4327 408 4393 scilicet
431 4338 575 4392 mortuos
598 4327 769 4392 vivificans
792 4327 946 4408 populum
969 4327 1029 4391 sibi
1048 4327 1157 4409 acqui·
1210 4333 1376 4407 poterunt,
1406 4325 1485 4408 quin
1514 4325 1555 4390 iis
1578 4327 1629 4391 vel
1659 4327 1772 4392 invitis
1805 4335 2060 4411 extorqueamus
2097 4331 2182 4413 quod

190 4426 258 4497 ret,
286 4434 384 4495 quem
407 4413 522 4478 deindo
545 4415 648 4496 magis
670 4433 707 4476 ac
731 4416 835 4495 magis
857 4411 1064 4495 propagabit:
1099 4433 1158 4477 nec
1209 4411 1262 4476 hic
1284 4408 1411 4488 dicitnr,
1435 4410 1603 4476 Christum
1630 4413 1736 4478 solum
1759 4434 1830 4478 esse
1860 4414 2053 4497 magistrum
2084 4415 2183 4481 simul

189 4502 367 4566 absurdum
391 4509 440 4563 est
463 4500 570 4563 vocari
592 4497 717 4564 Christi
739 4518 850 4562 semen
869 4518 981 4562 omncs
1003 4499 1080 4579 pios,
1103 4498 1157 4578 qui
1210 4507 1242 4559 et
1277 4504 1425 4560 autorem
1458 4497 1613 4562 iustitiae.
1668 4499 1830 4563 Effectum
1868 4500 1954 4564 enim
1995 4510 2090 4566 notat
2123 4502 2182 4568 hoo

188 4590 287 4652 ctiam
309 4583 427 4649 fratres
449 4597 542 4664 sunt,
576 4583 705 4666 quando
734 4583 775 4647 ab
804 4584 874 4664 ipso
903 4593 1048 4647 manant.
1092 4582 1157 4647 Ubi
1209 4581 1320 4658 verbo,
1343 4581 1522 4661 testificabat
1543 4584 1672 4648 multos.
1716 4585 1806 4668 Ergo
1832 4605 1897 4650 non
1925 4590 2056 4651 tantum
2088 4587 2181 4653 iusti·

189 4672 320 4737 additur
345 4671 525 4754 prorogabit
555 4671 638 4748 dies,
672 4670 770 4750 aliqui
798 4668 954 4750 supplent
982 4669 1156 4732 relativum
1210 4668 1287 4731 tiam
1323 4664 1478 4732 docentur
1508 4667 1654 4733 homines
1685 4670 1717 4733 in
1748 4670 1857 4736 schola
1887 4668 2022 4746 Christi,
2054 4672 2114 4738 sed
2146 4694 2181 4737 re

188 4771 280 4826 ἰιυιιε
312 4756 443 4835 Samen,
466 4756 551 4839 quod
574 4756 768 4837 longaevum
791 4755 863 4819 erit.
907 4753 974 4818 Sed
997 4773 1056 4837 ego
1079 4754 1156 4819 sim·
1208 4754 1279 4834 ipsa
1302 4753 1378 4818 iusti
1397 4753 1490 4817 finnt.
1523 4754 1634 4837 Atque
1656 4754 1716 4819 hoc
1735 4770 1783 4819 est
1802 4755 1972 4821 discrimen
1995 4757 2085 4822 inter
2106 4758 2181 4824 fidei

189 4846 306 4927 plicius
328 4863 470 4924 expono:
494 4842 569 4906 Non
592 4840 787 4922 impedietur
803 4840 955 4905 Christus
969 4850 1075 4903 morte
1097 4860 1157 4904 sua
1208 4848 1242 4902 et
1264 4837 1345 4920 legis
1367 4838 1541 4902 iustitiam:
1564 4859 1639 4903 nem
1658 4849 1822 4923 utcunque
1841 4841 1992 4907 ostendat
2014 4843 2080 4920 lex,
2103 4845 2181 4927 quid

189 4929 543 5012 quinprorogetdies,
572 4927 687 5005 idest,
714 4937 869 5008 perpetuo
900 4926 1000 4989 vivat.
1043 4923 1156 5006 Aliqui
1208 4925 1251 4988 sit
1275 4944 1344 4987 essa
1367 4924 1500 5003 iustum,
1522 4925 1647 4990 Paulus
1670 4934 1780 4990 tamen
1810 4928 1951 4991 affirmat
1979 4928 2181 5010 impossibile

189 5015 390 5080 discedentes
412 5035 430 5078 e
453 5014 521 5078 vita
544 5013 661 5079 liberos
684 5013 887 5094 relinquunt:
911 5009 967 5076 scd
983 5010 1040 5093 qui
1054 5010 1156 5074 futuri
1207 5030 1277 5074 esse
1300 5010 1458 5074 iustitiam
1482 5032 1521 5074 ex
1544 5031 1583 5075 ea
1612 5013 1773 5093 consequi,
1801 5025 1834 5076 et
1862 5014 2064 5095 experientia
2093 5015 2178 5080 idem

188 5112 264 5165 sunt
286 5101 351 5166 illis
373 5101 581 5182 superstites,
616 5120 677 5164 nec
698 5097 794 5162 aliter
824 5098 940 5162 victuri
970 5108 1006 5161 ut
1036 5116 1155 5160 nomen
1207 5096 1344 5160 evincit:
1366 5098 1441 5177 quia
1463 5096 1516 5160 lex
1536 5096 1627 5160 nobis
1645 5097 1794 5179 propriae
1812 5098 1991 5163 iniustitiae
2009 5102 2179 5182 speculum

188 5184 329 5252 habeant
353 5186 418 5251 nisi
440 5187 575 5251 mortuis
597 5185 752 5268 patribus.
797 5183 949 5248 Christus
970 5202 1049 5247 vero
1072 5182 1155 5245 frue·
1207 5192 1264 5245 est.
1310 5181 1412 5245 Porro
1435 5182 1580 5246 doctrina
1602 5182 1797 5246 obtinendae
1818 5184 1969 5268 iustitias,
1994 5207 2093 5268 quam
2117 5198 2180 5252 tra·

187 5279 242 5337 tur
261 5272 372 5338 liberis
394 5273 478 5338 suis:
503 5294 562 5338 nec
584 5274 672 5338 enim
694 5269 850 5335 morietur
868 5268 1154 5345 morehominum,
1208 5266 1255 5331 dit
1289 5265 1451 5349 Christus,
1483 5289 1551 5331 non
1584 5267 1647 5331 alia
1679 5280 1728 5333 est
1761 5289 1855 5351 quam
1888 5271 1991 5353 ipsius
2024 5273 2177 5357 cognitio.
