4784 5970
191 353 209 417 ἰ
1068 350 1119 418 ΙΝ
1141 349 1307 419 lssmnt
2162 351 2183 417 8

276 540 307 607 3.
341 539 427 627 (Vos
458 540 621 626 ιιιιιιιιιιι.)
678 539 892 623 Prosequitur
930 547 1160 624 argumentum
1213 560 1277 689 auo
1316 548 1461 623 tempore
1497 539 1629 607 emersit
1661 540 1765 604 tristis
1797 548 1830 605 et
1861 539 2010 623 squalida
2039 538 2185 620 ecclesia,

190 625 276 710 quod
308 646 446 692 exorsus
479 635 564 709 erat,
598 636 696 707 atque
729 625 917 709 expressius
951 626 1096 692 declaret
1128 647 1163 690 se
1236 623 1404 690 elormitas
1443 625 1569 690 deserto
1608 625 1671 691 luit
1713 625 1851 692 similior
1894 645 1991 709 qnam
2034 625 2186 691 exsilium

189 713 369 778 missurum
400 712 536 794 populo,
570 713 720 795 quamvis
751 713 785 776 in
813 712 953 794 speciem
980 711 1162 795 desperato,
1210 709 1456 795 babylonicum.
1490 708 1557 777 Sed
1579 710 1685 777 voluit
1707 713 1799 778 Deus
1823 722 1968 795 apertam
1991 712 2026 775 in
2044 710 2183 795 deserto,

146 796 152 810 ¹
191 798 358 863 ministros
375 798 612 868 consolationis.
635 797 744 863 Simul
763 799 933 880 praevenit
948 797 1162 864 obiectionem
1214 796 1271 861 ubi
1305 795 1414 861 docuit
1445 796 1603 876 Ioannes,
1635 797 1775 882 figurem
1809 807 1843 862 et
1874 796 2017 880 elfigiem
2054 806 2186 862 exstare

192 902 274 966 quae
306 883 417 947 afferri
448 892 584 965 poterat.
640 883 690 948 Tu
723 883 853 966 quidem
890 882 1054 965 promittis
1087 903 1162 949 con·
1214 881 1353 946 miserae
1384 881 1614 964 dissipationis,
1641 903 1706 965 qua
1732 891 1820 947 totus
1842 882 1995 947 eeclesiae
2017 882 2111 947 decor
2133 883 2185 946 in-

189 967 399 1046 solationem,
431 968 487 1033 sed
518 968 574 1034 ubi
595 977 694 1033 erunt
715 967 915 1051 prophetae?
949 988 1025 1032 nem
1048 968 1084 1032 in
1107 967 1162 1032 de·
1214 987 1332 1033 versus
1361 976 1394 1032 et
1420 989 1519 1051 prope
1541 967 1668 1033 deletus
1690 978 1770 1034 erat.
1813 967 1999 1051 Vereergo
2021 967 2107 1050 quod
2130 967 2185 1033 hic

191 1062 280 1119 serto
312 1053 428 1119 luturi¹
446 1072 577 1120 sumus:
610 1054 697 1118 unde
730 1056 898 1135 perveniet
930 1054 972 1118 ad
1002 1070 1061 1118 nos
1083 1053 1163 1118 haec
1214 1051 1433 1135 metaphorice
1456 1053 1574 1118 dicitur
1596 1075 1615 1117 a
1636 1053 1803 1137 propheta,
1827 1063 1903 1120 tunc
1921 1053 2090 1136 impletum
2108 1053 2184 1117 luit:

190 1137 391 1206 consolatio?
436 1140 590 1205 Testetur
623 1160 700 1222 ergo
733 1138 897 1204 desertum
930 1138 1163 1223 impedimento
1213 1139 1290 1221 quia
1311 1138 1453 1203 Ioannes
1482 1138 1516 1203 in
1550 1138 1646 1204 rebus
1669 1139 1810 1203 maxime
1831 1140 1973 1205 confusis
1994 1148 2028 1203 et
2050 1138 2185 1222 perditis

192 1244 256 1290 nou
279 1225 350 1297 fore
371 1244 434 1306 quo
456 1225 566 1289 minus
587 1226 651 1290 ista
672 1225 892 1290 consolatione
914 1225 1077 1290 fruantur.
1118 1225 1163 1289 et
1214 1223 1334 1289 extulit
1362 1223 1505 1289 laetitiae
1532 1225 1673 1310 signum.
1716 1225 1842 1289 Verum
1863 1224 1995 1307 quidem
2017 1235 2075 1302 est,
2105 1245 2185 1289 ean·

192 1310 342 1375 desertm
364 1309 585 1394 metaphorice
607 1311 733 1392 capitur
756 1331 814 1392 pro
837 1311 988 1376 vastitate
1005 1309 1062 1374 illa
1080 1330 1162 1392 quae
1214 1307 1287 1373 dam
1309 1329 1422 1375 vocem
1444 1310 1564 1375 editam
1587 1311 1677 1392 prius
1698 1310 1796 1375 luisse
1819 1309 2001 1387 aDaniele,
2023 1309 2186 1375 Zacharia

189 1396 304 1460 futura
334 1405 414 1460 erat.
458 1396 534 1460 Non
563 1408 673 1460 tamen
703 1417 786 1478 nego
814 1397 891 1478 quin
914 1394 954 1460 ad
977 1397 1039 1459 iter
1060 1397 1162 1460 inter·
1214 1404 1248 1459 et
1279 1394 1431 1477 reliquis:
1469 1395 1527 1461 sed
1558 1417 1622 1479 quo
1654 1396 1786 1480 propior
1819 1394 1962 1461 instabat
1994 1394 2184 1477 redemptio,

192 1480 335 1547 medium
370 1478 494 1545 alludat
516 1480 685 1565 propheta.
730 1479 912 1546 Videbatur
933 1482 1021 1545 enim
1043 1479 1162 1546 deserti
1214 1480 1376 1546 efficacius
1416 1480 1456 1544 de
1489 1501 1527 1547 ea
1559 1483 1666 1563 potuit
1698 1481 1859 1546 disserere
1891 1479 2045 1546 Ioannes:
2087 1483 2185 1546 sicuti

191 1568 352 1650 asperitas
396 1567 536 1631 reditum
579 1566 806 1632 intercludere.
868 1566 1035 1631 Promittit
1077 1588 1163 1650 ergo,
1213 1566 1311 1630 etiam
1334 1565 1503 1632 Christum
1532 1565 1634 1650 digito
1661 1565 1812 1632 ostendit.
1856 1566 2028 1632 (laetarum
2051 1567 2127 1648 qnia
2147 1567 2183 1630 in

192 1654 324 1718 tametsi
363 1651 545 1717 obstructae
582 1664 691 1717 essent
730 1653 801 1716 viae
837 1672 965 1734 omues,
1005 1673 1064 1717 nec
1097 1652 1164 1716 nlla
1214 1670 1322 1717 crasso
1353 1652 1472 1734 populo
1502 1662 1536 1718 et
1563 1651 1632 1718 fers
1661 1652 1842 1736 stupefacto
1875 1671 1995 1736 paucos
2028 1651 2185 1734 tangebat

191 1738 276 1802 rima
306 1745 448 1820 pateret,
483 1737 660 1803 Dominum
693 1738 755 1803 sibi
788 1758 825 1802 ac
858 1737 926 1803 suis
950 1737 1075 1802 exitum
1106 1759 1163 1820 per
1215 1737 1318 1803 serius
1340 1736 1560 1820 dissipationis
1577 1759 1655 1804 suae
1674 1737 1772 1814 dolor,
1795 1733 2003 1802 solitudinem
2021 1737 2184 1819 quaesivit

192 1822 285 1886 invia
318 1822 411 1888 facile
445 1823 692 1904 patefacturum.
738 1822 804 1888 Alii
839 1823 1043 1907 coniungunt
1064 1824 1162 1906 parti·
1214 1822 1365 1900 Ioannes,
1388 1830 1426 1887 ιιι
1448 1825 1517 1906 ipso
1538 1823 1598 1890 loei
1619 1824 1740 1888 intuitu
1762 1843 1879 1905 parum
1900 1831 2043 1887 attentos
2065 1842 2181 1904 exper-

192 1907 298 1973 eulam
322 1907 407 1973 hane
425 1909 467 1971 In
488 1909 606 1973 ἀιιινιο
629 1930 702 1975 cum
721 1909 866 1973 membro
883 1909 1042 1991 sequenti,
1064 1917 1162 1990 atque
1214 1909 1374 1992 gelaceret
1403 1907 1445 1972 ed
1478 1929 1568 1991 spem
1601 1918 1635 1974 et
1668 1908 1863 1974 desiderium
1896 1908 2074 1991 promissae
2102 1907 2184 1972 lihe-

192 1993 239 2058 ite
260 2005 443 2075 exponunt:
467 1995 584 2058 Parata
603 1995 689 2059 viam
708 1993 849 2058 Iehovec
867 1995 900 2057 in
920 1992 1055 2058 deserto.
1094 1994 1161 2060 Sed
1215 1994 1358 2058 rationis.
1402 1993 1499 2074 Quod
1529 2014 1605 2059 vero
1633 2015 1668 2059 ee
1696 1993 1889 2078 prophetam
1911 2015 1981 2058 esse
2003 2003 2111 2076 neget,
2140 2014 2183 2058 ex

191 2077 321 2143 videtur
354 2079 462 2162 potius
485 2098 596 2144 vocem
619 2079 771 2144 iuducere
794 2078 967 2161 propheta,
1001 2099 1081 2162 quae
1105 2101 1160 2162 pe·
1212 2079 1279 2143 fine
1311 2078 1491 2145 vocationis
1524 2090 1556 2144 et
1589 2080 1755 2147 doctrinae
1784 2100 1911 2146 summa
1938 2077 2072 2161 pendet:
2106 2079 2184 2160 quia

191 2162 274 2228 latos
307 2174 339 2229 et
367 2165 460 2247 quasi
488 2164 529 2229 ab
556 2165 633 2229 orbe
655 2163 822 2229 habitabili
845 2165 997 2248 expulsos
1020 2164 1159 2249 colligat.
1213 2164 1332 2230 missus
1364 2185 1430 2229 nou
1462 2175 1532 2230 erat
1565 2175 1601 2229 ut
1630 2186 1776 2233 seorsum
1806 2167 1998 2248 fungeretur
2026 2165 2184 2229 continuo

191 2250 337 2314 Tametsi
369 2250 451 2315 nihil
484 2258 614 2332 praeter
635 2248 832 2314 horrendam
855 2248 1061 2315 solitudinem
1084 2270 1159 2315 con·
1213 2249 1321 2332 aliquo
1342 2271 1487 2328 munere,
1509 2250 1566 2316 sed
1589 2259 1626 2314 ut
1648 2250 1782 2317 Christo
1804 2251 1960 2332 magistro
1982 2271 2019 2314 ac
2041 2250 2183 2313 Domino

191 2335 342 2417 spioiatis,
364 2345 472 2399 temen
496 2335 575 2400 haec
597 2355 660 2399 vox
679 2335 908 2400 consolationis
925 2356 967 2399 ex
986 2334 1159 2417 prophete·
1213 2336 1409 2399 audientiam
1440 2341 1594 2418 tanquam
1622 2338 1788 2419 apparitor
1815 2337 1944 2402 luceret.
1996 2335 2065 2399 Iam
2097 2335 2183 2416 quod

189 2440 263 2484 rum
296 2441 352 2485 ore
384 2421 543 2485 audietur.
598 2419 689 2486 Haec
726 2421 813 2485 enim
846 2421 885 2484 ad
921 2420 1037 2485 duram
1070 2420 1157 2486 illam
1214 2419 1253 2484 de
1279 2421 1519 2503 impedimentis
1549 2420 1699 2486 tollendis
1728 2423 1781 2486 hic
1811 2421 1946 2496 dicitur,
1980 2442 2043 2485 nou
2067 2422 2183 2484 inseite

191 2505 383 2571 servitutem
412 2506 613 2585 referuntur,
643 2525 741 2587 quam
771 2505 806 2569 in
829 2505 998 2589 Babylone
1020 2507 1161 2571 subituri
1214 2505 1254 2570 ad
1284 2506 1431 2589 singulos
1460 2509 1623 2582 transfert,
1658 2529 1774 2589 nempe
1796 2506 1872 2589 qnia
1895 2515 2030 2570 naturae
2053 2517 2183 2570 nostrae

190 2601 292 2655 erant.
338 2590 428 2672 Quos
457 2613 536 2656 vero
564 2590 735 2672 compellat
756 2592 820 2656 ista
842 2589 930 2655 vox?
961 2613 1002 2655 an
1024 2591 1159 2657 fideles?
1212 2591 1367 2674 pravitas,
1398 2592 1536 2657 flexuosi
1567 2594 1685 2658 mentis
1716 2594 1891 2671 anfractus,
1923 2606 1956 2656 et
1977 2590 2083 2656 cordis
2106 2612 2183 2656 eon·

191 2677 340 2740 minime:
363 2678 420 2743 sed
436 2676 570 2760 Cyrum,
588 2677 717 2754 Persas,
736 2686 768 2741 et
784 2676 907 2756 Medos,
926 2679 981 2759 qni
995 2679 1161 2760 captivum
1212 2678 1353 2741 tumacia
1385 2679 1472 2741 viam
1505 2676 1649 2743 Domino
1682 2678 1912 2761 praecludunt,
1948 2687 1985 2741 ut
2018 2697 2096 2740 vera
2130 2677 2183 2740 sui

189 2759 276 2827 hune
309 2764 466 2845 populum
500 2762 663 2827 tenebant.
715 2761 771 2841 Hi,
800 2783 900 2843 quum
923 2762 1022 2827 alieni
1050 2775 1159 2828 essent
1212 2762 1425 2846 abnegatione
1437 2783 1472 2828 se
1484 2774 1672 2847 comparent
1684 2761 1724 2829 ad
1737 2764 1967 2845 praestandum
1981 2761 2181 2843 obsequium.

190 2847 231 2912 ab
260 2847 414 2930 obsequio
436 2847 510 2925 Dei,
538 2856 701 2930 coguntur
730 2849 885 2930 populum
912 2847 1059 2913 liberare.
1104 2848 1160 2911 Iu·
1297 2849 1327 2913 4.
1350 2846 1476 2933 (Omnis
1494 2847 1612 2934 ιαιιιι.)
1647 2848 1830 2915 Confirmat
1851 2869 1888 2913 ac
1911 2846 2053 2913 declarat
2074 2847 2182 2929 proxi·

190 2933 310 2998 bentur
340 2954 417 3016 ergo
447 2952 561 3015 parare
589 2955 626 2998 ac
654 2944 800 2997 sternere
823 2935 929 3015 viam,
964 2944 999 2997 ut
1021 2933 1161 3016 populus
1211 2953 1297 2997 mam
1321 2935 1525 2999 senteutiam.
1562 2934 1715 3000 Ostendit
1737 2936 1823 2997 enim
1846 2933 1952 2998 nullae
1976 2933 2183 2998 difficultates

189 3017 253 3083 Dei
284 3019 318 3082 in
347 3017 504 3083 Iudaeam
533 3017 718 3082 reducatur.
767 3019 816 3082 Ae
846 3019 874 3082 si
904 3018 1028 3082 dictum
1058 3028 1159 3083 esset:
1211 3015 1355 3083 Domino
1378 3019 1506 3084 obstare
1529 3039 1623 3101 posse
1646 3040 1707 3101 qno
1730 3020 1839 3083 minus
1868 3018 1984 3084 liberet
2012 3019 2181 3084 eeclesiam

189 3103 243 3169 Ex
273 3104 371 3169 inviis
401 3103 516 3186 pervia
545 3102 650 3167 facite.
695 3101 760 3167 Hic
789 3103 1033 3168 commendatur
1056 3105 1106 3168 vis
1129 3114 1161 3168 et
1211 3124 1306 3169 suam
1334 3125 1371 3168 ac
1401 3104 1567 3186 restituat,
1596 3124 1696 3186 quum
1723 3105 1754 3168 ei
1783 3105 1887 3168 visum
1918 3104 2026 3169 fuerit.
2071 3104 2183 3169 Verba

189 3190 332 3254 efficacia
361 3189 550 3272 prophetiae
578 3189 681 3253 istius.
725 3188 809 3252 Nam
832 3188 924 3254 Deus
950 3208 1061 3254 serves
1084 3209 1160 3253 suos
1209 3188 1291 3254 haec
1313 3208 1371 3271 per
1392 3189 1524 3253 modum
1547 3190 1776 3272 imperativum
1799 3189 1965 3254 commode
1995 3188 2086 3254 reddi
2108 3211 2182 3272 pos·

189 3284 347 3357 potestate
381 3276 546 3340 instruens
576 3284 613 3338 ut
646 3272 794 3339 homines
826 3294 940 3338 saevos
972 3283 1005 3338 et
1037 3274 1160 3357 rapinis
1211 3283 1299 3351 sent,
1329 3286 1365 3338 ut
1392 3296 1457 3339 uno
1485 3283 1639 3339 contextu
1668 3275 1778 3339 iubeat
1800 3274 1891 3340 Deus
1915 3295 1973 3358 per
2004 3296 2081 3340 suos
2109 3295 2183 3358 pro-

190 3359 324 3438 deditos,
352 3371 384 3423 et
414 3370 491 3424 tunc
514 3358 696 3442 Babylonis
726 3359 864 3425 victores
886 3360 1020 3425 iubeant
1040 3360 1159 3442 populo
1211 3358 1328 3444 phetas
1351 3360 1436 3425 viam
1459 3358 1520 3425 sibi
1543 3359 1649 3443 aptari
1671 3369 1703 3424 et
1726 3362 1874 3443 aequari:
1908 3359 1965 3425 sed
1993 3361 2027 3425 in
2051 3381 2086 3425 re
2112 3363 2183 3443 ipsa

189 3466 248 3511 sno
266 3444 407 3511 reditum
425 3446 592 3521 conficere,
615 3445 778 3528 significat
797 3444 881 3509 nihil
898 3446 966 3510 fore
984 3444 1158 3523 obstaculo,
1211 3465 1328 3528 parum
1357 3454 1408 3509 est
1437 3444 1643 3511 discriminis.
1689 3443 1838 3512 Sufficiat
1866 3456 1977 3511 tenere
2006 3444 2183 3528 prophetae

190 3552 254 3614 quo
287 3531 396 3596 minus
430 3550 488 3595 sna
517 3531 686 3613 promissio
715 3529 931 3612 compleatur:
965 3531 1039 3612 quie
1068 3531 1160 3596 velut
1211 3529 1400 3597 consilium:
1434 3529 1595 3611 Quamvis
1618 3531 1737 3597 multae
1760 3541 1793 3596 et
1821 3531 1941 3595 arduae
1973 3530 2183 3596 difficultates

189 3615 388 3682 conductitia
419 3617 563 3681 omnium
599 3636 697 3698 opera
724 3625 844 3680 utetur.
895 3615 992 3682 Unde
1020 3616 1159 3700 insignis
1211 3636 1282 3682 sese
1297 3615 1451 3681 obiiciant
1466 3615 1506 3679 ad
1522 3616 1661 3681 salutem
1677 3617 1830 3682 ecclesiae
1845 3615 2026 3697 arcendam,
2050 3636 2183 3681 manum

189 3705 325 3770 affertur
340 3700 525 3781 consolatio,
545 3722 644 3784 quum
660 3700 809 3766 videmus
824 3700 932 3765 Deum
951 3702 1158 3785 profanorum
1211 3711 1321 3766 tamen
1352 3699 1417 3766 Dei
1450 3703 1650 3782 superiorem
1684 3702 1751 3767 lore
1784 3711 1817 3766 et
1846 3703 2022 3767 victricem.
2075 3700 2184 3768 Simul

188 3788 360 3856 homiuum
382 3807 482 3870 opera
503 3789 553 3851 uti
576 3787 610 3850 in
633 3787 771 3851 salutem
789 3794 943 3866 nostram,
965 3787 1006 3851 ad
1024 3806 1159 3869 eamque
1212 3786 1393 3852 notandum
1408 3795 1467 3864 est,
1490 3807 1619 3870 semper
1634 3788 1739 3853 multa
1753 3788 1986 3870 impedimenta
2003 3808 2183 3869 occurrere,

190 3883 354 3942 creaturas
394 3892 525 3948 omues,
571 3892 671 3954 quum
712 3892 765 3937 res
802 3873 948 3954 postulat
986 3871 1159 3937 destinare.
1211 3873 1335 3956 quoties
1363 3870 1462 3937 saluti
1492 3884 1623 3937 nostrae
1659 3873 1797 3939 consulit
1823 3872 1931 3947 Deus,
1966 3871 2019 3936 vel
2053 3873 2183 3938 afflictis

190 3959 286 4042 Quod
310 3965 418 4023 autem
443 3959 496 4023 via
518 3978 582 4023 uon
601 3956 740 4032 Iudaeis,
764 3958 820 4022 sed
843 3957 903 4040 ipsi
922 3956 994 4021 Deo
1016 3957 1161 4040 paranda
1212 3956 1284 4025 vult
1305 3978 1504 4037 succurrere,
1526 3956 1642 4040 quibus
1664 3967 1773 4023 tamen
1792 3958 1895 4042 magis
1914 3957 2098 4022 illustratur
2113 3959 2184 4023 eius

184 4067 262 4112 esse
283 4044 410 4120 dicitur,
436 4042 490 4107 hio
511 4044 609 4109 etiam
632 4043 851 4108 testimouium
874 4042 1040 4126 singulare
1063 4043 1160 4108 habe·
1211 4043 1325 4128 gloria.
1369 4041 1436 4107 Nos
1458 4063 1536 4109 vero
1558 4043 1640 4107 nihil
1663 4045 1805 4110 iacturae
1829 4044 1973 4109 facimus.
2018 4043 2102 4108 Nam
2125 4042 2183 4107 ad·

190 4153 264 4197 mus
286 4130 406 4194 amoris
429 4130 529 4212 ipsius
552 4148 629 4212 erga
650 4148 727 4192 nos:
750 4130 834 4210 quod
851 4129 886 4192 in
904 4148 939 4192 se
958 4129 1161 4195 transscribit
1212 4126 1395 4194 mirabilem
1429 4127 1499 4193 eius
1532 4128 1711 4212 potentiam
1745 4150 1782 4194 eo
1815 4131 1919 4213 magis
1956 4130 2183 4211 conspicimus,

191 4213 348 4302 quidquid
376 4215 409 4278 in
439 4214 577 4279 sulutem
607 4215 699 4279 electi
729 4212 838 4296 populi
868 4214 1042 4297 spectabat.
1087 4214 1159 4280 Non
1213 4234 1313 4298 quum
1335 4212 1443 4279 nullae
1465 4213 1636 4278 hominum
1654 4214 1741 4280 vires
1761 4218 1818 4279 ant
1835 4223 1971 4278 conatus
1989 4224 2044 4278 aut
2059 4215 2184 4278 machi·

191 4312 262 4369 erat
302 4309 411 4366 antem
445 4300 588 4365 Domino
626 4297 874 4373 ambulandum,
914 4320 974 4365 nec
1007 4301 1062 4364 via
1094 4300 1162 4367 ulla
1209 4301 1360 4365 'nationes
1390 4298 1547 4365 obsistere
1575 4315 1728 4381 possunt,
1761 4321 1825 4383 quo
1854 4300 1962 4365 minus
1991 4299 2031 4362 ad
2062 4311 2183 4363 metam

191 4386 370 4471 indigebat:
394 4384 451 4449 sed
474 4406 531 4450 nos
553 4387 599 4449 ita
621 4383 681 4450 sibi
704 4386 894 4451 coniunctos
916 4404 986 4449 esse
1008 4385 1161 4465 ostendit,
1213 4405 1304 4452 suam
1336 4384 1508 4469 pertingat.
1565 4385 1630 4450 Per
1663 4395 1789 4451 montes
1822 4385 1909 4449 enim
1944 4393 1976 4448 et
2008 4394 2185 4468 praerupta

192 4484 230 4540 ut
258 4472 343 4555 quod
372 4473 411 4536 fit
438 4470 474 4535 in
504 4480 649 4536 nostram
680 4471 834 4554 gratiam,
865 4470 925 4534 sibi
954 4470 1016 4552 ipsi
1039 4469 1161 4537 laetum
1212 4472 1284 4537 loca
1305 4470 1351 4536 sic
1374 4469 1505 4536 deducit
1526 4491 1610 4551 suos,
1634 4493 1670 4536 ac
1692 4472 1720 4535 si
1743 4471 1841 4553 plana
1862 4473 1994 4534 omnino
2011 4471 2065 4534 via
2088 4483 2183 4535 esset.

192 4561 298 4626 ducat.
332 4556 425 4638 Quae
447 4556 598 4639 loquendi
618 4558 702 4620 ratio
719 4556 905 4637 frequenter
921 4554 997 4620 alibi
1012 4558 1160 4635 occurrit,
1213 4557 1281 4622 Neo
1303 4575 1382 4620 vero
1406 4555 1538 4621 dubium
1561 4566 1611 4622 est
1637 4557 1715 4638 quin
1744 4557 1893 4620 mentium
1919 4561 1947 4620 et
1973 4555 2096 4620 mutem
2125 4574 2184 4619 no-

191 4656 230 4712 nt
259 4664 359 4726 quum
392 4641 509 4707 dicitur
531 4650 697 4725 egressum
720 4662 790 4706 esse
813 4641 920 4705 Deum
945 4641 979 4705 in
1001 4642 1159 4724 proelium
1213 4643 1301 4708 mine
1333 4641 1491 4724 propheta
1518 4641 1660 4707 cuiusvis
1689 4643 1818 4726 generis
1847 4641 2013 4707 obstacula
2042 4641 2184 4723 figurate

193 4752 267 4796 oum
283 4727 415 4796 Christo
434 4747 508 4792 suo:
527 4728 606 4791 item
622 4729 785 4809 equitasse
803 4749 861 4810 per
879 4725 1017 4791 mediam
1034 4729 1162 4811 Aegyp
1213 4726 1384 4811 intelligat.
1427 4724 1548 4792 Omnia
1571 4727 1657 4792 enim
1681 4727 1813 4791 molitur
1836 4725 1955 4802 Satan,
1986 4737 2021 4790 ut
2043 4726 2184 4792 salutem

193 4829 280 4881 tum:
300 4817 378 4879 item
396 4813 523 4878 sublato
541 4812 662 4877 vexillo
679 4833 737 4894 per
755 4813 920 4878 desertum
933 4832 1008 4877 suos
1021 4812 1161 4879 duxisse.
1214 4822 1360 4878 nostram
1393 4812 1559 4895 impediat.
1611 4812 1701 4896 Ergo
1735 4813 1790 4877 uhi
1823 4813 1863 4876 ad
1894 4810 2099 4894 spiritualem
2131 4832 2184 4876 re·

192 4901 259 4967 Hie
277 4901 366 4966 locus
383 4899 501 4963 citatur
519 4898 560 4964 ab
578 4898 797 4980 evangelistis,
816 4898 977 4962 etloanni
994 4897 1162 4981 Baptistae
1214 4898 1433 4981 demptionem
1455 4900 1605 4976 venitur,
1635 4896 1688 4963 his
1710 4897 1818 4962 verbis
1839 4898 1994 4962 interiora
2016 4895 2113 4961 simul
2137 4911 2182 4961 at·

194 4987 385 5070 applicatur,
415 4987 507 5066 quasi
536 4983 575 5049 de
604 4984 673 5067 ipso
704 4983 784 5049 haec
803 4982 969 5066 praedicta
990 4984 1072 5049 sint:
1104 5004 1163 5049 neo
1214 5004 1277 5067 que
1316 4984 1479 5049 exteriora
1518 4982 1754 5065 impedimenta
1793 4980 2022 5066 comprehendi
2056 4988 2184 5047 certum

192 5071 372 5138 immerito:
416 5071 478 5135 luit
516 5070 602 5134 euim
643 5069 816 5152 primarius
848 5069 935 5134 iuter
968 5069 1098 5134 nuntios
1131 5076 1164 5135 et
1215 5079 1279 5134 est:
1303 5070 1495 5152 cupiditates
1513 5081 1545 5133 et
1562 5089 1680 5152 pravos
1698 5068 1840 5145 affectus,
1864 5067 2083 5144 ambitionem,
2106 5065 2186 5131 stul·

217 5176 370 5223 raeeones
399 5163 529 5221 nostrae
551 5154 790 5237 redemptionis,
820 5157 912 5220 cuius
934 5153 991 5220 illa
1012 5177 1030 5220 e
1052 5154 1162 5239 Baby·
1214 5161 1281 5219 tam
1304 5155 1547 5232 confidentiam,
1577 5152 1830 5237 impatientiam,
1861 5154 1978 5236 quibus
2007 5154 2125 5218 mirum
2149 5154 2184 5217 in

193 5177 268 5309 ιοιιι
296 5241 475 5325 redemptio
505 5251 605 5326 typus
634 5241 860 5307 tantummodo
889 5240 960 5305 luit.
1012 5242 1056 5305 Et
1085 5260 1163 5307 sane
1213 5239 1345 5306 modum
1368 5240 1580 5317 retardamur,
1603 5239 1660 5305 sed
1682 5259 1720 5304 ee
1742 5241 1851 5304 omnia
1870 5239 2029 5322 Dominus
2051 5239 2184 5304 abrum-
