4784 5970
191 367 255 433 543
1000 358 1386 429 Paaeuecmoltrts
2135 360 2202 427 544

192 561 225 621 et
242 553 357 628 fusius,
381 563 413 616 et
426 549 611 616 videbimus
633 548 770 614 eandem
793 546 1046 614 similitudinem
1067 545 1165 610 etiam
1217 565 1335 628 parum
1368 544 1514 611 modesta
1549 547 1602 613 vel
1631 547 1788 613 maritum
1819 547 2018 632 perdiderit,
2052 547 2110 614 vel
2141 570 2199 614 ex-

192 638 264 705 aliis
286 637 373 702 loeis.
420 635 486 702 Sed
509 635 590 700 satis
613 632 769 716 estquod
793 632 938 700 breviter
968 631 1165 714 eompleetor
1217 638 1341 714 spectet
1362 629 1495 714 aliquod
1517 632 1749 716 gravissimum
1771 633 1904 717 malum,
1926 634 2063 718 planget
2081 642 2200 717 peetus

192 722 368 810 prophetae
391 729 544 787 mentem.
589 720 662 785 Iam
691 719 855 800 adiungit.
887 718 998 784 Etiam
1026 716 1166 800 pudefiat
1218 736 1330 793 suum,
1364 715 1418 783 vel
1447 736 1565 784 manus
1598 739 1674 784 suas
1707 719 1756 784 ita
1786 719 1932 786 extollet.
1984 720 2088 786 Hune
2119 740 2199 805 ergo

191 810 230 875 ab
251 807 428 891 Aegyptiis,
457 808 551 872 sicuti
572 806 743 887 pudefaeta
763 825 796 870 es
817 804 857 870 ab
878 803 1035 888 Assyriis.
1080 802 1165 866 Nam
1217 809 1346 884 gestum
1370 801 1462 884 ponit
1483 802 1640 869 Ieremias
1661 803 1697 868 in
1720 806 1852 889 signum
1881 812 2049 872 extremae
2079 804 2199 888 despe-

190 904 267 960 ante
296 907 426 976 tempus
450 892 612 957 Ezechiae
645 889 758 955 foedus
791 898 1022 973 percusserant
1051 886 1166 953 Iudaei
1218 888 1371 953 rationis:
1401 888 1493 969 quasi
1516 889 1647 968 dioeret,
1674 887 1767 955 Adeo
1788 889 1913 969 foedus,
1941 890 2029 974 quod
2052 891 2198 957 Iudaeos

191 1001 267 1045 oum
290 979 437 1061 Assyriis
468 977 625 1042 adversus
648 976 763 1059 Syrios
785 984 819 1039 ot
840 973 1018 1051 Israelitas,
1052 992 1165 1055 quem·
1217 972 1354 1037 inflabat
1375 973 1477 1037 stulta
1499 975 1662 1055 superbia,
1688 995 1755 1040 non
1776 975 1847 1041 lore
1867 975 1934 1041 illis
1956 976 2047 1055 utile,
2078 983 2119 1040 ut
2140 997 2197 1059 po·

191 1064 367 1131 admodum
398 1063 478 1128 satis
510 1071 625 1128 notum
656 1069 720 1125 est:
755 1058 873 1126 deinde
905 1080 1020 1125 rursus
1052 1066 1166 1123 eontra
1218 1059 1283 1122 tius
1306 1057 1457 1122 ultimam
1483 1058 1612 1124 sladem
1644 1059 1762 1126 afferat
1787 1080 1864 1127 oum
1890 1061 2084 1145 ignominia.
2130 1061 2197 1126 No·

191 1150 383 1233 Aegyptios.
416 1146 527 1228 Quum
550 1147 639 1212 enim
661 1145 784 1211 bellam
806 1145 973 1228 aliquanto
995 1154 1070 1227 post
1087 1153 1165 1207 tem·
1218 1143 1318 1207 tanda
1349 1153 1459 1208 autem
1493 1144 1667 1227 praeeipue
1700 1142 1784 1211 ratio
1817 1153 1883 1223 ast,
1919 1165 2004 1228 quae
2034 1146 2197 1229 seqnitur,

191 1256 270 1320 pore
292 1244 444 1297 exertum
468 1245 552 1297 esset
575 1230 615 1296 ab
638 1231 830 1315 Aegyptiis,
858 1231 915 1312 qui
937 1231 1069 1295 fuerant
1090 1249 1166 1294 oon·
1221 1228 1377 1308 Quoniam
1398 1228 1596 1294 abominatur
1618 1229 1756 1296 Iebooab
1778 1230 1981 1311 eontideatias
1999 1236 2085 1298 tuas.
2130 1232 2195 1298 Ubi

191 1320 357 1395 foederati,
381 1328 506 1382 mutato
524 1316 660 1383 oonsilio
679 1317 812 1397 proleoti
833 1322 913 1380 sunt
930 1315 1164 1398 inAssyriam:
1217 1312 1361 1377 ostendit
1393 1313 1569 1397 propheta,
1608 1336 1667 1381 eur
1700 1324 1768 1380 tam
1800 1317 1916 1383 aoerbe
1948 1316 2109 1399 loquutus
2141 1318 2196 1383 sit.

192 1414 225 1471 et
244 1405 312 1469 illio
330 1424 365 1468 se
380 1402 634 1468 reooneiliarunt
653 1402 790 1465 vetustis
807 1401 875 1466 suis
894 1399 1049 1476 hostibus,
1068 1409 1166 1480 atque
1218 1398 1353 1463 Poterat
1374 1400 1463 1464 enim
1486 1400 1590 1466 videri
1611 1399 1692 1466 illud
1716 1400 1973 1484 hyperbolieum,
1996 1401 2088 1484 quod
2110 1400 2196 1469 dioe-

193 1492 255 1556 hoe
276 1510 405 1571 quoque
435 1487 615 1553 seeundum
648 1486 760 1550 foedus
793 1485 968 1551 infeliciter
1001 1485 1165 1551 sueeessit.
1218 1492 1268 1547 ret
1289 1484 1446 1566 populum
1469 1485 1610 1549 similem
1630 1505 1702 1552 esse
1723 1487 1887 1552 meretriei
1914 1486 2079 1571 perditae,
2113 1507 2197 1570 qnae

191 1576 284 1641 Dicit
317 1575 420 1657 igitur
454 1572 613 1656 propheta
646 1571 787 1635 eundem
828 1569 898 1635 fere
931 1571 998 1636 illis
1030 1570 1165 1647 exitum,
1218 1567 1416 1634 diseurreret
1446 1589 1505 1651 per
1531 1591 1645 1636 omnes
1668 1572 1746 1637 vias
1792 1570 1860 1638 Sed
1889 1571 1971 1639 haee
1997 1573 2086 1638 ratio
2117 1573 2197 1638 eatis

192 1681 288 1743 quem
312 1660 401 1741 prius
420 1658 548 1739 experti
566 1659 703 1721 fuerant.
730 1656 823 1721 Deua
841 1655 931 1721 enim
948 1657 1167 1740 eastigaverat
1218 1653 1328 1718 valere
1350 1654 1463 1719 debuit
1484 1654 1525 1719 ad
1548 1654 1692 1721 tollenda
1712 1657 1928 1741 subterfugia,
1962 1677 2086 1740 nempe
2108 1657 2196 1740 quod

191 1749 337 1830 ipserum
359 1744 494 1824 impiam
518 1742 740 1818 defectionem,
773 1762 875 1823 quum
898 1740 1032 1823 profeoti
1056 1746 1166 1805 essent
1218 1758 1388 1821 perperam
1407 1740 1611 1806 eonfiderent
1627 1742 1662 1806 in
1678 1741 1745 1807 illis
1762 1741 1932 1809 fullonibus
1949 1743 2095 1819 auxiliis.
2113 1762 2196 1825 quae

191 1834 228 1895 in
247 1831 428 1912 Assyriam.
462 1829 533 1892 Iam
558 1827 645 1903 dieii,
667 1826 770 1891 nihile
793 1824 912 1892 melius
934 1825 994 1890 tibi
1014 1823 1167 1892 sueeedet
1218 1824 1365 1890 seiebant
1386 1846 1406 1889 a
1427 1826 1500 1889 Deo
1523 1847 1594 1891 esse
1616 1825 1797 1893 maledieta.
1836 1828 1922 1893 Nam
1945 1829 1973 1893 si
1994 1829 2058 1893 hoe
2079 1829 2195 1893 fuhset

191 1937 292 1999 quum
327 1915 459 1978 venient
493 1912 651 1995 Aegyptii
683 1911 724 1974 ad
757 1932 852 1993 opem
888 1911 948 1976 tibi
987 1910 1166 1989 ferendam,
1218 1909 1376 1974 divinitus
1398 1910 1603 1992 permissum,
1626 1932 1692 1976 non
1711 1920 1781 1977 tam
1797 1933 1911 1980 severe
1932 1913 2100 1996 obiurgsti
2121 1912 2196 1978 fuis-

191 2021 288 2084 quam
322 1998 399 2063 dum
430 1999 559 2081 Assyrii
594 1997 685 2078 prius
716 2003 886 2062 venerunt.
931 1996 1016 2061 Nam
1045 1997 1166 2062 seimus
1217 2001 1299 2060 sent.
1344 1994 1527 2074 Caeterum,
1560 1997 1714 2078 quoniam
1736 1997 1829 2064 Deus
1851 1997 2068 2081 prohibuerat
2090 2019 2133 2063 ne
2153 1997 2194 2061 ad

191 2105 320 2167 semper
349 2083 515 2165 expositos
547 2083 646 2146 fuisse
680 2082 818 2163 praedae
844 2081 997 2159 Iudaeos,
1031 2089 1065 2147 et
1092 2081 1166 2163 plus
1217 2079 1400 2163 Aegyptios
1421 2082 1645 2164 oonlugeront,
1676 2082 1756 2147 haee
1777 2083 1883 2166 primo
1905 2082 1968 2148 fuit
1991 2081 2194 2148 detestabilis

190 2173 335 2236 iaeturae
366 2188 478 2251 passos
500 2168 600 2232 fuisse
623 2186 643 2229 a
664 2167 761 2232 eoeiie
783 2167 862 2243 suis,
895 2187 995 2249 quam
1018 2187 1037 2229 a
1060 2166 1166 2229 mani·
1217 2165 1431 2230 confidentia:
1466 2166 1584 2231 deinde
1608 2167 1684 2233 hine
1704 2167 1828 2233 faetum
1850 2176 1911 2247 est,
1940 2175 1978 2232 ut
1999 2180 2195 2251 spernerent

191 2256 282 2322 iestis
305 2254 459 2318 hostibus.
505 2253 598 2317 Haeo
627 2251 690 2315 fuit
718 2254 807 2317 iusta
834 2271 959 2317 meroes
987 2251 1166 2332 impietatis
1221 2250 1282 2313 Dei
1305 2251 1475 2330 auxilium,
1508 2262 1541 2315 et
1562 2252 1654 2334 quasi
1682 2251 1860 2319 abiieerent
1887 2272 2002 2318 omnes
2023 2255 2100 2319 eius
2120 2273 2193 2335 pro·

191 2343 336 2424 ipsorum
366 2343 400 2402 et
427 2337 627 2402 defeotionis.
673 2337 764 2402 Deus
793 2337 895 2419 igitur
927 2336 1104 2400 denuntiat
1132 2357 1167 2400 se
1219 2335 1398 2401 missiones.
1443 2335 1554 2416 Quum
1576 2337 1665 2402 enim
1687 2337 1781 2402 affixi
1802 2347 1912 2403 essent
1942 2358 2059 2403 eorum
2094 2338 2194 2404 animi

191 2426 260 2492 iore
290 2423 452 2490 vindieem
486 2423 648 2488 seeundae
681 2421 884 2502 defeetionie,
917 2421 1013 2488 sieuti
1047 2422 1166 2504 prioris
1218 2419 1403 2503 Aegyptiis,
1436 2421 1594 2504 putabant
1623 2423 1689 2489 illia
1711 2423 1851 2488 salutem
1872 2422 1936 2488 sibi
1957 2443 2030 2489 esse
2052 2432 2192 2489 sertam:

191 2519 269 2577 ante
292 2512 408 2574 luerat.
453 2507 622 2589 Sequitur,
1216 2506 1265 2569 ita
1287 2526 1351 2569 nen
1375 2515 1504 2571 tantum
1537 2506 1683 2587 refrixit,
1714 2506 1771 2572 sed
1801 2528 1904 2592 prope
1936 2509 2105 2575 exstineto
2135 2507 2194 2572 tuit

1217 2590 1281 2655 Dei
1304 2592 1475 2656 invoeatio.
1507 2591 1667 2658 Videmus
1688 2613 1766 2676 ergo
1789 2613 1855 2658 non
1878 2593 2036 2659 exoodere
2060 2592 2193 2659 modum

276 2681 329 2745 37.
358 2678 488 2742 Etiam
512 2677 550 2741 ab
572 2678 626 2742 lieo
647 2676 701 2761 (ab
725 2679 786 2742 hae
808 2699 852 2754 re,
876 2676 937 2741 hoo
959 2686 1010 2741 eet
1032 2684 1166 2759 propter
1217 2675 1421 2759 prophetam,
1439 2676 1495 2741 ubi
1507 2683 1678 2760 tantopere
1692 2676 1902 2744 exoandesoit
1915 2687 2031 2744 eontra
2041 2677 2193 2757 Iudaeos,
2287 2712 2292 2725 ·

190 2767 253 2832 hoe
285 2763 404 2847 seelus)
437 2763 608 2845 egredieris
639 2767 666 2826 et
697 2782 812 2827 tianae
844 2767 916 2827 tuae
947 2782 1042 2843 super
1071 2768 1166 2844 caput
1217 2769 1339 2824 ettam
1362 2762 1577 2844 ignominiose
1606 2783 1661 2828 eos
1689 2761 1847 2840 tradueit,
1881 2783 1999 2846 nempe
2032 2765 2189 2846 quoniam

189 2858 285 2931 taata,
307 2851 384 2932 qaia
406 2850 573 2914 detestatur
595 2848 732 2913 Ielteoalt
753 2847 954 2927 confidentiae
975 2853 1058 2929 tuas,
1081 2853 1110 2912 et
1129 2848 1165 2912 irs
1217 2846 1454 2911 transtulerant
1474 2846 1612 2930 gloriam
1635 2848 1698 2914 Dei
1721 2848 1762 2912 ad
1784 2848 1977 2932 Aegyptios,
2000 2868 2107 2930 quum
2129 2850 2190 2914 sei·

190 2938 256 3004 illis
278 2957 340 3001 aea
355 2954 507 3014 prospere
529 2932 587 2998 tibi
608 2934 754 2999 succedet.
897 2964 900 2968 ·
1217 2930 1293 2997 lieet
1326 2941 1479 3013 putarent
1499 2952 1558 3031 eos
1577 2932 1640 2997 sibi
1667 2934 1734 3033 lere
1756 2943 1887 3000 autores
1918 2933 2053 2999 salutis:
2089 2943 2123 2999 et
2149 2934 2193 2999 ita

278 3103 408 3167 Clarius
431 3101 589 3181 exprimit
611 3101 696 3182 quod
715 3103 844 3166 dixerat
862 3101 902 3166 de
920 3103 1039 3182 probro
1057 3103 1164 3184 gentis
1216 3018 1561 3183 diddililnlmepiibletadlleil
1583 3018 2037 3185 pgqqtrsgqqrteehffim
2050 3019 2193 3188 egbald}

191 3209 279 3268 suae,
298 3207 416 3267 nempe
427 3186 568 3248 Iudaeos
586 3186 648 3249 sibi
663 3207 827 3251 aeaersere
846 3186 997 3250 ultimum
1016 3188 1163 3270 exitium,
1216 3187 1315 3252 total
1336 3188 1538 3267 confidentiae
1559 3193 1640 3271 tuas,
1663 3190 1788 3271 inquit:
1819 3189 1948 3265 Postea,
1972 3188 2050 3254 Nom
2065 3209 2193 3270 prespe-

192 3273 248 3337 ubi
270 3278 388 3353 putant
418 3271 478 3333 sibi
509 3270 649 3333 salutem
679 3290 749 3334 esse
779 3270 956 3352 repositam
988 3271 1076 3353 apud
1100 3275 1164 3335 Aa·
1216 3272 1340 3336 rebaris
1360 3273 1396 3336 ia
1416 3273 1492 3338 illie.
1537 3273 1611 3339 Hoe
1634 3274 1808 3357 diligenter
1829 3272 2010 3340 notandum
2038 3286 2107 3352 eet,
2139 3275 2192 3339 ubi

191 3359 332 3443 gyptios.
378 3355 450 3418 Hoo
472 3353 603 3434 quidem
634 3364 705 3418 erat
726 3354 934 3436 inoredibile,
964 3376 1040 3419 nam
1063 3376 1165 3438 quum
1217 3357 1302 3438 quod
1324 3358 1527 3423 instituimus
1538 3360 1610 3423 Deo
1629 3379 1696 3424 non
1715 3358 1830 3440 planet,
1852 3380 1917 3425 non
1935 3379 2032 3442 posse
2055 3359 2193 3425 ielieitsr

191 3442 347 3526 Aegyptii
379 3450 490 3504 essent
521 3440 639 3515 vieini,
681 3451 760 3504 tune
794 3449 904 3504 autem
936 3439 1000 3504 sibi
1037 3451 1165 3505 tantum
1217 3441 1340 3519 sedere,
1364 3444 1439 3523 quia
1461 3442 1624 3508 Dominus
1653 3453 1779 3510 evertet
1810 3465 1923 3509 omues
1944 3464 2021 3527 spes
2053 3452 2191 3511 nostras

192 3533 376 3592 metuerent
410 3522 525 3588 Iudaei
559 3526 599 3589 ab
633 3526 779 3608 Assyriis
812 3537 845 3591 et
879 3523 1072 3602 Chaldaeis,
1110 3527 1166 3608 qui
1218 3525 1369 3591 Seiamus
1391 3528 1493 3610 igitur
1513 3527 1567 3594 hie
1588 3529 1725 3612 proponi
1747 3550 1887 3611 poenam
1908 3529 2064 3595 omnibus
2086 3530 2191 3597 inore·

191 3616 287 3696 longe
310 3610 425 3675 remoti
448 3621 558 3688 erant,
589 3610 748 3691 putabant
770 3610 832 3675 sibi
854 3611 977 3694 optime
998 3632 1069 3677 esse
1092 3630 1165 3694 pro·
1217 3609 1313 3689 dulia,
1331 3612 1389 3694 qui
1407 3632 1472 3677 non
1495 3613 1638 3678 eontenti
1649 3613 1715 3679 Dei
1737 3614 1909 3696 praesidio,
1933 3624 2101 3697 vagantur
2122 3625 2193 3699 poet

192 3710 353 3779 speetum:
376 3692 474 3775 quid?
500 3695 608 3760 hostes
632 3696 734 3759 nostri
755 3695 876 3761 absunt
893 3719 912 3760 a
930 3696 1025 3762 nobie
1046 3697 1165 3762 itinere
1217 3717 1320 3763 vanae
1341 3708 1376 3761 et
1397 3697 1528 3763 lallaeee
1548 3719 1624 3763 suas
1645 3699 1798 3776 fidaeias,
1828 3710 1863 3764 et
1883 3699 2014 3765 malunt
2042 3699 2193 3766 homines

193 3782 311 3864 viginti
334 3788 392 3843 aut
414 3779 550 3860 triginta
573 3778 716 3843 dierum:
747 3782 805 3861 qui
826 3790 935 3846 autem
958 3784 1065 3881 parati
1087 3795 1166 3882 eunt
1216 3782 1277 3849 sibi
1300 3782 1428 3882 ‘habere
1457 3784 1629 3867 propitios,
1662 3805 1761 3866 quam
1790 3782 1899 3850 Deum
1929 3785 2051 3867 ipsum.
2096 3784 2194 3852 Nune

191 3864 1166 4032 ttii’rtftlltttttgtlltistif‘ltttitittit?
1216 3873 1374 3950 „„„,

192 4036 347 4110 diximus,
371 4054 439 4096 rem
462 4053 554 4097 suam
579 4053 649 4098 esse
669 4034 704 4096 in
725 4039 807 4097 tuto.
840 4033 907 4098 Sed
931 4034 1091 4116 propheta
1112 4035 1166 4101 hie

193 4119 365 4185 denuntiat
395 4117 492 4200 longe
525 4120 612 4199 ipsos
645 4117 732 4192 falli,
769 4118 925 4198 Qooaiam
951 4125 1085 4200 propter
1111 4120 1166 4187 boe

192 4205 300 4281 seclae,
323 4202 384 4266 hoe
406 4212 464 4280 est,
487 4204 640 4282 quoniam
663 4202 789 4267 eonfuei
810 4204 912 4284 impio
935 4204 990 4269 illo
1013 4216 1047 4269 et
1068 4205 1165 4270 male·
1520 4195 1659 4266 CAPUT
1683 4196 1887 4266 TERTIUM.

194 4291 280 4357 dieto
312 4285 441 4351 foedere
474 4288 536 4351 sibi
569 4289 767 4369 promittunt
800 4308 912 4370 paoem
942 4289 984 4354 ab
1007 4289 1164 4368 hostibus,

194 4375 245 4441 vel
269 4376 388 4455 putant
405 4391 440 4435 ee
458 4371 547 4435 nullo
569 4373 698 4455 negotio
716 4371 867 4437 hostibus
885 4372 952 4437 fore
966 4376 1164 4456 superiores:
1304 4377 1332 4441 1.
1366 4376 1523 4455 Dicenda,
1555 4379 1588 4443 ei
1612 4378 1768 4443 dimiserit
1795 4378 1846 4442 eir
1875 4395 2006 4442 uxorem
2034 4396 2140 4459 estora,
2168 4383 2196 4444 et

187 4464 318 4543 propter
339 4457 403 4535 ltee,
433 4456 556 4536 inquit,
585 4458 765 4539 egredieris.
809 4457 902 4521 Nihil
925 4468 1034 4522 autem
1057 4460 1166 4524 minus
1211 4462 1352 4542 profesta
1373 4464 1412 4526 ab
1433 4484 1466 4527 ee
1486 4463 1583 4543 fuerit
1604 4464 1667 4529 viri
1689 4463 1822 4528 alteriue
1855 4461 2001 4545 houset,
2025 4463 2196 4528 transierit

193 4543 348 4610 credibile
369 4549 439 4605 erat
458 4540 595 4619 Iudaeis,
618 4563 716 4623 quam
740 4541 825 4624 quod
848 4552 926 4606 tuno
948 4542 1074 4607 dieebat
1097 4564 1166 4624 pro-
1218 4546 1258 4608 ad
1281 4546 1381 4609 alium
1406 4548 1538 4632 virum),
1565 4569 1608 4614 aa
1629 4552 1798 4613 revertetur
1882 4566 1953 4611 eam
1973 4546 2105 4615 adhue?
2129 4550 2195 4613 Art·

193 4628 303 4713 pheta.
348 4626 433 4689 Nam
464 4644 566 4704 quum
589 4628 746 4708 Aegyptii
780 4648 815 4691 ee
844 4638 1044 4708 opponerent
1065 4627 1165 4693 Ohal·
1217 4650 1281 4693 aaa
1299 4632 1471 4712 pollutione
1486 4632 1611 4711 polluta
1632 4637 1675 4698 est
1698 4638 1783 4698 terra
1804 4633 1841 4696 ia
1859 4631 1938 4698 beo?
1960 4637 1989 4697 et
2006 4637 2043 4697 ta
2059 4639 2197 4699 seoriota

194 4712 283 4777 daeis
313 4711 417 4774 instar
446 4710 542 4784 muri,
571 4718 604 4773 et
626 4721 736 4774 essent
765 4712 856 4792 quasi
886 4712 1165 4794 inexpugnabiles,
1218 4735 1250 4778 es
1272 4735 1341 4778 eam
1366 4716 1459 4780 sociis
1487 4718 1613 4783 maltis.-
1643 4718 1807 4784 Revertere
1834 4722 1939 4782 tamen
1960 4717 2003 4783 od
2024 4737 2090 4796 me,
2122 4719 2195 4784 dicit

194 4797 268 4880 quis
290 4815 357 4857 non
381 4803 527 4875 putasset
549 4793 740 4875 tranquillos
762 4796 832 4859 tore
846 4796 984 4860 Iudaeos
1007 4799 1041 4858 in
1060 4799 1166 4877 patria
1219 4798 1363 4865 remeat.

194 4883 277 4947 sua?
312 4878 510 4960 digrediens,
539 4879 654 4960 inquit,
684 4885 711 4942 st
732 4901 846 4945 menas
867 4886 938 4944 tuae
959 4901 1054 4961 saper
1074 4889 1167 4961 eaput
1190 4828 1193 4935 l

192 4972 290 5031 tuam.
328 4963 400 5028 Hoe
423 4972 517 5047 gestu
539 4964 703 5047 signifieat
725 4963 872 5028 ultimam
896 4964 1165 5045 desperationem.
1190 4938 1193 5081 l
1303 4971 1427 5034 Putant
1446 4972 1538 5036 multi
1557 4973 1646 5036 hune
1664 4992 1794 5038 versum
1807 4993 1849 5036 ex
1864 4971 2014 5054 proximo
2037 4972 2196 5055 pendere:

195 5049 352 5115 Mulieres
372 5050 459 5112 enim
479 5048 531 5113 vel
551 5050 721 5130 plangunt,
740 5048 795 5112 ubi
813 5050 904 5113 adest
922 5050 1031 5130 aliqua
1050 5049 1167 5131 elades,
1190 5084 1192 5103 ι
1217 5063 1249 5118 et
1271 5055 1318 5117 ita
1340 5055 1452 5137 legant
1472 5078 1536 5121 uno
1556 5069 1724 5136 eontextu,
1747 5058 1856 5122 Deum
1874 5057 2058 5122 abominari
2077 5078 2197 5139 pravas

195 5135 247 5200 vel
276 5133 459 5198 extendunt
493 5135 626 5199 braehia
655 5153 730 5196 sua:
765 5132 1036 5213 quemadmodum
1071 5135 1166 5199 hodie
1217 5139 1431 5205 confidentiae
1461 5142 1580 5223 populi,
1611 5144 1765 5225 quoniam
1798 5141 1894 5221 dieat,
1925 5151 2003 5208 ete..
2032 5140 2104 5208 Sed
2135 5165 2198 5207 non

193 5239 322 5303 quoque
345 5219 494 5284 videmus
516 5239 612 5301 saepe
634 5218 667 5282 id
691 5217 771 5282 fieri.
806 5218 890 5281 Nam
912 5219 940 5282 ei
964 5240 1027 5299 qua
1049 5221 1166 5284 mulier
1191 5244 1193 5264 ¹
1218 5233 1323 5304 petest
1357 5225 1418 5291 hoe
1451 5224 1536 5309 (meo
1564 5226 1696 5312 iudieio)
1728 5227 1898 5310 quadrare.
1949 5228 2079 5293 Novam
2112 5230 2199 5294 euim
