4784 5970
188 377 229 444 tt
1077 377 1126 444 IN
1147 377 1315 445 ISAIAII
2147 378 2190 445 88

189 589 249 634 suc
270 567 496 651 praeoccupati
517 566 626 632 Deum
648 566 763 631 andire
785 587 852 630 non
875 565 1061 649 dignantur.
1103 567 1162 631 El·
1215 567 1320 632 fidelis
1341 569 1465 632 censeri
1486 567 1583 632 debet
1602 567 1659 650 qui
1676 567 1841 632 notionem
1856 564 1919 631 Dei
1932 565 2024 631 intus
2035 564 2188 646 occultat,

189 653 260 719 ficit
287 653 374 718 enim
403 652 457 718 hic
477 663 685 734 contemptus
705 663 830 717 utnon
853 653 1056 735 resipiscant,
1084 655 1162 734 quin
1215 675 1275 719 neo
1298 673 1440 735 unquam
1462 656 1603 736 erumpit
1624 655 1659 718 in
1681 652 1918 719 confessionem
1936 651 2096 717 raritatis.

189 739 299 822 potius
320 739 534 822 pervicaciter
556 746 713 802 tueantur
734 758 878 802 errorem
900 758 1006 802 suum.
1051 736 1163 802 Domi·
1301 738 1482 824 (Propterea
1503 738 1630 824 sciath.)
1663 739 1713 804 Ne
1735 737 1884 802 videatur
1906 734 2071 802 Dominus
2095 736 2187 803 tasti-

190 845 253 889 nns
285 835 394 889 autem
428 824 470 889 ad
502 822 684 888 docendum
718 833 850 906 paratus
882 832 966 898 erat,
1007 826 1035 888 si
1065 825 1162 888 modo
1215 825 1360 888 monium
1393 835 1504 906 petere
1536 824 1576 888 de
1607 846 1644 889 rc
1675 827 1802 908 ignota,
1834 822 2017 907 subiungit:
2054 821 2186 898 Sciatis,

190 910 303 992 aequis
325 910 443 973 animis
464 910 569 992 ipsum
587 908 700 973 audire
718 908 906 973 voluissent.
939 908 989 972 Eo
1006 910 1163 992 magistro
1214 909 1367 985 credetis,
1396 909 1604 993 intelligetis:
1635 930 1699 993 qua
1729 910 1902 975 verborum
1929 908 2014 974 serie
2043 908 2187 973 ostendit

189 995 303 1060 nullus
334 995 449 1059 melior
481 996 592 1076 quaeri
632 1004 756 1076 potest:
800 1014 913 1058 verum
946 996 1097 1077 snperbia
1129 1005 1163 1058 et
1214 995 1312 1060 fidem
1337 995 1537 1060 confessione
1557 997 1699 1078 priorem
1721 1014 1800 1060 esse.
1845 992 1884 1060 si
1905 995 2007 1079 igitur
2027 993 2186 1060 confessio

190 1081 378 1164 arrogantia
403 1100 459 1144 cos
481 1088 596 1144 verum
619 1101 753 1145 cernere
774 1091 807 1143 et
828 1081 937 1144 Deum
959 1078 1072 1143 audire
1095 1100 1161 1143 non
1214 1103 1255 1146 ex
1277 1083 1414 1146 summis
1436 1081 1535 1146 labris
1557 1081 1701 1163 prodeat,
1724 1101 1789 1144 non
1812 1101 1854 1144 ex
1876 1083 1995 1159 animo,
2018 1078 2139 1144 frivola
2154 1092 2187 1144 et

190 1168 279 1232 sinit.
313 1166 531 1231 Excusatione
554 1166 656 1249 igitur
677 1171 806 1231 carent:
831 1167 908 1247 quia
924 1164 1032 1230 Deum
1054 1164 1162 1247 palam
1214 1168 1321 1231 inanis
1347 1176 1404 1231 est.
1449 1166 1517 1231 Nec
1539 1187 1617 1231 vero
1640 1167 1739 1230 talem
1761 1164 1904 1248 postolat
1924 1165 2100 1244 Dominus,
2128 1184 2187 1229 nec

190 1251 356 1317 docentem
388 1261 547 1335 respuunt
575 1263 780 1333 arroganter,
810 1272 870 1316 nec
898 1253 968 1315 eius
995 1250 1162 1316 doctrinae
1214 1251 1340 1334 probat.
1372 1251 1529 1335 Superest
1548 1263 1656 1316 tamen
1676 1253 1710 1316 in
1728 1251 1840 1316 ordino
1857 1252 1995 1315 istorum
2012 1250 2185 1315 verborum

189 1339 407 1421 acquiescunt.
460 1336 545 1400 Nam
577 1337 605 1401 si
635 1339 734 1418 probe
761 1336 984 1413 attenderent,
1017 1357 1083 1400 non
1105 1337 1163 1400 abs
1215 1339 1323 1402 nescio
1353 1337 1431 1420 quid
1461 1337 1673 1416 difficultatis,
1702 1339 1794 1415 scire,
1824 1336 1964 1413 credere,
1989 1335 2184 1420 intelligere.

188 1444 226 1488 re
241 1423 432 1506 pronuntiat
446 1421 549 1486 Isaiae
564 1443 712 1487 cessuros
727 1431 765 1486 nt
778 1422 979 1487 subscribere
993 1432 1162 1506 cogantur.
1215 1423 1283 1488 Nee
1306 1425 1393 1487 enim
1416 1423 1471 1505 qni
1493 1424 1610 1501 sciunt,
1632 1423 1764 1488 credere
1786 1421 1955 1487 dicuntur:
1979 1441 2039 1486 neo
2058 1420 2186 1505 vulgari

189 1509 236 1574 Et
268 1520 356 1574 certe
388 1509 571 1590 quicunque
604 1508 724 1572 dociles
753 1529 789 1572 aa
822 1507 1037 1590 praebebunt,
1071 1507 1162 1570 iacile
1216 1508 1368 1591 loquendi
1401 1529 1504 1585 more,
1545 1509 1600 1573 ubi
1633 1509 1770 1574 scientia
1802 1517 1869 1584 est,
1902 1506 1969 1571 illic
2000 1507 2084 1572 fides
2116 1527 2186 1572 asse

189 1596 361 1659 veritatem
385 1594 447 1657 Dei
475 1595 570 1657 firmo
592 1606 626 1656 ct
645 1593 755 1658 stabili
776 1593 907 1673 iudicio,
938 1614 1002 1657 non
1026 1613 1109 1675 vaga
1130 1605 1163 1657 et
1215 1605 1332 1676 potest.
1376 1593 1504 1658 Deinde
1532 1593 1710 1677 ambigitur
1739 1593 1816 1675 quid
1845 1593 2077 1676 intelligentia,
2105 1613 2187 1674 quae

190 1701 349 1762 suspensa
371 1678 522 1759 opinione
545 1678 714 1743 fundatam
738 1679 882 1761 agnituri
904 1689 990 1743 sunt.
1216 1679 1290 1743 fidei
1319 1680 1489 1744 subiicitur
1518 1681 1610 1762 quasi
1637 1681 1806 1762 posterior,
1840 1700 1860 1743 a
1881 1679 2018 1744 scientia
2046 1676 2185 1742 differat.

277 1763 327 1828 10.
357 1763 441 1848 (Vos
472 1767 562 1828 testes
593 1764 677 1849 mei.)
726 1764 901 1845 Postquam
936 1767 969 1828 in
998 1773 1162 1839 certamen
1215 1764 1283 1831 Sed
1312 1765 1469 1846 propheta
1497 1765 1558 1830 hoc
1579 1765 1648 1830 loco
1669 1765 1810 1829 ostendit
1831 1763 1995 1847 quandam
2017 1784 2092 1829 esse
2111 1762 2186 1829 fidei

190 1852 381 1933 provocavit
412 1849 502 1914 Deus
535 1863 666 1932 gentes,
698 1863 732 1913 et
765 1870 851 1914 vana
880 1855 1064 1914 commenta
1092 1871 1162 1914 csso
1215 1852 1504 1935 praeparationem,
1533 1871 1597 1933 qua
1625 1850 1717 1915 Deus
1747 1849 1845 1914 verbo
1878 1870 1936 1914 suc
1965 1848 2186 1914 reverentiam

190 1935 334 2002 ostendit
362 1955 445 2018 quae
472 1933 512 1998 de
542 1935 610 1999 suis
640 1934 734 1999 idolis
764 1934 976 2019 spargebant:
1011 1955 1099 1999 nunc
1127 1956 1162 2000 sa
1215 1937 1375 2017 conciliat,
1398 1935 1454 1999 ubi
1477 1938 1534 1999 tali
1556 1935 1752 2001 adminiculo
1773 1956 1854 2017 opus
1871 1956 1942 1999 esse
1961 1934 2058 2000 ridet.
2094 1933 2188 1999 Fidei

191 2021 232 2087 ab
253 2041 365 2086 eorum
387 2041 487 2104 grege
508 2020 633 2095 eximit,
664 2031 761 2102 atque
783 2042 861 2085 suos
883 2034 982 2085 testes
1004 2020 1161 2102 producit,
1215 2021 1345 2102 quidem
1372 2021 1504 2084 initium
1534 2030 1585 2085 eat
1613 2021 1791 2095 humilitas,
1821 2040 1885 2102 qua
1913 2041 2029 2085 sensus
2057 2029 2187 2084 nostms

192 2129 234 2173 ne
273 2107 419 2172 eiusdem
440 2106 651 2170 conditionis
690 2127 764 2171 cum
798 2105 862 2171 illis
898 2128 969 2171 esse
1004 2106 1162 2170 videatur.
1215 2107 1287 2171 Deo
1308 2109 1456 2189 captivos
1478 2107 1680 2171 subiicimus:
1712 2108 1769 2171 sed
1791 2107 1866 2188 quia
1889 2106 2072 2170 doctrinam
2095 2106 2187 2171 nobis

191 2191 278 2259 Suos
307 2194 407 2275 igitur
436 2202 543 2267 testes,
574 2212 693 2273 eosque
720 2212 853 2256 veraces
882 2190 1002 2255 habere
1031 2213 1066 2255 se
1093 2192 1163 2255 iure
1215 2192 1356 2257 oblatam
1389 2214 1452 2256 non
1482 2214 1520 2256 ea
1549 2193 1744 2257 certitudine
1766 2192 1994 2273 amplectimur
2017 2211 2085 2273 qna
2106 2212 2187 2273 opus

192 2279 364 2359 gloriatur:
399 2279 476 2358 quia
509 2276 701 2342 coelestibus
731 2277 870 2342 oraculis
899 2277 1003 2341 edocti
1034 2277 1163 2341 lucrant
1215 2290 1280 2352 est,
1312 2279 1542 2359 experimentis
1576 2300 1636 2342 nos
1669 2279 1759 2342 Deus
1791 2277 1980 2359 confirmat,
2015 2287 2053 2340 ut
2087 2276 2188 2341 solida

192 2363 306 2428 Iudaei
333 2376 490 2444 quantum
514 2362 555 2425 ad
578 2362 712 2426 solidam
736 2361 966 2428 certitudinem
989 2363 1162 2426 sufficeret.
1216 2363 1394 2428 credamus.
1439 2361 1495 2428 Sic
1524 2363 1687 2428 Iohannes
1717 2362 1801 2447 (leh.
1824 2363 1877 2445 20,
1900 2361 1933 2447 8)
1962 2362 2064 2426 refert
2092 2372 2188 2427 acet

190 2448 324 2513 Interea
356 2446 624 2530 ingratitudinem
655 2449 753 2512 tacite
782 2448 848 2512 illis
877 2448 1067 2528 exprobrat,
1099 2449 1163 2510 nisi
1187 2460 1192 2589 Ι
1215 2449 1352 2513 Petrum
1380 2448 1555 2513 credidisse
1577 2450 1756 2531 scripturis,
1785 2469 1885 2531 quum
1908 2446 2059 2512 viderent
2080 2468 2187 2512 resur·

130 2550 134 2561 '
192 2553 404 2616 quaecunque
438 2533 479 2595 ad
506 2532 641 2614 gloriam
671 2533 734 2597 Dei
762 2533 969 2597 asserendam
999 2533 1162 2615 pertinent
1216 2536 1368 2598 rectionis
1409 2534 1531 2598 Christi
1577 2536 1669 2616 signa
1713 2535 1746 2597 in
1791 2534 1949 2615 sepulcro.
2011 2530 2070 2598 Sic
2109 2531 2188 2598 alibi

192 2620 254 2684 sibi
276 2629 440 2699 comperta
457 2637 525 2682 esse
541 2619 637 2700 pleno
652 2640 707 2682 ora
724 2618 917 2700 praedicent.
952 2618 1164 2684 Contestatur
1187 2598 1191 2713 l
1216 2618 1310 2705 (lbid.
1334 2620 1364 2693 2,
1387 2619 1442 2705 22)
1466 2620 1542 2684 dicit
1564 2621 1597 2684 in
1616 2619 1786 2685 Christum
1809 2618 1985 2702 discipulos
2002 2617 2186 2692 credidisse,

192 2716 280 2771 certe
310 2723 365 2768 eos
394 2714 427 2768 et
456 2703 598 2780 adiurat,
634 2726 673 2768 ne
702 2704 832 2769 silentio
865 2717 979 2788 tegant
1008 2703 1164 2770 vaticinia
1187 2726 1191 2791 p
1215 2707 1270 2770 ubi
1309 2704 1479 2788 impletum
1522 2706 1582 2769 luit
1615 2705 1700 2786 quod
1740 2726 1781 2769 ex
1814 2726 1869 2777 ore
1902 2704 1972 2767 cius
2005 2703 2186 2769 audierant.

193 2790 311 2875 quibus
333 2809 413 2853 vera
435 2788 548 2871 religio
571 2789 700 2872 probari
724 2800 864 2870 poterat:
897 2792 1056 2872 quiahoc
1078 2800 1163 2854 esset
1216 2789 1354 2856 Summa
1384 2792 1484 2873 igitur
1512 2803 1576 2864 est,
1610 2790 1749 2854 Iudaeos
1777 2778 1910 2871 re‘ipsa
1938 2809 2105 2870 sensuros,
2132 2789 2188 2854 ubi

192 2876 316 2940 iniuste
334 2896 395 2938 suo
417 2875 576 2956 praesidio
599 2875 749 2939 fraudare
773 2876 889 2939 bonam
912 2895 1052 2941 eausam.
1097 2876 1164 2940 Per
1187 2826 1191 2933 l
1215 2877 1318 2959 signis
1352 2876 1462 2940 adiuta
1495 2876 1593 2940 luerit
1625 2897 1737 2940 eorum
1772 2877 1866 2951 fides,
1899 2895 2048 2941 veracem
2079 2874 2188 2939 Deum

192 2981 317 3027 aeream
346 2959 495 3023 nonnulli
524 2959 712 3044 intelligunt
733 2960 869 3025 Isaiam:
904 2960 962 3024 sed
992 2959 1076 3025 malo
1098 2961 1162 3024 col·
1187 2956 1191 3061 l
1215 2963 1328 3027 colere.
1362 2960 1493 3025 Interea
1515 2962 1710 3025 discernitur
1729 2961 1832 3026 solida
1850 2959 2187 3036 fidesaoredulitate,

194 3047 312 3111 lective
334 3047 418 3109 sumi
443 3063 502 3125 pro
525 3044 674 3109 omnibus
697 3045 879 3128 prophetis:
910 3056 959 3110 est
981 3048 1067 3109 enim
1092 3066 1164 3108 mu·
1188 3064 1191 3093 ³
1216 3067 1298 3128 quae
1316 3048 1404 3110 leves
1423 3046 1572 3111 homines
1591 3058 1712 3111 temere
1730 3047 1874 3111 abducit:
1893 3066 2071 3128 acsemper
2089 3047 2188 3111 donat

194 3133 273 3196 tatio
307 3131 445 3194 numeri.
497 3129 571 3195 Hoc
605 3151 680 3195 vero
713 3152 829 3195 nomen
864 3132 1070 3214 peculiariter
1103 3131 1163 3194 im·
1217 3133 1336 3196 electos
1365 3151 1442 3195 suos
1465 3131 1556 3195 Deus
1577 3133 1710 3197 scientia
1731 3144 1763 3197 et
1788 3131 1915 3211 iudicio,
1945 3152 2009 3213 quo
2032 3152 2188 3197 remma

193 3219 334 3300 pesitum
357 3226 406 3279 cst
420 3215 599 3297 prophetis,
622 3237 702 3299 quos
718 3214 879 3280 Dominus
897 3215 938 3279 ad
956 3215 1164 3280 asserendam
1217 3217 1296 3281 falso
1329 3215 1539 3299 distinguant.
1591 3216 1748 3300 Sequitur
1776 3218 1891 3282 deinde
1920 3217 2001 3282 fidas
2030 3225 2065 3281 ct
2095 3219 2188 3282 firma

195 3304 366 3368 veritatem
397 3321 488 3364 suam
525 3301 632 3383 elegit.
684 3302 752 3366 Nec
784 3316 891 3366 tamen
921 3302 1054 3366 dubium
1084 3301 1164 3382 quin
1216 3301 1385 3380 certitudo,
1414 3317 1448 3365 ut
1479 3300 1636 3386 quidquid
1667 3304 1852 3367 aDomino
1879 3303 2003 3368 dietum
2036 3310 2090 3368 cat
2118 3303 2188 3367 sine

196 3390 274 3453 dum
292 3386 448 3470 singulari
469 3407 603 3450 numero
622 3408 702 3451 usus
722 3397 771 3451 est
793 3387 995 3470 potissimum
1011 3385 1166 3469 spectarit
1217 3388 1417 3452 dubitatione
1432 3388 1679 3471 amplectantur.
1701 3388 1801 3454 Fides
1818 3388 1935 3452 deinde
1950 3386 2188 3471 intelligentiae

195 3475 231 3539 in
253 3473 434 3551 Christum,
462 3473 497 3535 in
528 3493 590 3553 quo
619 3472 807 3555 prophetiae
835 3493 948 3537 omnes
970 3471 1166 3537 clauduntur
1215 3473 1320 3538 lucem
1347 3475 1450 3556 magis
1477 3493 1514 3537 ae
1544 3475 1647 3557 magis
1676 3475 1710 3537 in
1739 3473 1906 3538 mentibus
1928 3471 2095 3539 accendit:
2124 3474 2188 3537 imo

196 3582 234 3625 ac
252 3559 474 3643 perficiuntur.
509 3557 558 3620 Eo
575 3578 711 3640 quoque,
736 3572 772 3621 ut
789 3578 918 3621 summo
937 3566 1029 3634 teste,
1052 3578 1164 3622 omnes
1215 3560 1395 3624 secundum
1424 3560 1545 3643 gradus
1570 3562 1731 3642 profectus
1753 3560 1868 3624 crescit
1889 3558 1989 3624 etiam
2011 3567 2046 3623 et
2067 3559 2188 3624 clarius

198 3647 344 3710 homines
373 3644 514 3707 maxime
542 3644 688 3709 convinci
718 3655 842 3710 certum
874 3653 932 3707 est.
978 3642 1164 3707 Notandum
1216 3644 1351 3728 effulget
1383 3644 1533 3727 cognitio.
1582 3645 1674 3709 Haec
1707 3660 1814 3709 autem
1847 3664 1945 3710 sensu
1979 3654 2094 3709 nostro
2123 3664 2189 3709 non

197 3743 309 3795 tamen
337 3740 386 3793 est
415 3727 494 3792 illud
524 3728 609 3810 quod
639 3729 704 3793 dixi
736 3729 918 3804 consilium,
951 3727 1090 3793 Iudaeos
1112 3727 1166 3791 ad·
1216 3731 1306 3807 finnt,
1335 3730 1392 3793 sed
1423 3730 1544 3795 virtute
1570 3732 1704 3812 spiritus
1728 3732 1843 3810 sancti,
1872 3740 2033 3813 quatenns
2056 3730 2190 3812 abipso

197 3817 305 3882 vocari
335 3816 368 3877 in
399 3824 507 3887 testes,
535 3820 572 3878 ut
600 3814 844 3897 ingratitudinis
873 3815 960 3897 ipsos
987 3814 1164 3890 insimulet,
1216 3815 1448 3879 illuminamur.

197 3902 261 3967 nisi
288 3899 388 3965 libere
421 3900 586 3982 proferant
616 3898 702 3981 quod
732 3900 875 3981 postulat
903 3901 1046 3982 ipsorum
1077 3898 1165 3975 fides,
1302 3899 1406 3986 (qaeu
1432 3921 1485 3984 eqo
1511 3901 1604 3986 sum.)
1654 3899 1825 3984 Significat
1858 3901 1918 3966 hoc
1946 3899 2033 3979 loeo,
2068 3901 2190 3984 requiri

198 3990 253 4071 qui
283 3996 331 4049 tot
352 3993 483 4066 tamque
506 3985 689 4067 insignibus
715 3985 917 4050 documentis
939 3984 1080 4066 acceptis
1103 3982 1166 4049 Dei
1217 3985 1257 4049 ad
1281 3985 1376 4050 fidem
1396 3998 1433 4050 ut
1450 3987 1591 4050 sciamus
1609 3988 1757 4068 quisnam
1775 3988 1819 4050 sit
1837 3987 1928 4052 Deus
1946 3999 2068 4062 noster,
2091 3999 2189 4069 atque

197 4071 374 4156 potentiam
406 4084 439 4133 et
466 4070 640 4135 bonitatem
664 4071 816 4152 ignorare
839 4091 902 4134 non
926 4080 1083 4152 poterant,
1115 4069 1166 4133 vel
1217 4092 1292 4135 eum
1322 4091 1392 4135 csse
1422 4092 1516 4151 quem
1539 4071 1683 4154 colimus,
1713 4093 1777 4134 non
1801 4072 1916 4137 alium:
1946 4093 1986 4135 ne
2006 4071 2110 4137 stulte
2133 4092 2189 4140 va·

198 4164 233 4224 in
263 4157 397 4222 dubium
427 4158 498 4220 sine
520 4155 654 4238 perfidia
676 4175 806 4219 summa
827 4176 989 4221 revocare.
1035 4153 1167 4220 Interea
1218 4167 1313 4240 getur
1331 4168 1427 4238 atque
1446 4157 1573 4220 oberret
1592 4179 1684 4222 mens
1703 4168 1820 4233 nostra,
1842 4158 2017 4239 omniaque
2033 4157 2190 4223 admittat

199 4243 395 4330 generaliter
427 4241 571 4306 ostendit
603 4240 772 4307 ecclesiam
805 4262 824 4304 a
857 4240 997 4304 Domino
1030 4241 1166 4305 electam
1218 4261 1299 4322 quae
1322 4240 1492 4305 hominum
1514 4241 1632 4306 iudicio
1656 4243 1888 4323 probabuntur.
1923 4242 1999 4308 Non
2016 4243 2190 4327 eetigitur

199 4351 286 4408 esse,
324 4339 361 4392 ut
393 4327 613 4392 testimonium
647 4326 762 4390 reddat
795 4326 862 4390 eius
897 4327 1035 4390 veritati.
1091 4326 1166 4405 Quo
1218 4326 1298 4390 fides
1320 4346 1404 4407 quae
1425 4326 1546 4407 aliquid
1568 4328 1702 4392 arbitrio
1725 4349 1783 4393 suo
1801 4329 1968 4411 confingit,
1988 4337 2046 4393 aut
2066 4341 2190 4394 temere

199 4417 297 4481 etiam
327 4414 459 4477 nomine
489 4423 623 4477 vocatur
653 4411 797 4475 aPaulc
827 4411 976 4475 columna
1003 4423 1034 4474 et
1058 4413 1166 4475 firma·
1218 4412 1320 4476 cuivis
1339 4412 1424 4475 dicto
1442 4411 1653 4490 adhaerescit,
1677 4413 1847 4478 autdubia
1865 4414 2006 4493 vacillat,
2027 4413 2087 4480 sed
2105 4434 2190 4496 quae

200 4512 345 4566 mentum
383 4498 542 4562 veritatis.
597 4496 749 4562 Officium
788 4497 890 4581 igitur
923 4496 1076 4562 ecclesiae
1108 4506 1167 4572 eet,
1219 4498 1264 4562 sic
1297 4497 1433 4561 fundata
1462 4507 1511 4561 est
1539 4499 1570 4560 in
1602 4501 1696 4563 firma
1724 4499 1933 4573 certitudine,
1966 4510 2005 4564 ut
2032 4500 2069 4563 in
2093 4501 2190 4565 nnius

201 4588 373 4652 veritatem
413 4584 498 4648 tueri
538 4594 571 4647 et
608 4604 803 4667 propagare,
844 4591 880 4645 ut
912 4603 931 4646 a
965 4582 1101 4663 posteris
1135 4581 1167 4644 in
1221 4582 1290 4646 veri
1322 4582 1384 4646 Dei
1423 4583 1609 4664 obsequium
1648 4605 1682 4648 se
1719 4583 1871 4649 addicens
1904 4585 2043 4650 factitios
2075 4606 2191 4651 omnes

200 4691 295 4738 omne
325 4691 441 4736 aevum
471 4669 612 4735 colatur:
643 4690 706 4732 non
737 4668 820 4749 quod
845 4667 1007 4732 Dominus
1031 4667 1090 4730 hoc
1112 4666 1168 4730 ud·
1220 4665 1307 4732 Deos
1336 4669 1428 4748 quasi
1455 4688 1496 4730 ex
1518 4669 1584 4732 alto
1608 4669 1771 4751 despiciat,
1803 4671 1994 4752 animosque
2016 4671 2137 4736 liberet
2158 4679 2192 4736 et

200 4761 347 4824 iumento
380 4765 487 4839 egeat,
519 4755 573 4818 sed
605 4756 681 4836 quia
708 4753 792 4835 apud
825 4752 971 4816 homines
994 4752 1053 4817 hoc
1076 4749 1169 4815 modo
1219 4755 1343 4817 eximat
1373 4752 1413 4816 ab
1446 4756 1564 4818 erroris
1598 4769 1693 4819 metu.
1743 4755 1831 4820 Hine
1864 4756 2081 4838 perspicimus
2111 4756 2191 4839 quid

202 4845 371 4909 veritatem
411 4861 502 4905 suam
542 4848 693 4903 testatam
734 4860 803 4902 esse
840 4857 877 4902 ac
910 4838 1047 4902 stabiliri
1082 4837 1168 4901 velit.
1221 4837 1260 4901 de
1290 4837 1445 4919 implicita
1474 4840 1670 4921 papistarum
1702 4840 1764 4904 fide
1787 4840 1998 4907 iudicandum
2020 4842 2074 4908 sit.
2120 4842 2192 4907 He·

201 4928 325 4995 Omnes
344 4936 452 4992 autem
471 4926 581 4990 fideles
600 4926 651 4988 hic
670 4924 895 5005 complectitur
909 4923 1020 4999 Isaiae,
1043 4922 1170 5004 quando
1221 4925 1323 4987 mines
1345 4923 1431 4987 onim
1454 4924 1585 4988 hebetes
1608 4937 1704 5007 atque
1727 4925 1962 5009 intelligentiae
1981 4947 2113 5011 vacuos,
2133 4927 2191 5011 qui

201 5015 351 5079 omnibus
385 5013 446 5077 hcc
479 5011 655 5075 testimonii
688 5008 812 5073 ferendi
846 5029 964 5073 munus
993 5008 1170 5073 incumbit:
1221 5008 1277 5072 vix
1306 5008 1442 5073 stridere
1469 5009 1590 5092 aliquid
1620 5010 1658 5074 de
1688 5012 1798 5094 ignoto
1822 5012 1874 5075 vel
1895 5014 2019 5077 incerto
2041 5012 2116 5079 Deo
2138 5035 2193 5097 po-

202 5101 258 5165 sed
288 5100 457 5182 praecipue
479 5097 648 5171 ministris,
679 5097 734 5177 qui
759 5095 851 5158 velut
871 5093 1078 5175 antesignani
1101 5113 1170 5157 csso
1222 5104 1339 5170 terunt,
1369 5093 1478 5160 fideles
1506 5095 1658 5176 iudicant,
1692 5096 1785 5160 modo
1809 5100 2024 5179 profiteantur
2045 5121 2083 5164 se
2105 5100 2194 5166 idem

201 5205 238 5251 ac
261 5186 396 5249 caeteris
429 5183 577 5265 exemplo
601 5183 725 5263 praeire
748 5180 874 5244 debent.
919 5180 997 5243 Ideo
1020 5190 1053 5243 ct
1075 5199 1169 5260 pecu·
1222 5178 1351 5243 credero
1374 5179 1457 5261 quod
1479 5193 1591 5245 sancta
1610 5191 1714 5244 mater
1728 5183 1872 5249 ecclesia.
1907 5185 2008 5266 Atqui
2027 5183 2194 5251 Dominus

201 5269 293 5337 liaris
326 5290 438 5335 eorum
467 5272 509 5334 -fit
541 5269 679 5334 mentio:
714 5268 748 5331 in
782 5285 899 5349 genero
934 5277 1041 5329 tamen
1077 5284 1170 5329 nemo
1223 5286 1291 5330 rem
1314 5265 1393 5330 adeo
1417 5266 1565 5330 frivolam
1589 5288 1652 5331 non
1675 5267 1887 5347 commendat,
1914 5269 1971 5335 aad
1993 5271 2094 5337 fidem
2116 5293 2194 5339 eum
