4784 5970
187 370 252 436 423
1071 367 1122 435 IN
1143 366 1311 434 ISAIAM
2128 363 2192 429 424

188 576 282 623 nem:
304 577 365 623 nee
383 557 419 621 in
436 557 629 621 uuiversum
653 575 766 620 omnes
788 555 902 620 eodem
925 555 1024 620 exitio
1047 553 1163 620 deleat.
1216 553 1271 621 bie
1293 557 1450 621 armentis
1472 564 1567 640 aptus
1589 560 1668 621 erat.
1701 553 1863 620 Videmus
1884 553 1939 619 hie
1960 551 2191 636 promissiones

189 643 259 710 Nee
288 663 366 709 vero
396 650 527 707 tantum
562 639 717 724 iutelligit
748 640 818 724 pios
848 640 918 706 fore
946 640 1072 718 salros,
1106 639 1164 705 sed
1218 640 1281 705 Dei
1302 661 1367 706 non
1387 651 1515 707 tantum
1537 641 1676 718 futurae,
1700 640 1877 706 sedetiam
1900 639 2085 722 praesentis
2103 638 2191 703 vitae

189 729 332 811 aliquem
363 728 520 811 populum
550 729 758 809 superstitem
788 727 867 807 iore,
896 728 932 790 in
954 746 1018 809 qno
1045 745 1164 790 nomeu
1217 725 1374 792 benefitia
1395 729 1571 805 continere,
1593 732 1632 792 ut
1654 726 1757 810 magis
1779 745 1817 792 ae
1833 745 1887 790 ma
1912 726 1938 790 's
1960 724 2189 790 liberalitatem

188 815 294 898 ipsius
320 815 501 879 invoeetur.
546 813 655 893 Atque
677 810 848 895 diligenter
871 811 1015 877 notanda
1044 821 1095 876 est
1121 811 1164 876 si·
1217 811 1287 876 eius
1310 832 1348 878 ae
1371 812 1619 878 beneficentiam
1643 821 1822 896 gustemus.
1901 811 1930 877 is
1950 810 2040 876 enim
2064 808 2106 874 ad
2128 829 2191 874 me·

189 899 350 965 militudo.
406 900 555 982 Exiguae
592 898 680 961 enim
716 896 872 979 reliquias
907 898 977 962 fore
1012 896 1163 975 ostendit,
1217 897 1287 961 iora
1315 917 1353 963 aa
1382 898 1622 980 praestantiora
1654 895 1802 962 eoelestis
1831 896 1917 961 vitae
1949 894 2113 961 benefida
2142 894 2191 960 iu·

190 1005 269 1068 prae
302 1005 341 1048 ea
374 983 586 1049 multitudine
620 1003 703 1064 qnae
736 992 815 1047 tuno
847 991 936 1047 erat:
968 983 1065 1047 sieuti
1098 983 1163 1046 iam
1217 983 1370 1047 vitemur.
1426 982 1522 1062 Quod
1557 981 1719 1047 Dominus
1755 982 1987 1047 liberalitatem
2024 999 2121 1045 suam
2156 980 2190 1045 in

190 1082 289 1135 antea
325 1071 353 1134 1.
384 1090 454 1152 eap.
489 1067 689 1132 declaratum
723 1076 781 1132 est.
837 1066 934 1148 Quod
971 1076 1081 1132 autem
1117 1067 1165 1150 pii
1217 1087 1336 1149 peoora
1365 1087 1467 1150 usqne
1496 1077 1529 1133 et
1558 1076 1708 1132 armenta
1738 1066 1901 1144 extendit,
1935 1086 1994 1131 nos
2021 1086 2060 1131 eo
2087 1067 2190 1149 magis

191 1175 289 1238 saepe
318 1176 392 1221 eum
421 1154 566 1236 reprobis
597 1152 676 1217 dant
703 1172 842 1236 poenes,
875 1174 919 1217 ne
941 1152 1104 1216 immerito
1131 1151 1164 1216 id
1217 1152 1406 1218 eonfirmari
1436 1152 1528 1218 deest
1548 1173 1587 1218 aa
1609 1153 1765 1218 nertiorss
1784 1150 1876 1218 reddi
1899 1151 1938 1217 de
1960 1160 2101 1234 paterna
2122 1150 2191 1216 eius

191 1241 262 1305 fieri
286 1242 520 1305 existimemus.
560 1237 648 1304 Satis
670 1241 755 1304 euim
778 1239 893 1321 eulpae
915 1238 948 1302 in
971 1256 1165 1319 unoquoque
1218 1257 1297 1304 eura
1324 1246 1358 1303 et
1384 1237 1602 1303 sollieitudine
1632 1257 1711 1321 erga
1742 1257 1811 1302 nos.
1861 1236 1946 1303 Nam
1977 1238 2005 1301 si
2035 1255 2189 1318 peoornnr

191 1335 342 1390 nostrum
371 1327 512 1408 reperiet
533 1323 713 1403 Dominus,
744 1333 780 1386 nt
802 1343 863 1388 nos
892 1323 1018 1406 affligat
1046 1342 1084 1387 aa
1104 1342 1164 1405 pu·
1217 1324 1375 1389 rationem
1397 1322 1506 1401 babet,
1530 1323 1665 1405 quaein
1681 1323 1819 1406 gratiam
1840 1332 1953 1388 nosue
1974 1331 2085 1386 ereata
2106 1328 2191 1401 sunt,

190 1411 271 1476 niat.
316 1411 445 1476 Deinde
467 1410 538 1476 vult
568 1431 626 1474 nos
649 1407 777 1474 erudire
806 1417 905 1491 atque
934 1409 1076 1473 exaitare
1106 1409 1164 1472 fla·
1217 1409 1319 1473 multo
1340 1411 1443 1493 magis
1465 1408 1572 1474 omnia
1593 1428 1676 1490 qnae
1699 1408 1739 1473 ad
1784 1415 1964 1474 raesentem
1986 1427 2025 1473 ae
2047 1405 2190 1472 futuram

191 1497 286 1580 gellis
317 1499 402 1561 suis:
436 1506 470 1560 et
499 1516 600 1577 quum
630 1494 726 1560 alieni
759 1494 879 1577 populo
911 1493 1094 1570 ooniuueti,
1128 1513 1165 1558 aa
1216 1493 1321 1561 ritem
1343 1495 1526 1561 neeessaria
1551 1501 1630 1559 sunt
1652 1428 1881 1577 suppeditabit.
1926 1492 2127 1575 Quanquam
2149 1493 2190 1557 si·

189 1582 283 1647 velut
312 1582 438 1664 eorpuri
468 1580 560 1644 insiti
582 1581 702 1657 simus,
736 1581 856 1646 mirum
885 1578 1030 1662 profesto
1059 1576 1166 1643 videri
1218 1581 1285 1643 mul
1308 1577 1451 1644 tenenda
1472 1583 1524 1645 est
1545 1598 1702 1663 anagoge,
1733 1578 1773 1644 de
1794 1597 1859 1661 qua
1880 1577 1957 1643 alibi
1986 1577 2145 1660 diximus,
2173 1597 2191 1641 a

189 1687 255 1731 non
281 1665 392 1744 debet,
424 1667 450 1731 si
473 1664 588 1730 iisdem
618 1667 725 1748 plagis
747 1686 785 1731 ao
808 1664 973 1731 doloribus
993 1664 1166 1743 affioimur,
1218 1674 1349 1730 terrena
1378 1664 1604 1730 benedietione
1626 1663 1691 1729 Dei
1721 1663 1761 1728 ad
1792 1663 1961 1747 spirituale
1982 1661 2113 1729 Obristi
2141 1682 2190 1727 re-

190 1771 289 1834 qunm
310 1750 454 1817 membra
471 1749 708 1837 quodammodo
726 1750 877 1817 morbosa
894 1750 1006 1815 simus.
1032 1748 1167 1814 Interea
1217 1770 1320 1835 gnum
1343 1748 1430 1831 quod
1451 1751 1512 1815 sub
1534 1750 1679 1833 imagine
1701 1748 1879 1833 prophetae
1902 1748 2112 1814 adumbrant.

190 1847 351 1920 temperat
372 1836 465 1902 Deus
487 1856 625 1920 poenas,
655 1858 696 1901 ne
719 1836 838 1902 eleetos
859 1835 989 1919 plantas
1010 1833 1167 1901 radioitus
1303 1833 1554 1921 (Populoniae.)
1597 1835 1664 1900 Hie
1693 1854 1822 1917 quoqne
1851 1833 2005 1917 reprobos
2034 1832 2192 1911 exoludit,

189 1923 319 1988 evellat.
1218 1940 1299 2003 quos
1322 1921 1385 1985 Dei
1412 1923 1544 1985 nomine
1573 1921 1716 1985 inaniter
1744 1941 1783 1986 ao
1810 1920 1932 1986 trustra
1961 1917 2098 2004 gloriari
2129 1938 2191 1983 non

277 2008 306 2073 9.
341 2007 398 2158 ff:
423 2004 577 2090 aarum.)
620 2005 774 2088 Explieat
802 2007 1002 2088 superiorem
1033 2024 1166 2072 vorsum
1218 2004 1373 2088 pudebat.
1417 2005 1562 2070 'Demetai
1583 2005 1817 2089 promissiones
1837 2013 1871 2071 et
1892 2011 2101 2070 saeramenta
2129 2004 2192 2068 iae·

191 2093 264 2158 aliis
286 2114 346 2157 ver
369 2095 407 2170 is,
434 2103 532 2174 atque
554 2093 697 2156 ostendit
720 2090 900 2156 Dominum
923 2089 1008 2156 velle
1030 2091 1092 2156 sibi
1114 2111 1166 2156 re·
1219 2099 1292 2156 tent
1312 2089 1523 2171 eoufidenter,
1546 2100 1655 2155 tamen
1676 2090 1761 2155 nihil
1783 2110 1951 2156 eommune
1972 2087 2101 2154 babent
2121 2108 2193 2155 eum

191 2199 323 2245 servare
352 2178 485 2260 aliquod
507 2198 619 2242 semen
644 2198 663 2242 a
685 2196 749 2259 quo
771 2177 953 2242 invoeetur.
1000 2174 1056 2242 Sia
1077 2177 1166 2241 euim
1219 2176 1309 2252 filiis,
1339 2186 1438 2258 atque
1460 2176 1500 2241 ab
1522 2178 1612 2240 omni
1641 2197 1699 2258 spe
1729 2176 1960 2241 benefitiorum
1982 2175 2047 2240 Dei
2067 2172 2193 2241 exolusi

191 2266 353 2347 eastigare
371 2265 452 2329 solet
464 2264 625 2328 Dominus
643 2262 799 2346 populum
818 2282 924 2340 suum,
946 2269 982 2326 nt
999 2261 1167 2327 eoelesiam
1218 2261 1402 2328 mereedem
1432 2282 1510 2326 suae
1539 2261 1723 2344 iniquitatis
1753 2261 1925 2345 resipiant.
1969 2259 2017 2324 Et
2042 2257 2193 2325 addendo

193 2359 323 2416 exstare
346 2350 441 2433 velit,
472 2350 506 2413 iu
530 2369 596 2430 qua
618 2351 740 2413 veritas
766 2348 870 2432 ipsius
892 2358 924 2413 et
946 2367 1029 2429 pura
1051 2347 1167 2432 religio
1219 2348 1276 2430 qui
1308 2346 1509 2429 ςααεείεναιιι
1536 2367 1586 2411 me
1618 2347 1761 2431 apertius
1790 2346 1942 2431 designat
1970 2345 2107 2428 quinam
2136 2344 2193 2409 bo-

192 2443 415 2501 eonservetur.
449 2432 501 2499 Ob
522 2454 620 2516 quam
643 2437 742 2498 etiam
765 2452 895 2498 eausam
916 2433 1041 2498 Paulus
1062 2433 1166 2516 ipsam
1219 2451 1291 2497 rum
1314 2433 1543 2498 benefieiorum
1563 2433 1739 2516 partieipes
1756 2432 1857 2497 laturi
1875 2438 1961 2507 sunt,
1980 2437 2019 2495 nt
2037 2450 2073 2495 re
2098 2429 2194 2495 robes

191 2531 288 2586 voest
310 2520 495 2586 columnam
518 2530 550 2582 et
572 2520 816 2583 firmamentum
839 2518 989 2585 veritatis
1015 2518 1058 2601 (1.
1082 2519 1166 2584 Tim.
1219 2525 1252 2583 et
1279 2517 1469 2601 hypooritas
1497 2519 1632 2583 omnino
1665 2515 1808 2598 abdioet,
1841 2515 1939 2582 sionti
1967 2516 2035 2581 iam
2093 2514 2193 2582 'etum

192 2607 222 2684 3,
240 2603 304 2689 lb).
342 2605 415 2669 Non
439 2615 489 2669 est
512 2605 613 2687 igitur
635 2602 837 2669 aestimanda
858 2602 993 2670 eoelesia
1015 2625 1055 2668 ex
1077 2624 1168 2686 prae-
1218 2611 1278 2670 est.
1311 2602 1404 2667 Haeo
1426 2603 1512 2666 enim
1535 2610 1625 2669 oerta
1647 2608 1697 2668 est
1717 2613 1805 2686 nota,
1828 2622 1893 2686 qua
1913 2601 1991 2686 agni
2008 2599 2051 2665 ab
2068 2599 2193 2679 hoedis,

192 2694 278 2756 senti
301 2712 410 2755 rerum
435 2699 523 2755 statu
549 2687 664 2774 (quum
686 2690 740 2755 hio
761 2689 844 2754 nihil
866 2689 983 2754 stabile
1005 2709 1076 2754 esse
1096 2709 1168 2772 pos·
1218 2687 1355 2773 legitimi
1373 2686 1432 2751 filii
1450 2686 1491 2751 ab
1508 2688 1701 2753 adulterinis
1720 2697 1947 2770 saeernuntur,
1965 2706 2084 2769 nempe
2103 2706 2194 2769 qaue

193 2776 249 2862 sit)
278 2777 335 2840 sed
358 2797 400 2839 ex
422 2775 556 2841 oonsilio
578 2775 654 2854 Dei,
685 2775 742 2857 qui
764 2795 836 2839 eam
859 2774 964 2840 everti
986 2778 1045 2838 ant
1067 2772 1167 2840 deleri
1217 2793 1286 2839 rere
1309 2772 1499 2838 Dominum.
1543 2772 1613 2838 Neo
1634 2774 1723 2839 enim
1746 2775 1826 2839 satis
1849 2780 1900 2839 est
1920 2790 2039 2838 nomen
2060 2780 2098 2837 et
2120 2773 2194 2838 titu-

193 2882 260 2925 non
283 2862 436 2944 patietur.
480 2860 574 2925 Haeo
596 2880 675 2944 ergo
698 2859 876 2943 diligenter
903 2859 996 2924 nobis
1025 2860 1167 2924 tenenda
1218 2859 1286 2924 lum
1310 2858 1498 2936 obtendere,
1521 2858 1578 2924 sed
1599 2860 1805 2940 quaerendus
1826 2857 1991 2924 Dominus
2012 2877 2101 2941 pnra
2121 2878 2195 2924 eon·

195 2956 287 3020 sunt,
317 2966 359 3009 ne
381 2945 526 3009 eladibus
556 2956 612 3008 aut
640 2946 758 3024 ruinis,
787 2957 845 3008 ant
866 2944 933 3009 ulla
955 2946 1167 3026 quantumvis
1219 2943 1366 3024 seientia,
1388 2952 1425 3008 ut
1446 2945 1476 3009 ei
1498 2951 1565 3009 toto
1587 2943 1697 3010 auimo
1719 2944 1965 3010 adhaereamus.

196 3030 333 3095 deformi
362 3031 517 3094 ecelesiae
546 3033 730 3096 vastatione
760 3044 950 3095 terreamur.
999 3029 1168 3095 Haeredes
1307 3029 1358 3095 11.
1387 3027 1447 3114 (At
1465 3047 1521 3094 voe
1541 3028 1739 3180 desertores}
1776 3030 1900 3095 Iterum
1930 3049 1973 3092 ne
1998 3026 2192 3112 bypenritae

196 3117 354 3179 montium
389 3115 537 3179 nominat
567 3115 623 3194 qui
653 3116 692 3180 ab
723 3114 838 3179 exsilio
871 3115 995 3178 reversi
1028 3115 1166 3196 patriam
1220 3115 1399 3180 abutantur
1429 3114 1481 3180 bis
1510 3114 1716 3196 promissioni
1740 3136 1795 3193 ns,
1823 3122 1882 3180 ant
1904 3113 1947 3179 ad
1967 3133 2004 3179 se
2026 3114 2194 3196 pertinere

196 3221 311 3266 rursus
347 3200 502 3265 incolent.
556 3200 639 3262 Drat
675 3209 784 3264 autem
821 3207 994 3264 montuosa
1027 3199 1168 3264 Iudaeae
1220 3209 1336 3283 putent
1357 3219 1441 3281 quae
1463 3197 1503 3264 de
1525 3200 1732 3267 restitutione
1759 3199 1873 3284 populi
1901 3198 1988 3265 diota
2017 3209 2112 3282 snut,
2142 3199 2194 3263 bis

196 3287 295 3369 regio,
326 3294 363 3349 ut
385 3287 465 3349 satis
488 3292 600 3349 notum
624 3295 681 3350 est.
726 3285 857 3350 Rursus
885 3291 996 3348 antem
1025 3284 1169 3367 explieat
1220 3285 1328 3350 verbis
1358 3285 1446 3367 ipsos
1473 3285 1657 3369 oompellat:
1687 3305 1724 3351 ao
1752 3286 1932 3351 desertores
1959 3293 2071 3364 roeat,
2107 3283 2193 3366 qnod

196 3391 281 3454 quae
313 3369 501 3436 obseuriora
530 3370 633 3435 videri
665 3377 825 3453 poterant.
876 3367 1050 3453 Siguifioat
1079 3371 1167 3434 enim
1219 3370 1342 3434 montis
1365 3368 1445 3436 Sion
1473 3371 1564 3435 obliti
1592 3371 1674 3451 sint,
1704 3370 1765 3437 beo
1794 3380 1846 3436 est
1866 3391 1886 3434 a
1908 3391 1986 3434 vero
2009 3370 2075 3435 Dei
2103 3369 2194 3434 enltu

195 3456 357 3523 redituros
387 3456 527 3521 Iudaeos
556 3455 590 3519 iu
620 3456 796 3538 pristinum
826 3462 961 3531 statum,
994 3466 1032 3519 ut
1054 3474 1092 3519 ea
1116 3475 1167 3519 re·
1219 3453 1436 3521 disoesserint.
1481 3454 1567 3520 Nam
1588 3456 1808 3541 metonymloe
1836 3476 1894 3537 per
1914 3459 2050 3520 meatem
2070 3455 2194 3520 saneti·

196 3543 292 3627 ςὶοιιο
326 3543 490 3622 fruantur,
524 3551 680 3623 tanquam
714 3538 915 3606 haereditate
945 3560 1021 3619 sua,
1054 3560 1073 3603 e
1104 3561 1169 3622 qna
1219 3541 1297 3605 tatis
1325 3541 1487 3623 signifieat
1516 3541 1662 3622 regulam
1692 3541 1776 3607 bene
1803 3538 1953 3617 vivendi,
1986 3558 2071 3622 quae
2095 3539 2195 3605 verbo

197 3629 290 3693 eieoti
314 3636 417 3691 erant.
462 3628 609 3691 Redaeta
637 3626 726 3691 enim
749 3634 799 3691 est
825 3624 921 3709 paolo
950 3634 1023 3707 post
1044 3624 1167 3690 Iudaea
1220 3625 1353 3690 Domini
1380 3626 1582 3709 praesoripta
1603 3631 1684 3691 erat.
1729 3625 2002 3726 Quandoquidem
2031 3625 2193 3708 templum

197 3713 231 3776 in
254 3733 415 3776 summam
441 3713 635 3776 vastitatem.
680 3711 753 3777 Hoe
782 3730 847 3775 non
877 3710 945 3775 fore
975 3710 1168 3776 diuturnum
1219 3719 1422 3776 exstrnotnm
1444 3724 1514 3777 erat
1538 3712 1672 3777 Domini
1693 3711 1794 3795 iussu,
1820 3719 1857 3777 nt
1876 3711 1944 3778 :llio
1965 3711 2193 3778 inseparatur:

199 3805 340 3861 testatur
362 3795 544 3860 Dominus:
578 3804 611 3859 et
632 3817 696 3878 quo
727 3795 831 3879 magis
859 3796 1049 3876 eonfirmet,
1079 3816 1168 3860 sum·
1219 3795 1297 3860 item
1323 3796 1426 3861 altare
1447 3798 1482 3861 in
1505 3818 1568 3879 quo
1591 3798 1753 3862 Dominus
1779 3796 1941 3863 saorifieia
1967 3794 2081 3861 offerri
2105 3796 2194 3863 vele·

198 3882 311 3946 mutim
335 3882 532 3944 mentionem
556 3880 633 3944 feeit
655 3881 802 3959 foederis,
825 3902 889 3963 quo
907 3891 995 3945 terra
1015 3881 1073 3945 illa
1089 3881 1169 3963 ipsis
1220 3881 1285 3947 bat.
1330 3881 1466 3964 Impera
1494 3882 1594 3965 igitur
1622 3890 1718 3948 erant
1741 3902 1779 3948 ea
1801 3882 1958 3947 saorifioia
1979 3888 2013 3946 et
2034 3880 2194 3947 libamina

197 3966 361 4029 destinata
383 3975 443 4045 est,
468 3970 505 4029 nt
527 3984 599 4029 eam
621 3963 838 4028 haereditario
860 3966 931 4030 iure
952 3965 1168 4047 possiderent.
1220 3986 1302 4049 quae
1333 3965 1404 4030 aliis
1434 3967 1468 4030 in
1496 3965 1575 4031 loeis
1604 3965 1719 4034 aliisve
1753 3968 1815 4032 diis
1844 3965 1979 4045 fiebant,
2014 3965 2069 4033 vel
2099 3966 2194 4033 aliter

196 4049 339 4114 Tametsi
361 4070 439 4133 ergo
466 4050 521 4113 diu
551 4049 757 4113 exsularent:
791 4059 900 4113 tamen
928 4070 984 4115 eos
1006 4049 1069 4117 boo
1091 4050 1168 4115 bae·
1219 4070 1317 4133 quam
1340 4072 1382 4115 ex
1405 4070 1487 4131 puro
1509 4050 1591 4134 legis
1614 4053 1689 4119 ritu.
1734 4052 1827 4118 Nihil
1849 4052 1938 4117 enim
1967 4050 2107 4117 arbitrio
2135 4073 2193 4119 suo

196 4133 346 4199 reditatis
376 4136 506 4198 nomine
536 4134 672 4200 exeitari
701 4133 885 4216 oportebat,
918 4143 955 4200 ut
976 4156 1011 4200 se
1035 4135 1168 4201 tandem
1220 4135 1354 4220 aggredi
1388 4134 1437 4199 fas
1469 4143 1519 4200 est
1551 4136 1755 4204 hominibus:
1796 4139 1875 4221 qnia
1907 4136 2071 4202 Dominus
2109 4138 2193 4203 nibil

196 4221 266 4286 eins
299 4220 533 4301 possessionem
570 4227 818 4300 recuperaturos
853 4239 925 4284 esse
957 4219 1168 4286 oonfiderent.
1219 4229 1350 4304 praeter
1385 4218 1603 4286 obedientiam
1640 4223 1785 4305 requirit.
1844 4221 2043 4297 obedientia
2081 4232 2193 4289 autem

195 4304 263 4371 Sed
286 4304 466 4368 notandum
490 4309 538 4369 est
562 4303 601 4368 ad
625 4302 745 4369 eleetos
767 4316 800 4367 et
822 4324 916 4370 veros
939 4303 1002 4368 Dei
1026 4305 1168 4372 onltores
1219 4304 1311 4369 nulla
1342 4312 1392 4370 est
1425 4305 1497 4370 siue
1529 4305 1602 4372 fide.
1657 4308 1757 4375 Didas
1792 4326 1871 4374 vero
1908 4306 2000 4373 nulla
2036 4317 2088 4373 est
2124 4309 2194 4375 sine

195 4390 353 4474 restringi
384 4389 468 4453 bane
497 4390 655 4471 gratiam,
689 4410 730 4453 ne
757 4408 828 4453 eam
858 4389 1040 4471 promissae
1070 4392 1110 4454 ad
1133 4412 1168 4456 se
1219 4390 1328 4466 verbo,
1351 4408 1412 4454 neu
1433 4397 1530 4455 extra
1550 4390 1658 4474 ipsum
1682 4393 1849 4476 inquirere
1871 4392 1911 4458 de
1932 4393 2005 4459 Deo
2025 4400 2087 4458 snt
2107 4395 2193 4479 eogi-

195 4476 367 4543 traherent
389 4473 534 4555 quilibet.
1218 4482 1288 4539 tare
1309 4473 1395 4539 lieet.

284 4562 333 4626 10.
369 4557 426 4644 (Et
455 4559 512 4623 erit
543 4558 667 4643 Soron.)
721 4558 785 4622 His
818 4557 932 4641 figuris
965 4557 1047 4622 nihil
1079 4559 1167 4624 alind
1315 4557 1393 4643 (Qut
1437 4561 1588 4647 paratis.)
1665 4563 1851 4628 Enumerat
1904 4581 2017 4629 eornm
2076 4582 2191 4646 snper·

196 4647 290 4713 dooet
319 4665 418 4728 quam
441 4665 555 4709 rursus
577 4643 789 4709 habitandam
818 4662 891 4707 esse
913 4647 1052 4721 terram,
1084 4663 1167 4725 qnae
1218 4643 1377 4709 stitiones.
1429 4642 1538 4711 Diotio
1566 4661 1601 4714 tr
1635 4647 1727 4712 varie
1759 4649 1944 4731 exponitur.
2000 4647 2068 4713 Alii
2103 4650 2190 4713 enim

196 4734 325 4799 deserta
346 4732 418 4795 fuit.
463 4727 585 4794 Subest
607 4728 693 4793 euim
717 4728 818 4792 taeita
839 4728 1052 4810 eomparatio:
1085 4738 1166 4793 tam·
1218 4727 1341 4802 Iovem.
1372 4736 1428 4791 aut
1450 4731 1579 4797 stellam
1601 4732 1703 4812 Iovis,
1725 4732 1781 4798 alii
1802 4733 1987 4801 Fortunam
2010 4734 2190 4816 signitioari

195 4820 257 4885 etsi
279 4817 394 4882 ineolis
417 4817 486 4881 eius
509 4815 544 4878 in
567 4812 778 4896 longinquam
801 4815 967 4896 regionem
990 4813 1093 4895 pulsis
1115 4814 1168 4878 de·
1217 4821 1346 4895 putant.
1391 4813 1618 4899 Hieronymus
1647 4819 1764 4882 vertit:
1798 4817 1864 4898 Qui
1892 4817 2014 4901 ponitis
2041 4838 2189 4884 mensam

195 4913 283 4971 serta
312 4903 410 4967 fuerit
435 4913 467 4965 et
489 4911 597 4975 vasta,
633 4912 741 4962 tamen
772 4899 818 4962 ita
848 4898 953 4961 denuo
983 4896 1108 4962 eoletur
1130 4907 1167 4962 ut
1216 4897 1402 4961 Fortunae:
1433 4901 1598 4966 existimat
1626 4903 1712 4966 euim
1737 4904 1845 4968 notari
1867 4922 2039 4985 prosperos
2060 4925 2189 4972 suetos·

196 4989 365 5072 pecoribus
400 4992 433 5052 et
465 4985 623 5050 armentis
655 4982 813 5056 abundet,
851 4991 949 5062 atque
982 4981 1103 5045 fertilia
1135 4992 1167 5046 et
1217 5002 1281 5046 sus.
1327 4980 1394 5046 Sed
1424 4985 1623 5066 probabilius
1656 4988 1738 5052 mihi
1767 4987 1898 5053 videtur
1925 5001 1961 5056 'u
1993 4990 2097 5073 aeeipi
2132 5010 2190 5073 pro

194 5093 387 5155 oempasoua
409 5073 478 5136 loea
500 5072 626 5151 habeat,
649 5068 822 5148 omniaque
845 5065 884 5129 ad
907 5067 1029 5130 vietum
1052 5074 1085 5131 et
1102 5067 1167 5131 oul·
1217 5066 1309 5163 eopia
1330 5085 1387 5131 seu
1411 5069 1515 5153 turba,
1538 5074 1713 5136 autetiam
1736 5074 1893 5139 exercitu.
1928 5077 2038 5157 Atque
2062 5086 2189 5160 etymo·

195 5169 264 5224 tnm
296 5158 479 5223 necessaria
509 5155 638 5220 abunde
668 5152 902 5217 subministret.
948 5149 1051 5216 Saros
1079 5170 1165 5215 eom·
1218 5151 1322 5233 legiae
1352 5154 1500 5220 voeabuli
1533 5165 1565 5221 et
1597 5161 1765 5225 eonoextui
1798 5161 1878 5226 satis
1910 5162 2075 5226 eonvenit.
2129 5161 2190 5226 Est

193 5264 334 5328 pascuus
356 5244 446 5308 loeus
468 5243 542 5320 luit,
574 5242 652 5306 item
675 5236 795 5303 Actor:
828 5236 884 5301 sed
906 5236 962 5300 ille
984 5235 1165 5320 peroribus,
1217 5233 1306 5302 loeus
1329 5237 1416 5303 inter
1437 5240 1518 5307 alios
1540 5251 1652 5310 notatu
1682 5245 1818 5328 dignus,
1847 5245 1968 5312 Ganos.
1990 5246 2035 5312 30
2065 5246 2113 5336 (v.
2137 5246 2191 5332 11)
