4784 5970
189 373 251 438 act
1063 370 1112 434 IN
1134 368 1300 436 ISAIAM
2114 358 2176 425 368

190 561 304 626 deletis
337 555 541 623 exactoribus
575 576 641 620 non
675 554 771 620 aliam
813 558 881 623 lore
921 559 1156 641 praefecturam
1181 562 1184 613 Ι
1210 557 1314 622 maius
1336 556 1466 638 aliquod
1489 556 1625 632 bonnm,
1649 552 1734 636 qnod
1756 552 1817 618 soli
1839 551 1899 616 filii
1923 551 1984 616 Dei
2011 548 2175 647 fruuntur,

189 666 284 728 quam
309 645 396 725 pacis
419 654 450 706 et
472 641 630 706 iustitiae:
661 640 728 721 Qui
755 651 948 724 potestatem
975 644 1008 706 in
1039 653 1071 706 te
1100 644 1157 707 ob·
1210 642 1314 707 lucem
1338 641 1488 707 videlicet
1509 641 1694 706 coelestem:
1727 659 1824 721 quam
1847 645 1882 702 ut
1904 636 2046 702 oderunt
2072 653 2175 715 rmpu,

190 731 340 794 tinebunt
374 728 532 793 iustitiam
562 739 594 791 et
624 748 734 809 pacem
762 728 876 793 colent.
928 728 1001 793 Hoc
1031 728 1158 812 plenius
1208 728 1255 792 ita
1277 728 1441 811 percipere
1464 736 1636 809 nequeunt.
1681 724 1765 789 Nam
1787 724 1848 789 etsi
1869 723 2027 786 fruuntur
2053 719 2123 818 sole
2143 723 2177 783 et

188 816 312 880 factum
342 827 404 877 est:
441 833 539 894 quum
569 833 626 893 per
655 812 825 877 Christum
853 813 1068 896 styrannide
1090 814 1157 877 dia·
1208 812 1280 878 aliis
1301 814 1412 893 bonis,
1440 812 1565 878 stabilis
1586 822 1696 876 tamen
1719 820 1752 875 ιι
1773 810 1867 873 firma
1897 827 2008 873 eorum
2038 805 2175 869 felicatas

189 900 254 966 boli
287 900 389 981 erepti
422 917 545 963 sumus.
601 898 686 961 Nam
724 920 782 981 per
814 897 1020 980 evangelium
1054 900 1158 962 erexit
1208 919 1279 963 esse
1301 919 1366 963 non
1390 907 1505 981 potest.
1536 896 1624 977 Quia
1646 907 1683 960 ut
1700 907 1777 961 sunt
1792 893 1936 977 insipidi,
1958 914 2026 991 non
2039 893 2175 974 gustant

189 1007 327 1070 regnum
350 983 501 1057 iustitiae,
532 981 676 1046 nondum
706 997 815 1047 tamen
838 983 992 1048 absolvit:
1022 982 1079 1049 sed
1101 1007 1157 1048 ex·
1209 983 1293 1066 quod
1317 987 1524 1066 praecipuum
1549 992 1636 1064 erat,
1665 980 1775 1045 Deum
1797 980 1859 1045 sibi
1880 1000 1951 1044 esse
1971 999 2007 1041 ιιι
2038 988 2173 1074 patrem,

189 1070 386 1155 spectandus
408 1079 457 1133 est
479 1068 614 1132 ultimus
644 1067 813 1145 adventus,
846 1070 937 1133 utin
960 1071 1157 1134 sumsimus
1210 1070 1325 1151 ltaque
1347 1069 1562 1134 conditionem
1587 1066 1739 1132 ecclesiae
1761 1075 1793 1130 ιι
1815 1065 1943 1147 piorum
1966 1085 1987 1128 a
2010 1082 2174 1160 communi

189 1157 322 1222 intenti:
349 1166 446 1232 atque
467 1155 592 1217 interca
616 1154 768 1235 primitiis
788 1153 861 1218 istis
882 1155 1025 1220 contenti
1047 1156 1157 1220 simus.
1209 1167 1295 1220 sorte
1317 1152 1485 1219 hominum
1515 1154 1702 1235 distinguit,
1735 1172 1774 1215 ne
1801 1170 1873 1216 eam
1903 1172 1922 1214 a
1953 1147 2176 1245 vicissitudine

278 1242 326 1306 18.
359 1239 447 1324 (Non
476 1239 622 1303 audimur
649 1238 808 1323 atriplice.)
858 1239 922 1305 Ηιι
950 1240 1068 1305 clarius
1101 1263 1158 1304 ex·
1210 1261 1315 1304 rerum
1336 1249 1370 1304 ιι
1391 1240 1570 1304 mutatione
1592 1238 1815 1302 aestimemus:
1839 1235 1955 1301 deinde
1976 1246 2014 1298 ut
2034 1252 2174 1330 sciamus

190 1328 302 1411 primit
332 1325 415 1407 quod
449 1325 513 1387 iam
544 1323 694 1390 diximus.
738 1325 865 1406 Nempe
894 1325 972 1390 dum
1002 1326 1159 1408 propheta
1210 1328 1296 1390 inter
1335 1325 1541 1390 densissimas
1580 1344 1721 1405 quasque
1761 1321 1909 1386 tenebras
1948 1319 2077 1403 fulgere
2116 1320 2175 1400 pits

189 1415 399 1478 concionatur
422 1408 461 1473 de
483 1410 564 1473 felici
587 1408 741 1474 ecclesiae
759 1420 855 1488 statu,
877 1411 975 1476 tacite
998 1432 1159 1493 opponere
1211 1420 1381 1494 paternum
1407 1411 1466 1475 Dei
1490 1411 1642 1484 favorem,
1665 1408 1719 1491 qui
1741 1429 1795 1473 cos
1816 1406 1984 1471 exhilaret.
2022 1405 2067 1469 Et
2090 1414 2175 1469 certe

189 1498 337 1562 miserias
359 1507 392 1559 et
420 1495 620 1559 calamitates
643 1495 759 1576 quibus
778 1496 872 1562 ‚varie
902 1496 1022 1561 afflicta
1043 1497 1157 1561 fuerat.
1210 1498 1357 1578 quamvis
1380 1496 1538 1559 elementa
1559 1495 1669 1559 omnia
1691 1494 1741 1559 vel
1763 1493 1906 1558 officium
1933 1511 2030 1556 suum
2053 1490 2174 1555 subda-

190 1582 359 1648 Promittit
376 1581 478 1663 igitur
500 1581 575 1654 lore,
598 1593 635 1643 ut
653 1601 820 1662 nunquam
843 1582 877 1645 in
900 1588 1064 1663 posterum
1087 1593 1158 1646 tan·
1210 1592 1301 1658 cant,
1335 1581 1387 1646 vel
1415 1582 1498 1645 tristi
1527 1591 1657 1662 aspectu
1687 1579 1779 1644 nobis
1809 1579 1992 1655 minentur,
2025 1575 2175 1641 sulficere

190 1680 240 1733 tas
262 1667 370 1733 clades
393 1666 537 1747 accipiat.
572 1667 675 1747 Atqui
693 1668 804 1731 variae
823 1665 1031 1732 nihilominus
1050 1684 1159 1748 postea
1211 1677 1318 1732 tamen
1343 1667 1438 1731 dehet
1459 1666 1567 1731 Deum
1590 1665 1682 1730 nobis
1711 1686 1781 1729 esse
1808 1663 1992 1746 propitium.
2037 1660 2175 1725 Nomine

191 1751 387 1820 acciderunt.
432 1751 504 1815 Hoc
526 1750 657 1832 quidem
681 1773 794 1816 verum
817 1762 883 1818 est:
913 1751 968 1817 ιιι
992 1773 1158 1835 nunquam
1211 1764 1320 1817 autem
1352 1752 1430 1818 solis
1462 1763 1494 1815 et
1527 1751 1625 1816 lunae
1658 1748 1891 1834 synecdochice
1930 1745 2176 1829 comprehendit

189 1842 235 1905 ιιι
268 1838 443 1918 dissipatus
476 1847 525 1901 est
554 1836 700 1918 populus,
734 1837 813 1919 quin
840 1837 947 1920 aliqua
976 1849 1159 1920 superesset
1210 1859 1338 1903 omnem
1361 1847 1484 1902 statum
1506 1836 1702 1913 humanam,
1731 1835 1786 1919 qui
1807 1833 1943 1899 subinde
1972 1833 2175 1896 immutatur.

190 1924 343 1991 ecelesiae
365 1923 479 1999 forma,
506 1932 602 2001 atque
619 1923 664 1984 ita
687 1923 850 1987 frueretur
865 1944 953 2007 pace,
976 1936 1009 1988 et
1023 1925 1159 1988 sentiret
1295 1925 1346 1988 21.
1369 1921 1522 2007 (Populus
1543 1922 1637 2005 tuas.)
1681 1922 1746 1986 Hic
1767 1918 1910 1986 ostendit
1931 1939 2015 2002 quae
2037 1937 2119 2016 ιιι-ι
2135 1917 2176 1981 ιιι

190 2032 224 2076 ιι
247 2030 346 2073 manu
371 2007 432 2071 Dei
456 2009 579 2088 protegi
602 2026 639 2069 ac
661 2009 793 2072 servari.
834 2009 897 2073 His
920 2019 1027 2073 antem
1050 2008 1158 2074 verbis
1210 2010 1397 2074 constitutio
1420 2008 1587 2074 ecclesias:
1621 2028 1753 2089 nempe,
1783 2026 1881 2089 quum
1903 2004 1944 2069 ab
1965 2002 2079 2087 imptis
2100 2024 2176 2086 pur·

191 2116 256 2160 nou
280 2094 436 2175 promissa
459 2091 521 2156 tuit
547 2092 736 2157 immunitas
763 2096 803 2158 ab
832 2095 922 2158 omni
951 2094 1097 2158 molestia
1126 2104 1159 2158 ιι
1210 2108 1285 2178 gata
1308 2107 1372 2173 ιιι,
1402 2104 1434 2157 ιι
1457 2093 1515 2158 soli
1539 2094 1617 2158 iusti
1646 2095 1680 2157 in
1703 2114 1742 2157 ea
1769 2092 1877 2158 locum
1899 2089 2029 2155 hahent.
2077 2089 2176 2170 Atqui

189 2176 409 2247 incommodo:
439 2178 495 2242 sed
526 2199 582 2259 per
612 2180 887 2267 comparationem
918 2179 1068 2244 solatium
1099 2179 1158 2243 hoc
1210 2181 1328 2246 scimus
1350 2179 1537 2263 hypocritas
1560 2199 1687 2261 semper
1711 2176 1797 2243 veris
1814 2176 1875 2241 Dei
1898 2175 1975 2240 filiis
1989 2176 2024 2238 in
2040 2173 2177 2241 ecelesia

190 2264 370 2330 adhibitum
406 2264 467 2327 fnit
501 2263 594 2327 malis
625 2261 761 2343 lutaris,
794 2265 870 2345 quia
899 2264 1054 2329 ecclesiae
1080 2285 1158 2330 suae
1211 2264 1373 2330 admixtos
1406 2285 1485 2329 esse.
1540 2263 1694 2329 Diximus
1728 2263 1780 2329 hie
1814 2261 1951 2327 describi
1983 2260 2176 2325 universum

190 2358 301 2434 parcet
316 2349 416 2427 Deua,
435 2349 495 2412 sub
513 2349 583 2412 eius
601 2348 800 2429 protectione
819 2358 922 2414 tutam
942 2349 1020 2415 fore.
1051 2353 1159 2432 Atque
1210 2350 1335 2415 Obristi
1359 2369 1512 2433 regnam:
1546 2369 1613 2413 non
1635 2349 1731 2431 quale
1753 2347 1889 2432 singulis
1919 2357 2104 2427 temporum
2129 2366 2177 2408 ar·

191 2436 290 2502 huius
313 2435 408 2516 pacis,
432 2454 528 2515 quam
557 2433 698 2498 celebrat
726 2434 892 2516 propbeta,
919 2437 1078 2517 specimen
1102 2455 1158 2516 ap·
1211 2435 1318 2500 ticnlis
1341 2437 1487 2499 faturum
1516 2444 1583 2512 est,
1616 2434 1736 2499 sedin
1766 2454 1825 2499 suc
1852 2433 2060 2515 perfectione.
2105 2430 2178 2495 Hoc

192 2520 301 2604 paruit
330 2540 393 2583 non
424 2521 598 2583 obscurum
633 2519 665 2581 in
696 2520 764 2600 ipso
794 2519 1023 2601 redemptionis
1051 2541 1156 2585 cursu.
1210 2521 1313 2604 coepit
1334 2522 1438 2584 lacere
1454 2519 1604 2586 Christus
1625 2540 1686 2584 suo
1709 2518 1863 2593 adventu,
1887 2539 1985 2600 quam
2008 2516 2179 2582 ecclesiam

190 2606 340 2687 Denique
363 2625 491 2686 semper
512 2603 668 2668 memoria
696 2603 918 2685 repetendum,
950 2604 1034 2686 quod
1063 2607 1158 2671 toties
1211 2607 1408 2690 repurgavit.
1446 2605 1540 2671 Unde
1562 2607 1659 2669 etiam
1676 2605 1880 2686 evangelium
1903 2602 2048 2669 cribrum
2070 2602 2179 2686 appel·

191 2691 345 2756 diximus:
371 2710 429 2755 nos
451 2689 515 2753 ista
530 2690 639 2753 omnia
652 2710 693 2753 ex
717 2698 807 2771 parte
824 2689 985 2755 duntaxat
999 2692 1156 2773 experiri:
1210 2693 1266 2770 lat,
1289 2692 1375 2774 quod
1396 2711 1434 2756 eo
1457 2691 1566 2773 paleae
1589 2712 1726 2774 agrano
1741 2702 1942 2773 separentur.
1978 2687 2046 2755 Sed
2070 2688 2179 2772 pergit

191 2778 268 2861 quia
289 2796 425 2857 regnum
449 2774 573 2840 Christi
596 2773 739 2839 nondum
762 2775 932 2857 impletum
954 2784 1012 2841 ιιι.
1210 2778 1351 2860 quotidie
1372 2777 1404 2842 in
1435 2798 1474 2841 ea
1503 2777 1689 2860 purganda,
1721 2789 1821 2859 atque
1853 2782 1966 2858 perget
1998 2793 2103 2856 usquc
2137 2774 2179 2838 ad

276 2858 334 2944 (Et
350 2866 463 2942 portos
484 2859 578 2944 tuos.)
613 2860 740 2924 Allndit
762 2858 802 2924 ad
825 2860 937 2942 templi
959 2871 1157 2928 structuram
1211 2864 1295 2928 diem
1329 2861 1454 2927 messis.
1508 2862 1647 2927 Interim
1681 2863 1800 2926 multas
1837 2860 2029 2943 quisquilias
2069 2860 2179 2924 tritico

192 2956 251 3012 aut
272 2947 430 3010 civitatis:
465 2947 559 3009 sicuti
583 2945 644 3008 iam
668 2945 838 3027 aliquoties
867 2945 1070 3012 dictumest.
1114 2947 1159 3011 Et
1211 2948 1374 3013 admixtas
1402 2968 1472 3013 ιιιι
1502 2968 1631 3013 necesse
1658 2963 1723 3024 ιιι,
1757 2966 1840 3031 qnae
1872 2945 2005 3010 demum
2037 2943 2094 3008 illo
2127 2944 2178 3009 die

192 3032 285 3096 docet
308 3052 371 3094 non
394 3031 513 3105 muris,
543 3040 599 3093 aut
620 3030 764 3095 turribus
787 3031 900 3095 aliisve
926 3031 1084 3097 clausuris
1106 3042 1157 3097 tu·
1211 3034 1375 3099 tollentur.
1420 3033 1513 3097 Adde
1535 3033 1619 3115 quod
1638 3033 1749 3098 subest
1770 3033 1869 3098 tacita
1894 3030 2068 3097 antithesis
2091 3031 2179 3095 inter

194 3125 261 3180 tam
294 3115 363 3178 fore
397 3114 581 3180 eeclesiam:
617 3115 673 3179 ιιι
706 3117 855 3197 quamvis
889 3115 996 3182 absint
1029 3128 1159 3183 terrena
1211 3119 1376 3202 profanam
1398 3118 1488 3182 illam
1509 3130 1543 3183 et
1565 3119 1723 3200 impuram
1747 3118 1883 3191 turham,
1914 3136 1998 3199 quaa
2020 3117 2090 3182 sais
2109 3137 2177 3181 sor-

193 3200 356 3285 praesidia
379 3202 458 3265 satis
486 3202 554 3264 lore
583 3200 700 3265 salutis
729 3211 762 3263 et
790 3201 958 3283 tranquilli
987 3202 1095 3285 gaudii
1123 3203 1157 3268 in
1211 3203 1303 3268 dibus
1324 3205 1544 3268 sanctuarium
1560 3204 1622 3267 Dei
1646 3214 1721 3267 ante
1737 3204 1903 3287 polluerat.
1938 3202 2178 3268 Pluralietism

194 3310 258 3353 uno
279 3286 360 3351 Deo.
406 3285 583 3366 Coniungit
605 3296 713 3350 autem
737 3285 889 3352 ecclesiae
917 3286 1054 3352 salutem
1083 3310 1158 3354 eum
1211 3310 1347 3354 numero
1370 3289 1498 3353 videtur
1521 3290 1626 3353 notari
1648 3288 1792 3355 collectio
1814 3288 1973 3371 gentium,
1996 3287 2052 3352 abi
2074 3307 2178 3371 popu·

192 3372 288 3437 laude
311 3372 361 3438 vel
382 3371 508 3455 gaudio.
554 3370 654 3437 Salva
674 3371 760 3436 enim
792 3380 825 3436 ιι
851 3371 1021 3438 incolumis
1048 3373 1158 3440 exsul-
1211 3377 1259 3440 los
1281 3395 1394 3439 omnes
1416 3374 1493 3439 dicit
1521 3376 1589 3439 lore
1618 3374 1728 3440 iustos.
1773 3373 1868 3456 Quod
1901 3372 1991 3438 addit
2019 3373 2178 3438 haeredes

192 3469 255 3524 tat:
288 3478 391 3539 quum
424 3469 519 3522 antea
553 3458 672 3521 obtrita
705 3465 739 3520 et
771 3455 939 3539 desperata
972 3457 1093 3524 iaceret
1124 3461 1159 3524 in
1211 3462 1278 3525 lore
1300 3469 1406 3524 terrae
1429 3460 1462 3523 in
1490 3460 1671 3535 saeculnm,
1704 3483 1769 3527 non
1800 3460 1911 3525 dubito
1937 3459 2018 3541 quin
2047 3457 2090 3524 ad
2122 3458 2178 3522 lu·

191 3543 330 3609 silentio.
1211 3544 1324 3610 daeam
1348 3547 1543 3628 respexerit,
1573 3557 1606 3609 et
1628 3548 1724 3611 tacite
1753 3545 1940 3629 opposuerit
1961 3545 2178 3609 restitutionis

280 3629 319 3692 19
342 3637 375 3692 ιι
396 3627 447 3692 20.
481 3626 561 3712 (Nec
583 3627 664 3710 erit.)
714 3628 818 3692 Docet
846 3627 1030 3694 felicitatem
1061 3629 1159 3696 ecole-
1211 3641 1340 3714 tempus
1362 3653 1434 3696 cum
1458 3642 1602 3713 tempore
1623 3632 1729 3696 exsilii
1752 3631 1837 3714 quod
1859 3631 2006 3715 proxime
2024 3629 2177 3695 instabat

192 3717 258 3780 siae
289 3735 354 3777 uon
385 3713 613 3795 temporariam
644 3713 700 3777 sed
730 3723 917 3796 perpetuam
949 3716 1025 3779 fore.
1073 3716 1158 3780 Eam
1211 3715 1259 3782 Aa
1282 3717 1310 3780 si
1332 3716 1467 3781 diceret:
1492 3718 1635 3781 Tametsi
1658 3717 1815 3800 populum
1837 3738 1945 3781 meum
1967 3714 2007 3779 ab
2031 3713 2178 3779 baeredi-

193 3799 280 3863 euim
314 3797 469 3863 discernit
503 3820 521 3860 a
555 3800 717 3861 communi
757 3798 924 3863 hominnm
964 3800 1157 3884 conditione,
1211 3810 1278 3866 tate
1300 3824 1359 3866 sua
1386 3802 1564 3884 expellam,
1597 3815 1705 3867 tamen
1735 3816 1808 3885 post
1835 3801 2048 3885 septuaginta
2074 3820 2178 3864 annos

193 3884 278 3946 inter
300 3902 381 3964 quos
408 3882 490 3945 nihil
519 3883 634 3946 stabile
664 3890 721 3947 aut
750 3896 942 3966 perpetuum
971 3895 1028 3950 ιιι.
1073 3885 1159 3966 Quia
1212 3890 1317 3971 ipsum
1341 3887 1526 3966 restituam,
1558 3902 1594 3951 ut
1623 3898 1811 3970 perpetuam
1841 3888 1911 3952 eius
1939 3887 2177 3968 possessionem

193 3967 276 4030 nihil
299 3971 357 4032 sub
380 3969 446 4031 sole
468 3976 526 4045 est,
549 3971 696 4048 quamvis
719 3969 799 4032 bene
821 3969 1044 4046 constitutum,
1073 3970 1160 4052 quod
1212 3973 1365 4037 obtineat.
1410 3971 1598 4036 Notandum
1623 3984 1790 4055 praeterea
1816 3982 1879 4050 est,
1908 3992 2009 4054 quum
2039 3972 2177 4054 promis·

196 4051 293 4116 variis
316 4054 550 4116 mutationibus
573 4052 747 4116 obnoxium
772 4055 916 4120 nonsit:
946 4055 1002 4120 sed
1026 4058 1161 4121 ccclesia
1212 4061 1347 4138 sionem,
1370 4077 1450 4138 quae
1473 4057 1513 4120 ad
1536 4058 1690 4139 populum
1713 4056 1822 4124 Sionis
1844 4056 2019 4140 spectabat,
2042 4057 2178 4121 restrin-

194 4159 235 4202 ex
264 4140 444 4218 praesentis
479 4139 564 4202 ritae
598 4138 748 4219 periculis
776 4139 976 4205 aestimanda
1005 4161 1070 4205 non
1100 4153 1159 4219 est,
1213 4143 1261 4225 git
1294 4141 1334 4205 ad
1371 4142 1490 4219 iustos,
1531 4142 1662 4208 subesse
1700 4143 1905 4208 correctionis
1945 4144 2105 4225 speciem,
2145 4150 2179 4206 ut

194 4222 350 4305 quoniam
382 4224 417 4285 in
451 4224 565 4287 mediis
595 4223 746 4288 fluctibus
779 4236 1001 4290 conservatur.
1050 4226 1099 4292 Ac
1132 4228 1160 4292 si
1214 4227 1399 4310 hypocritas
1427 4227 1593 4303 excludat,
1626 4229 1681 4310 qui
1716 4228 1796 4293 falso
1827 4240 1861 4292 et
1892 4228 2036 4292 inaniter
2068 4227 2112 4292 ad
2146 4247 2179 4292 ιι

194 4309 332 4373 diceret:
366 4307 416 4370 Ne
446 4309 596 4373 aestimes
628 4309 764 4372 salutem
800 4319 888 4373 tuam
921 4333 962 4374 ex
995 4313 1159 4393 praesenti
1214 4313 1343 4376 trahere
1375 4312 1480 4376 solent
1514 4313 1600 4393 quod
1634 4314 1673 4377 de
1714 4315 1799 4379 veris
1831 4312 1894 4378 Dei
1932 4313 2009 4378 filiis
2049 4312 2177 4377 dicitnr.

195 4414 305 4459 rerum
339 4393 460 4473 specie,
495 4393 551 4457 ιιι
584 4395 618 4456 in
655 4395 723 4458 Deo
757 4395 931 4475 repositam
964 4417 1033 4462 esse
1068 4399 1160 4462 scias.
1214 4397 1377 4463 Convenit
1398 4418 1475 4480 ergo
1498 4397 1577 4464 haec
1600 4401 1761 4463 sententia
1783 4418 1856 4463 cum
1872 4400 1965 4463 initio
1980 4397 2108 4464 Psalmi
2122 4397 2178 4463 ιιι

195 4479 285 4545 Deus
309 4479 372 4542 erit
394 4478 440 4541 sol
465 4490 553 4554 tuus,
590 4481 635 4543 ita
659 4494 693 4542 ut
715 4480 825 4543 lumen
858 4502 876 4544 a
903 4480 969 4545 solo
998 4491 1053 4546 aut
1084 4482 1161 4547 lana
1214 4482 1322 4563 Quam
1347 4482 1448 4546 bonus
1470 4482 1583 4548 Israeli
1600 4483 1699 4560 Deus,
1722 4486 1762 4550 iis
1783 4485 1837 4567 qni
1860 4496 1947 4550 reato
1970 4493 2050 4548 sunt
2066 4483 2178 4549 eordel

195 4564 337 4628 mutuari
362 4584 492 4628 necesse
515 4585 578 4627 nou
602 4565 661 4627 sit:
684 4585 725 4627 ne
741 4585 817 4648 ergo
833 4566 1045 4631 mutationem
1060 4566 1160 4632 ullam
1213 4569 1276 4634 Ubi
1300 4567 1458 4649 propheta
1480 4589 1597 4634 nomen
1620 4569 1765 4647 Israelis,
1799 4568 1886 4653 quod
1908 4570 2092 4654 promiscue
2113 4590 2180 4635 om·

196 4663 252 4714 aut
276 4648 531 4714 vicissitudinem
557 4670 665 4712 rerum
688 4651 913 4731 pertimescas,
946 4651 1050 4716 lucem
1073 4654 1160 4718 enim
1215 4652 1310 4717 nibus
1332 4653 1366 4716 in
1388 4674 1443 4715 ore
1465 4663 1552 4731 erat,
1580 4654 1656 4718 solis
1679 4656 1785 4736 probis
1810 4655 1871 4720 Dei
1899 4655 2080 4721 cultoribus
2104 4676 2180 4721 ren·

196 4748 386 4817 perpetuam
420 4744 517 4815 atque
550 4735 786 4799 immutabilem
821 4736 964 4801 habebis.
1008 4738 1082 4802 Non
1109 4740 1160 4803 in·
1214 4740 1308 4803 dicat.
1354 4738 1391 4800 In
1426 4739 1486 4803 boc
1519 4739 1588 4803 loco
1617 4739 1869 4821 Peperceram:
1902 4761 2017 4823 nempe
2052 4741 2181 4806 residua

197 4821 314 4903 telligit
336 4819 495 4902 propheta
523 4818 575 4882 his
605 4819 710 4883 verbis
738 4821 822 4887 filios
845 4821 908 4886 Dei
938 4825 1160 4888 communibus
1213 4825 1270 4888 illa
1293 4825 1396 4906 portio
1418 4845 1498 4906 quae
1521 4847 1540 4887 a
1562 4823 1708 4889 sordibus
1736 4841 1875 4909 purgata
1903 4827 1973 4890 erit.
2019 4826 2094 4892 Hoc
2115 4846 2180 4890 non

196 4907 283 4970 vitae
308 4905 398 4969 bonis
421 4903 597 4988 privandos
619 4925 699 4968 esso.
745 4907 827 4971 Nam
858 4928 957 4988 quum
988 4927 1025 4970 ea
1049 4909 1161 4973 Domi·
1214 4922 1263 4973 est
1292 4930 1351 4991 per
1380 4911 1488 4974 omnia
1516 4911 1686 4991 impletum
1717 4911 1749 4974 in
1780 4911 1926 4976 ludaeis:
1961 4910 2019 4975 sed
2048 4912 2182 4976 initium

196 5012 258 5055 nus
282 4992 462 5073 promiscue
484 4990 634 5053 omnibus
661 4990 843 5055 hominibus
874 4992 1046 5074 largiatur,
1076 5007 1161 5057 certe
1215 4995 1254 5058 ab
1277 4995 1315 5057 iis
1338 4995 1458 5058 factum
1481 5006 1546 5070 est,
1577 5016 1675 5077 quum
1698 4998 1840 5061 restituti
1869 5008 1947 5061 sunt
1976 4997 2010 5058 in
2035 5001 2181 5080 patriam,

196 5075 271 5140 filiis
302 5097 429 5158 quoque
459 5078 526 5140 suis
557 5097 594 5139 ea
622 5073 807 5141 destinavit.
859 5078 929 5139 Imo
958 5078 992 5139 in
1024 5079 1160 5160 gratiam
1215 5085 1252 5143 ut
1274 5079 1388 5142 deinde
1412 5085 1581 5145 uniuersae
1605 5093 1709 5144 terrae
1732 5083 1889 5164 possessio
1919 5082 2015 5165 ipsis,
2048 5081 2112 5148 hoc
2134 5095 2182 5146 est

196 5161 338 5242 ipsorum
362 5163 713 5226 omuiaaDeocreato
734 5174 820 5240 sunt,
844 5183 943 5242 quum
968 5163 1160 5243 peculiarem
1215 5165 1277 5228 Dei
1299 5165 1391 5241 filiis,
1422 5187 1533 5229 eorum
1553 5186 1651 5246 opera
1673 5166 1812 5231 daretur.
1859 5168 1943 5232 Nam
1970 5176 2008 5232 ut
2030 5169 2122 5251 prins
2143 5166 2181 5231 dc

198 5247 236 5310 de
269 5248 309 5310 iis
339 5268 448 5310 curam
479 5260 579 5330 gerat.
625 5245 691 5311 Sed
725 5247 884 5330 propheta
917 5260 1028 5311 notare
1062 5249 1163 5312 voluit
1215 5250 1448 5315 instauratione
1471 5251 1581 5332 templi
1605 5252 1757 5332 loquutus
1779 5263 1837 5335 est,
1865 5273 1948 5335 quae
1970 5253 2068 5336 plena
2092 5253 2182 5320 Iero-
