4784 5970
196 359 258 425 441
977 396 980 402 ·
1037 359 1189 427 caput
1210 359 1337 427 LXVI.
2117 366 2181 432 442

197 568 240 613 ex
260 546 361 613 verbo
382 545 484 630 ipsius
505 546 716 613 iudicandum
737 554 796 612 est.
841 544 988 631 Dimum.-
1019 547 1081 614 hoc
1102 554 1163 627 est,
1215 548 1325 613 silium
1358 556 1407 614 eet
1434 547 1476 613 ad
1499 547 1707 617 sustinendos
1739 568 1849 615 eornm
1882 549 2026 616 insultus
2057 571 2184 619 armare

196 634 245 698 ita
266 631 435 699 discutiam
458 632 592 699 nebulas
617 652 699 715 quas
726 630 895 698 offundere
923 643 1096 712 conantur,
1127 642 1165 700 ut
1215 632 1327 700 fideles
1356 653 1395 699 ac
1421 637 1568 714 munire,
1598 656 1638 700 ne
1665 633 1763 701 deria
1793 646 1826 700 et
1854 636 2041 717 petulanter
2071 639 2184 703 vexati

196 719 362 785 illusiones
383 737 496 784 eorum
514 727 647 801 pateant
661 728 695 783 et
709 718 901 802 conspicuae
916 720 983 784 sint
997 720 1162 785 omnibns:
1214 718 1397 786 labescant:
1429 739 1467 787 ao
1497 724 1524 786 si
1553 720 1690 797 diceret,
1723 720 1816 787 vobis
1843 732 2009 787 certamen
2038 733 2089 788 est
2116 745 2183 789 non

197 824 287 870 nuno
309 804 396 870 euim
420 803 576 870 videntur
597 804 820 880 absconditae,
850 802 907 869 sed
934 805 1108 888 aliquando
1130 806 1164 870 in
1215 803 1310 870 modo
1345 826 1419 871 cnm
1454 808 1575 874 exteris
1610 804 1779 891 gentibus,
1825 805 1882 871 sed
1925 827 2001 873 cum
2035 808 2184 876 hostibus

197 889 340 955 medium
373 890 589 973 proferentur.
646 889 784 955 Summa
816 901 882 966 est,
921 890 999 972 qnia
1035 899 1164 955 tantum
1215 890 1409 967 domesticis,
1431 892 1488 973 qui
1505 892 1610 959 locum
1629 892 1664 956 in
1682 890 1819 958 ecclesia
1835 903 2003 976 occupant,
2026 892 2183 976 vobisque

197 975 258 1042 sibi
280 975 430 1042 licentiae
445 983 654 1058 sumpserant
668 974 792 1055 Iudaei,
815 984 851 1039 ut
865 975 1021 1058 quidquid
1035 975 1164 1041 libitum
1216 985 1347 1059 propter
1368 997 1537 1043 commune
1559 978 1623 1043 Dei
1644 976 1757 1042 foedus
1779 978 1923 1043 fraterna
1944 979 2184 1045 necessitudine

197 1069 283 1127 esset
314 1061 517 1144 praeferrent
550 1061 615 1127 Dei
646 1059 825 1140 mandatis,
860 1061 930 1127 fore
963 1061 1059 1127 etiam
1094 1060 1165 1127 Deo
1216 1061 1357 1128 devincti
1379 1073 1465 1128 sunt.
1510 1062 1608 1130 Sint
1630 1064 1773 1129 fastuose
1795 1063 1903 1127 Deum
1926 1083 2052 1146 quoque
2075 1065 2183 1147 ipsum

196 1167 274 1213 suas
295 1149 399 1225 vices,
428 1160 466 1212 ut
487 1167 546 1230 pro
574 1146 708 1212 arbitrio
737 1167 849 1212 omnes
878 1167 991 1212 eorum
1020 1146 1165 1213 fallacias
1216 1146 1405 1230 despiciunt,
1427 1147 1568 1216 ludibrio
1590 1149 1657 1215 illis
1678 1159 1728 1214 est
1741 1158 1850 1214 vestra
1871 1149 2071 1231 simplicitas,
2093 1151 2184 1217 vobis

196 1231 347 1314 explicet.
403 1231 473 1298 Sub
505 1253 583 1299 voce
618 1252 758 1298 moram
789 1231 875 1297 idem
908 1233 1041 1315 repetit,
1075 1253 1165 1297 more
1215 1243 1401 1299 constanter
1422 1243 1456 1298 et
1476 1235 1638 1319 intrepide
1659 1233 1847 1319 repellenda
1867 1243 1917 1300 est
1937 1235 2017 1301 haec
2035 1237 2181 1302 tentatio.

196 1317 356 1384 Hebraeis
378 1319 514 1383 usitato:
537 1319 686 1385 Efficiam
710 1328 747 1384 ut
768 1318 956 1402 intelligant
977 1338 1012 1384 se
1027 1337 1163 1395 errasse,
1215 1318 1351 1384 Fratres
1373 1339 1451 1404 ergo
1482 1322 1644 1398 nominat,
1679 1321 1733 1403 qui
1766 1328 1876 1385 umen
1909 1319 2022 1386 hostes
2053 1322 2183 1404 piorum

196 1413 294 1487 atque
316 1416 352 1468 ut
374 1423 500 1470 errores
522 1424 603 1487 quos
624 1404 755 1486 sequuti
776 1404 899 1469 fuerint
920 1405 956 1468 in
978 1424 1090 1469 eorum
1110 1425 1164 1470 ca·
1215 1418 1310 1469 erant
1331 1424 1369 1469 ac
1399 1404 1490 1471 verbi
1512 1405 1592 1473 Dei:
1624 1427 1703 1473 nam
1731 1405 1793 1471 hoc
1821 1425 1955 1481 nomen,
1988 1405 2074 1488 quod
2103 1407 2184 1472 falso

197 1490 264 1572 pite
285 1488 440 1555 recidant.
474 1488 565 1555 Nihil
586 1490 687 1575 igitur
709 1491 749 1556 iis
770 1488 973 1573 subterfugia
994 1498 1053 1555 ant
1073 1509 1164 1572 prae·
1215 1490 1431 1572 usurpabant,
1470 1491 1512 1556 iis
1544 1513 1603 1576 per
1634 1492 1874 1558 concessionem
1908 1490 2034 1556 tribuit.
2088 1490 2184 1558 Unde

196 1585 307 1641 textus
329 1576 397 1641 ficti
418 1574 597 1657 proderunt
618 1575 659 1639 ad
684 1574 945 1642 confundendam
973 1596 1047 1641 oum
1076 1595 1165 1640 men·
1214 1575 1397 1658 colligimus
1420 1597 1486 1642 non
1507 1598 1578 1644 esse
1600 1599 1723 1644 novum
1745 1576 1807 1642 hoc
1829 1575 1967 1641 malum:
1995 1578 2106 1643 hostes
2128 1579 2184 1660 qui

197 1660 287 1726 dacio
321 1661 492 1726 veritatem
525 1674 557 1725 et
589 1659 745 1727 velandas
779 1661 1042 1745 superstitiones:
1087 1663 1165 1743 quia
1214 1660 1354 1726 fratrum
1395 1682 1514 1728 nomen
1550 1673 1672 1747 gerunt
1710 1665 1744 1728 in
1777 1661 1852 1727 sinu
1885 1662 2039 1728 ecclesiae
2070 1663 2182 1729 foveri.

196 1744 358 1812 Dominus
380 1767 419 1811 ea
440 1746 541 1829 probe
564 1747 734 1813 discernet.
1215 1745 1346 1812 Bellum
1370 1746 1432 1812 hoc
1463 1749 1653 1814 intestinum
1686 1758 1842 1832 perpetuo
1873 1747 2101 1814 sustinendum
2134 1756 2185 1814 est

282 1828 453 1916 (Quoniam
472 1831 602 1917 vocavi.)
645 1833 790 1898 Damnat
812 1853 926 1898 rursus
948 1832 1107 1915 propheta
1128 1835 1163 1897 in
1215 1854 1288 1899 cum
1311 1833 1502 1916 hypocritis,
1524 1835 1580 1917 qui
1601 1855 1703 1918 aequo
1722 1836 1831 1901 animo
1852 1833 1937 1899 ferre
1959 1855 2024 1898 non
2046 1842 2185 1916 possunt

195 1916 326 1983 Iudaeis
355 1918 620 1998 obstinationem,
650 1917 738 2001 quod
765 1938 801 1984 se
830 1939 850 1983 a
876 1916 1018 1983 Domino
1046 1919 1165 2003 corrigi
1214 1916 1300 2002 quod
1322 1927 1410 1984 recta
1427 1928 1460 1983 et
1478 1940 1560 2002 pura
1577 1922 1774 1986 conscicntia
1792 1941 1812 1983 a
1829 1919 1922 1985 nobie
1940 1919 2032 1984 Dens
2048 1919 2183 1986 colatur.

195 2004 283 2086 passi
308 2022 374 2068 non
402 2003 478 2069 sint.
528 2004 601 2070 Hoc
630 2006 716 2070 enim
745 2011 873 2068 tantum
901 2002 1081 2069 remedium
1110 2025 1164 2070 su·
1299 2002 1523 2089 (Rciictentea.)
1562 2007 1614 2070 Ad
1634 2005 1789 2072 verbum:
1811 2004 1969 2070 lubentes
1990 2025 2048 2070 vos
2070 2005 2183 2087 procul

195 2097 305 2172 persst
327 2089 414 2155 vitiis
436 2090 557 2156 nostris
571 2089 782 2175 corrigendis,
806 2100 841 2155 nt
856 2089 964 2154 Deum
979 2089 1164 2172 loquentem
1215 2089 1389 2156 facessere:
1423 2091 1695 2171 quemadmodum
1718 2091 1866 2156 videmus
1887 2110 2004 2173 papam
2026 2089 2183 2156 adversus

196 2175 383 2255 audiamus,
420 2196 519 2258 quum
554 2196 613 2241 nos
645 2176 680 2240 in
714 2177 800 2240 viam
832 2175 986 2241 reducere
1019 2184 1164 2241 conatur.
1215 2196 1274 2240 nos
1296 2174 1375 2242 diris
1399 2176 1589 2242 fulminibus
1619 2198 1731 2261 agere,
1765 2176 1857 2259 quasi
1885 2176 1921 2239 in
1947 2175 2122 2242 sceleratos
2151 2188 2184 2240 at

197 2258 264 2325 Sed
297 2280 395 2342 quum
427 2262 629 2328 abstinemus
662 2269 760 2343 atque
798 2260 990 2327 induremus
1030 2262 1164 2337 animos,
1216 2259 1377 2343 perditos:
1404 2262 1451 2327 ita
1472 2262 1664 2346 hypocritae
1686 2262 1842 2345 exiguum
1864 2261 1989 2343 piorum
2010 2280 2183 2326 numerum

197 2346 357 2410 malorum
379 2347 525 2412 omnium
550 2359 736 2413 extremum
764 2355 823 2412 est.
869 2346 978 2427 Quum
1009 2364 1087 2430 ergo
1115 2347 1166 2411 in·
1215 2346 1412 2414 reiiciebant.
1464 2346 1549 2412 Nam
1583 2370 1684 2431 quum
1716 2346 1900 2430 superiores
1930 2356 2007 2410 suut
2039 2366 2184 2426 numero,

196 2431 320 2497 stitutis
353 2441 386 2497 at
417 2431 580 2499 mandatis
612 2433 676 2499 Dei
708 2432 857 2498 homines
895 2443 1076 2498 commenta
1107 2453 1166 2498 suu
1216 2432 1388 2497 autoritate
1410 2439 1444 2497 et
1464 2433 1588 2515 opibus,
1618 2456 1689 2499 eam
1712 2451 1841 2516 quoquc
1863 2431 2069 2516 tyrannidem
2090 2453 2183 2498 exer·

195 2517 392 2600 praeferunt,
415 2526 526 2600 aperte
547 2528 762 2586 contemnunt
782 2517 907 2583 Deum:
930 2518 1024 2584 cuius
1045 2518 1163 2584 volun·
1215 2528 1304 2596 cent,
1333 2526 1371 2582 ut
1392 2538 1451 2600 pro
1473 2538 1534 2584 sua
1555 2519 1688 2584 libidine
1711 2518 1850 2602 probent
1878 2527 1975 2600 atque
2001 2518 2184 2601 improbent

197 2603 258 2666 tati
280 2622 316 2668 sc
338 2604 529 2669 submittere
552 2605 740 2687 debuerant,
763 2604 952 2686 praesertim
971 2605 1025 2669 nbi
1041 2602 1165 2671 accedit
1217 2605 1342 2680 omnia,
1371 2613 1405 2667 et
1426 2604 1570 2670 efficiant
1592 2617 1629 2669 ut
1651 2606 1695 2687 pii
1717 2604 1806 2669 nullo
1828 2605 1862 2668 in
1885 2623 2020 2666 numero
2042 2602 2183 2667 babean-

196 2688 368 2772 praefracti
390 2689 492 2753 animi
510 2689 655 2770 durities,
677 2698 715 2755 ut
730 2689 793 2772 piis
807 2688 1038 2754 monitionibus
1053 2689 1165 2755 clausa
1217 2699 1287 2765 tur,
1317 2708 1398 2770 quos
1426 2709 1491 2753 non
1519 2688 1616 2754 modo
1638 2689 1850 2755 multitudine
1871 2688 2012 2752 obruunt
2034 2700 2069 2752 ut
2091 2688 2184 2771 palea

197 2774 240 2838 sit
261 2773 376 2838 ianua:
406 2794 444 2838 ac
464 2775 585 2840 frustra
606 2775 790 2840 obtendunt
811 2774 981 2856 displicere
1003 2773 1076 2841 Deo
1098 2795 1163 2841 non
1216 2773 1372 2851 triticum,
1395 2773 1452 2839 sed
1473 2773 1561 2839 fastu
1584 2776 1682 2841 etiam
1704 2775 1904 2840 conculcant.

197 2877 291 2942 posse
324 2859 410 2940 quod
439 2861 541 2942 ipsius
569 2860 696 2927 colendi
723 2860 829 2944 gratia
857 2860 1053 2941 suscipiunt:
1087 2881 1163 2925 nam
1302 2858 1515 2941 (Glorificctur
1536 2860 1705 2946 dominia.)
1747 2859 1812 2924 Vel
1833 2861 1870 2922 in
1891 2858 2000 2923 futuro
2028 2867 2183 2942 tempore,

197 2943 353 3027 quidquid
376 2945 490 3031 relicto
510 2948 608 3013 verbo
627 2947 752 3031 eligunt
767 2966 805 3012 ac
819 2955 1003 3027 sequuntur
1017 2945 1165 3011 homines
1215 2944 1458 3030 glorificabitur.
1500 2946 1569 3011 Alii
1591 2957 1740 3013 vertunt:
1763 2945 1886 3011 Gravis
1907 2954 1974 3008 est:
1997 2942 2053 3008 sod
2076 2944 2183 3008 videa·

197 3029 360 3096 Dominus
392 3031 496 3097 reiicit
525 3042 623 3116 atque
657 3039 855 3098 exsecratur.
904 3030 1038 3114 Repetit
1065 3033 1164 3097 etiam
1215 3052 1289 3097 mus
1310 3031 1383 3114 quis
1405 3052 1521 3097 sensus
1544 3033 1659 3098 melius
1679 3031 1859 3099 conveniat.
1894 3029 1960 3110 Qui
1982 3029 2184 3094 transferunt

198 3115 282 3197 quod
312 3124 389 3182 ante
418 3116 562 3197 dixerat,
592 3138 740 3200 peccasse
766 3116 905 3183 Iudaeos
933 3118 967 3180 in
997 3117 1060 3182 Dei
1088 3138 1164 3184 con·
1216 3117 1339 3182 Gravis
1360 3127 1426 3195 est,
1459 3126 1576 3200 putant
1601 3118 1717 3200 impios
1746 3116 1900 3198 conqueri
1930 3114 1970 3179 de
1994 3114 2098 3179 nimiu
2120 3114 2184 3178 Dei

196 3209 324 3283 spectu,
363 3220 401 3267 ac
439 3203 468 3268 si
506 3223 581 3267 eum
614 3203 772 3270 lacessere
805 3202 1008 3287 propositum
1041 3203 1163 3269 fuisset.
1215 3202 1397 3281 scvefitate,
1417 3203 1503 3285 quod
1521 3214 1749 3285 nonparoeret
1765 3201 1968 3284 populosae,
1985 3220 2022 3266 ac
2040 3201 2184 3266 severius

197 3286 333 3351 Modum
348 3286 479 3353 tandem
496 3288 654 3373 adiungit,
676 3290 753 3373 quia
773 3308 927 3374 perverso
948 3288 1055 3354 studio
1070 3310 1164 3371 expe·
1216 3309 1290 3354 cum
1320 3289 1390 3371 ipso
1418 3301 1545 3372 ageret:
1579 3301 1676 3371 atque
1705 3288 1767 3353 hac
1796 3308 1875 3353 vocs
1902 3285 2113 3351 sollicitatum
2142 3285 2185 3351 ad

198 3371 334 3437 tiverint
372 3393 456 3456 quae
488 3383 639 3440 vetuerat
678 3377 780 3441 Deus.
840 3373 910 3440 Nec
948 3395 1027 3439 vero
1067 3376 1164 3441 toties
1215 3373 1473 3456 desperationem
1495 3374 1651 3458 populum
1682 3373 1783 3439 fuisse
1812 3379 1943 3454 putant:
1977 3392 2054 3435 nam
2083 3392 2185 3453 quum

197 3459 389 3542 perstringit
410 3460 544 3543 impiam
565 3460 741 3540 lasciviam,
764 3480 828 3544 qus
849 3459 1001 3524 fraudant
1017 3460 1164 3526 homines
1215 3459 1309 3541 impii
1331 3479 1391 3524 nos
1414 3459 1557 3524 alienare
1579 3480 1598 3523 a
1620 3459 1692 3524 Deo
1714 3469 1881 3540 conantur,
1910 3455 2031 3520 tollunt
2052 3477 2184 3520 omnem

197 3545 305 3609 Deum
327 3565 387 3610 suo
408 3546 478 3611 iure
499 3567 621 3630 susque
643 3548 746 3630 deque
767 3546 925 3611 habentes
948 3545 1024 3627 quid
1040 3546 1162 3628 probet.
1216 3565 1307 3627 spem
1329 3563 1366 3609 ao
1387 3543 1542 3610 fiduciam
1563 3543 1688 3609 salutis.
1733 3542 1800 3609 Sed
1830 3562 1889 3625 ego
1919 3540 2112 3606 alterutram
2141 3561 2185 3606 ex

282 3629 312 3695 5.
342 3627 471 3716 (Auca
490 3634 614 3698 cubum
636 3630 790 3716 chovue.)
840 3630 1012 3696 Oonvertit
1043 3650 1163 3696 sermo·
1216 3629 1342 3694 duabus
1380 3629 1453 3693 aliis
1494 3629 1727 3711 expositionem
1769 3628 1875 3710 potius
1912 3646 2037 3709 sequor.
2092 3625 2184 3693 Haec

198 3736 274 3780 nem
297 3736 393 3781 suum
422 3717 464 3781 ad
494 3739 590 3785 veros
619 3719 683 3783 Dei
710 3717 867 3794 cultores,
895 3725 991 3798 atque
1018 3715 1065 3781 eis
1092 3737 1163 3798 pro·
1215 3713 1345 3795 quidem
1367 3716 1472 3797 magis
1494 3723 1626 3797 recepta
1648 3724 1714 3779 est:
1745 3712 1908 3794 Quoniam
1930 3712 2022 3795 impii
2044 3710 2185 3795 prophe·

196 3800 300 3865 mittit
321 3802 406 3882 quod
427 3804 461 3867 in
484 3802 563 3870 diris
585 3804 651 3869 illis
679 3801 916 3871 calamitatibus
947 3802 1003 3868 vix
1031 3820 1163 3883 sperare
1215 3801 1278 3864 tias
1300 3799 1450 3865 ridebant
1471 3810 1504 3863 et
1525 3799 1697 3881 promissa,
1727 3798 1812 3883 quod
1835 3817 1997 3881 nusquam
2019 3818 2057 3862 ea
2078 3796 2185 3881 gloria
2298 3802 2319 3825 “

197 3887 389 3967 potuissent.
433 3888 500 3953 Eos
528 3910 622 3970 porro
652 3888 845 3954 nominatim
875 3885 1061 3969 compellat,
1088 3887 1164 3969 quia
1214 3904 1311 3967 quam
1343 3883 1472 3949 assidue
1504 3883 1750 3950 inculcaverant
1779 3883 1957 3968 prophetae
1995 3891 2183 3966 appareret:

197 3970 292 4035 multi
314 3992 351 4036 eo
373 3982 517 4054 tempore
539 3995 657 4040 nomen
679 3973 743 4039 Dei
765 3973 847 4039 falso
875 3973 1046 4038 iactabant.
1091 3972 1170 4037 Imo‘
1215 3971 1292 4037 acsi
1315 3971 1474 4035 dicerent:
1497 3970 1663 4036 Exhibeat
1681 3970 1843 4036 Dominus
1866 3969 2030 4052 specimen
2052 3967 2184 4052 aliquod

195 4058 379 4138 promiscua
415 4057 626 4124 multitudine
658 4060 770 4126 relicta
802 4062 938 4124 seorsim
970 4057 1012 4123 ad
1044 4077 1163 4140 paucos
1214 4076 1294 4122 suao
1314 4055 1444 4138 gloriae,
1468 4066 1506 4119 ut
1524 4065 1594 4121 tuto
1616 4057 1651 4121 in
1672 4078 1712 4121 ea
1732 4055 1974 4123 recumbamus:
2004 4053 2090 4119 velle
2112 4076 2183 4136 pro·

196 4141 308 4226 dirigit
329 4162 525 4222 sermonem,
557 4144 653 4211 sicuti
682 4145 788 4228 capite
809 4144 829 4209 8
852 4143 975 4211 dictum
996 4152 1060 4209 est:
1095 4143 1163 4209 Ob·
1214 4143 1346 4225 phetam
1370 4148 1496 4206 armare
1522 4141 1595 4225 pios
1623 4141 1779 4208 adversus
1807 4141 1905 4206 talem
1935 4139 2183 4224 blasphemiam,

196 4228 291 4311 signa
311 4228 429 4314 legem,
450 4229 519 4315 liga
533 4232 754 4297 testimonium
770 4232 856 4296 inter
871 4229 1046 4313 discipulos
1061 4250 1161 4297 meos.
1215 4249 1257 4292 ne
1279 4228 1375 4292 fidem
1398 4247 1492 4292 snam
1514 4227 1689 4310 impiorum
1712 4227 1826 4293 sannis
1847 4225 2033 4291 labefactari
2061 4226 2183 4292 sinant.

196 4311 269 4379 Hac
291 4324 400 4380 autem
423 4325 502 4381 nota
523 4337 618 4382 veros
648 4328 682 4381 et
712 4317 871 4400 genuinos
899 4315 964 4381 Dei
991 4315 1078 4381 filios
1106 4315 1162 4381 de·
1214 4311 1391 4379 Oommode
1412 4322 1521 4377 tamen
1544 4325 1578 4376 st
1605 4314 1688 4378 forte
1718 4313 1838 4379 rectius
1868 4322 1977 4397 posset
2005 4312 2052 4374 ita
2081 4311 2183 4393 accipi

195 4398 312 4481 signat,
334 4400 420 4483 quod
435 4401 475 4468 ad
491 4402 630 4469 verbum
645 4403 776 4467 Domini
790 4403 1057 4469 contremiscant:
1080 4422 1162 4483 quac
1213 4398 1268 4463 hic
1290 4399 1395 4475 locus,
1423 4398 1542 4479 impios
1564 4398 1686 4481 optima
1707 4418 1853 4481 quaeque
1874 4397 1936 4462 sibi
1967 4396 2069 4460 fuisse
2088 4396 2182 4479 polli-

196 4503 271 4548 rara
292 4487 434 4566 profecto
457 4495 508 4554 est
527 4489 642 4554 virtus.
676 4487 793 4569 Itaque
814 4507 887 4552 eam
906 4487 1041 4570 opponit
1062 4486 1161 4553 falsae
1213 4485 1302 4561 citos,
1325 4503 1362 4549 ac
1384 4485 1412 4549 si
1434 4485 1502 4549 suis
1524 4483 1639 4549 officiis
1661 4483 1829 4565 promeriti
1852 4483 1988 4546 fuissent
2007 4482 2069 4546 Dei
2093 4481 2182 4547 favo·

195 4569 387 4651 professioni
409 4592 521 4638 eorum
543 4575 598 4657 qui
620 4572 899 4640 circumcisionem
921 4581 1070 4657 gerentes
1085 4592 1161 4638 cen·
1212 4590 1292 4648 rom,
1314 4570 1409 4636 sicuti
1431 4570 1528 4635 etiam
1549 4568 1614 4634 illis
1635 4568 1810 4650 exprobrat
1832 4565 1990 4653 Amos(5,
2011 4565 2074 4651 18),
2097 4567 2183 4647 quod

119 4713 123 4719 .
195 4655 260 4720 seri
282 4656 432 4722 volebant
453 4661 489 4723 in
510 4660 629 4743 populo
651 4660 713 4726 Dei
735 4679 951 4743 magnamque
980 4657 1162 4724 sanctitatis
1212 4675 1324 4721 secure
1346 4654 1452 4719 Deum
1480 4664 1694 4737 provocantes
1722 4653 1888 4719 confidant
1917 4653 1979 4718 sibi
2007 4653 2182 4735 propitium

196 4741 336 4823 speciem
360 4763 437 4824 prae
460 4764 495 4809 se
516 4745 678 4812 ferebant:
712 4754 751 4811 ut
771 4745 994 4843 intelligemus
1021 4764 1076 4809 oos
1106 4742 1160 4808 de·
1212 4741 1289 4805 fore.
1344 4739 1453 4820 Quum
1486 4759 1565 4824 ergo
1598 4739 1673 4803 freti
1706 4740 1773 4806 suis
1813 4739 1947 4821 piaculis
1987 4749 2183 4820 spernerent

195 4847 286 4891 mum
318 4830 461 4895 revereri
490 4850 526 4896 ao
555 4832 670 4897 timue
699 4832 807 4897 Denm
833 4851 889 4914 qur
919 4839 1160 4896 sacrosanctum
1213 4845 1327 4891 omnes
1348 4826 1464 4901 minas,
1487 4826 1658 4908 Deumque
1679 4825 1741 4890 sibi
1756 4825 1981 4891 auxiliatorem
1997 4824 2066 4889 fore
2081 4823 2182 4887 iacta·

195 4913 266 4977 cius
288 4914 425 4980 verbum
446 4925 639 4981 reverentur
660 4937 698 4983 ac
720 4917 852 4982 timent:
886 4915 918 4981 id
950 4920 1016 4994 est,
1050 4912 1161 4979 audita
1212 4922 1295 4991 rent,
1328 4909 1501 4993 respondet
1533 4911 1632 4994 longe
1666 4909 1795 4976 diverso
1831 4908 1927 4974 modo
1959 4909 2086 4974 visuros
2117 4908 2182 4973 Dei

195 4997 259 5063 Dei
282 5019 360 5066 voce
383 5001 467 5066 serio
489 5003 628 5084 perculsi
657 5022 772 5068 sensus
799 5022 911 5067 omnes
938 5021 1014 5065 suos
1041 5007 1162 5083 cogunt
1212 4998 1361 5082 gloriam.
1410 4994 1549 5061 Perinde
1579 4997 1673 5062 acsi
1704 4996 1824 5061 diceret
1853 4993 1960 5058 Deum
1990 4994 2183 5059 effecturum

195 5082 237 5148 sd
259 5086 451 5167 parendum.
486 5087 558 5154 Hoc
580 5088 667 5153 enim
688 5087 820 5171 pietatis
841 5087 968 5170 insigne
989 5083 1161 5151 documen·
1213 5104 1272 5150 suo
1294 5080 1437 5148 adventu
1460 5092 1496 5145 ut
1518 5082 1562 5164 pii
1589 5081 1775 5165 intelligant
1801 5101 1836 5145 se
1865 5101 1930 5144 non
1959 5079 2085 5179 frustra
2110 5101 2182 5162 spe·

195 5179 265 5234 tum
287 5182 347 5237 est.
380 5172 483 5239 Porro
504 5173 580 5256 quia
601 5173 737 5239 larvatis
752 5174 814 5238 Dei
829 5172 1007 5239 cultoribus
1029 5171 1162 5237 solenne
1212 5190 1312 5237 rasse.
1357 5167 1537 5250 Apparebit
1559 5168 1646 5232 enim
1670 5169 1798 5249 piorum
1821 5164 1922 5240 bono,
1951 5175 1985 5229 et
2007 5175 2107 5230 exitio
2129 5185 2182 5230 eo·

196 5267 246 5326 est
268 5261 439 5346 magnifice
461 5262 582 5327 iactare
603 5281 678 5326 suas
706 5279 856 5343 pompas,
884 5255 1063 5342 prophetae
1084 5277 1161 5324 con·
1212 5277 1287 5322 rum
1317 5255 1373 5337 qui
1399 5253 1625 5336 appariturum
1653 5253 1761 5335 ipsum
1788 5249 1977 5334 praedicant
2004 5251 2183 5335 impietatis
