4784 5970
127 375 168 441 81

125 564 212 629 idem
236 562 355 628 doloris
373 580 488 628 sensns
506 581 578 626 eum
598 560 679 640 aliis,
701 559 758 626 sed
776 559 976 625 sustinemur
991 559 1096 642 gratia

126 650 200 728 Dei,
224 655 321 732 atque
348 648 464 729 spiritu
496 646 672 729 patientiae
702 646 863 723 fulcimur,
894 665 937 710 ue
967 644 1096 710 deficia-

128 757 218 801 mus:
241 735 344 799 donee
365 743 513 815 porrecta
535 751 635 796 mann
655 752 787 796 sursum
811 752 868 795 uos
890 730 1029 795 attollat.

212 821 242 885 3.
260 819 432 905 (Quoniam
448 817 523 904 epo.)
545 818 726 881 Confirmat
744 818 881 900 priorem
899 816 1096 881 sententiam

128 905 169 971 ab
187 907 419 989 experimentis
437 904 607 987 prioribus.
641 902 697 968 Sic
715 905 801 967 enim
820 903 983 967 Dominus
1001 911 1098 965 antea

128 991 284 1075 populum
307 1010 403 1055 sunm
427 990 564 1069 iuverat,
588 998 625 1053 ut
646 989 758 1054 fideles
780 996 852 1053 tuto
874 989 908 1053 in
931 990 1000 1052 eius
1023 1006 1096 1070 gra·

128 1081 173 1142 tia
193 1075 380 1143 recumbere
397 1095 536 1158 aequum
555 1083 588 1139 et
605 1082 860 1139 consentaneum
878 1083 971 1139 esset
1006 1071 1096 1139 Sem·

127 1184 186 1246 por
208 1172 316 1227 autem
339 1162 514 1226 tenendum
538 1170 588 1225 est
613 1160 697 1242 quod
729 1161 903 1225 habuimus
931 1159 1097 1239 superiore

128 1269 239 1314 versu:
261 1247 312 1311 Ne
334 1249 458 1324 timeas,
479 1246 631 1329 quoniam
654 1246 836 1322 redemite,
858 1266 917 1327 ego
935 1243 1097 1307 Dominus

127 1346 214 1399 tuus.
259 1333 351 1399 Haec
380 1333 466 1396 enim
496 1333 694 1398 coniunctim
727 1341 761 1396 et
790 1352 855 1394 uno
889 1343 1002 1394 tenore
1032 1330 1097 1412 legi

128 1418 256 1495 debent,
280 1419 429 1499 quonism
452 1417 563 1482 eodem
586 1425 743 1498 spectant.
777 1417 861 1482 Nam
885 1417 913 1481 si
934 1416 1098 1480 Dominus

128 1515 177 1571 est-
211 1506 301 1568 Deus
335 1515 452 1578 noster,
489 1503 636 1584 sequitur
669 1505 774 1585 ipsum
809 1503 977 1567 nobiseum
1010 1518 1096 1565 osse:

128 1600 325 1655 servatorem
345 1591 446 1672 igitur
463 1591 568 1669 ipsum
588 1590 775 1654 sentiemus.
808 1589 933 1652 Verum
952 1588 978 1652 si
999 1587 1096 1650 talem

127 1679 232 1757 ipsum
270 1676 409 1756 experiri
443 1674 594 1757 velimus,
634 1695 765 1740 necesse
799 1686 848 1739 est
881 1694 938 1738 nos
972 1686 1097 1755 partem

126 1761 260 1826 Israelis
282 1780 363 1835 esse,
393 1779 461 1823 non
483 1769 611 1823 tantum
635 1765 672 1823 ut
694 1761 781 1824 nudo
803 1760 907 1824 simus
929 1758 1025 1822 titulo
1047 1758 1096 1821 iu·

127 1848 248 1929 signiti,
278 1845 334 1910 sed
364 1855 401 1908 ut
429 1865 508 1909 vera
537 1846 667 1926 pietatis
696 1845 891 1910 documenta
921 1854 989 1907 toto
1011 1845 1097 1906 vitae

127 1943 258 1996 nostrae
298 1952 395 1995 cursu
434 1932 656 2013 praebeamus.
711 1931 784 1995 Hoc
823 1930 924 2014 igitur
960 1929 1097 1993 fiduciae

129 2030 257 2083 nostrae
284 2015 531 2081 fundamentum
565 2029 623 2090 est,
658 2016 742 2098 qood
773 2016 896 2080 lehova
929 2016 972 2079 sit
1004 2014 1097 2078 Deus

128 2118 247 2167 nostor.
286 2100 382 2168 Unde
404 2102 560 2184 sequitur,
583 2123 637 2166 eos
656 2103 772 2166 misere
790 2122 917 2183 semper
935 2100 1096 2182 trepidare

129 2189 185 2271 qui
203 2187 311 2252 Deum
334 2196 458 2268 patrem
480 2208 543 2251 non
563 2202 754 2269 agnoscunt,
777 2209 836 2252 uec
855 2188 887 2250 in
907 2186 977 2251 eius
1001 2184 1095 2249 bene·

129 2273 272 2339 volentia
310 2275 552 2355 conquiescunt.
607 2274 799 2339 Lasciviunt
832 2270 961 2355 quidem
995 2271 1094 2352 impii,

128 2369 225 2441 atque
252 2359 347 2422 ctiam
378 2359 545 2422 exsultant
572 2359 728 2424 advorsus
750 2357 868 2434 Deum,
898 2357 953 2422 sed
984 2376 1095 2420 eorum

128 2446 285 2509 securitas
308 2443 447 2508 ebrietas
476 2446 593 2508 montis
622 2456 671 2508 est
701 2463 738 2507 ao
766 2445 865 2520 furor,
899 2464 962 2525 quo
991 2442 1096 2524 magis

128 2531 321 2612 praecipites
353 2530 387 2592 in
418 2529 553 2593 exitium
583 2551 678 2595 suum
711 2531 868 2594 ferantur.
918 2528 1007 2593 Hinc
1037 2529 1097 2609 piis

129 2617 205 2680 solis
235 2616 371 2678 affertur
395 2615 570 2692 certitudo,
602 2614 688 2695 quod
718 2614 802 2679 idem
831 2614 887 2696 qui
917 2635 971 2678 cos
999 2613 1097 2694 elegit

129 2712 284 2783 perpetuo
306 2700 403 2763 etiam
427 2698 517 2763 Deus
546 2701 689 2780 ipsorum
720 2721 799 2777 esse,
828 2720 945 2781 eosque
967 2719 1098 2762 servare

130 2787 226 2849 velit:
256 2786 394 2864 ideoque
416 2786 639 2868 segregaverit
666 2785 700 2848 in
729 2784 964 2848 haereditatem
994 2803 1095 2847 suam.

130 2874 239 2953 Atque
268 2869 328 2934 hoe
356 2890 452 2933 seusu
476 2879 569 2932 vocat
601 2890 636 2934 se
668 2870 817 2935 Sanctam
846 2869 992 2933 Israelis:
1023 2870 1098 2950 quia

130 2976 230 3039 quum
254 2957 444 3019 universum
468 2975 571 3038 genus
598 2954 776 3019 humanum
801 2954 932 3036 abipso
955 2955 1111 3018 alienum'

129 3043 172 3107 sit
194 3051 322 3118 natura,
345 3039 498 3123 populum
518 3061 613 3105 suum
629 3041 745 3125 selegit
760 3062 853 3124 quom
873 3040 934 3104 sibi
952 3056 1098 3104 seorsum

129 3128 304 3210 colligeret.
340 3127 502 3205 Quamvis
523 3137 630 3190 autem
654 3138 790 3191 externa
811 3127 993 3209 segregatio
1016 3124 1099 3189 levis

130 3223 179 3277 est
200 3214 367 3288 momenti,
398 3213 458 3275 nisi
482 3212 600 3275 eleetos
622 3213 741 3277 virtute
769 3212 904 3294 spiritus
932 3212 982 3275 sui
1005 3210 1098 3275 Deus

130 3299 325 3364 sanctificet:
360 3298 435 3378 quia
464 3306 573 3360 tamma
604 3296 702 3380 vulgo
733 3318 767 3362 se
795 3298 955 3380 polluerat
983 3295 1097 3374 Israel,

130 3385 318 3465 pronuntiat.
350 3382 441 3447 Deus
474 3403 538 3446 nou
573 3383 640 3447 fore
674 3397 782 3446 tamen
822 3383 952 3447 irritum
987 3381 1098 3446 foedus

130 3490 236 3544 suum,
265 3468 341 3551 quia
370 3468 430 3533 sibi
460 3479 595 3533 constet.
641 3467 813 3533 antorum
846 3490 964 3532 nomeu
994 3468 1099 3533 saneti

131 3555 236 3620 active
258 3554 344 3618 sumi
363 3575 421 3636 pro
444 3575 481 3618 eo
503 3554 559 3635 qui
581 3555 770 3629 sanctificat,
801 3555 880 3617 satis
902 3567 1014 3617 notum
1039 3563 1098 3619 est.

128 3640 244 3722 Itaque
266 3639 294 3705 si
316 3639 356 3703 de
378 3660 487 3703 amore
508 3638 572 3702 Dei
603 3660 681 3722 erga
711 3660 770 3704 nos
799 3640 878 3703 certi
908 3660 979 3703 esse
1008 3639 1098 3702 volu-

130 3746 211 3802 mus,
223 3745 351 3807 semper
366 3736 515 3789 occurrat
531 3727 748 3789 testimonium
763 3724 945 3807 adoptionis
961 3734 1099 3800 nostrae,

130 3831 193 3892 quo
216 3811 250 3873 in
273 3811 541 3886 animisnostris,
570 3820 727 3893 tanquam
749 3823 837 3875 certo
859 3812 1003 3894 pignore,
1027 3828 1100 3873 oon-

130 3897 307 3969 firmemur,
338 3896 433 3976 idque
456 3897 541 3960 votis
570 3896 721 3960 omnibus
743 3917 761 3959 a
784 3896 856 3959 Deo
885 3895 1098 3979 postulemus.

214 3978 312 4064 (Dedi
327 3980 489 4065 pretium.)
533 3982 606 4045 Non
637 3991 757 4045 annoto
784 3983 862 4045 istas
892 3983 1099 4063 repetitiones

129 4087 212 4146 quae
235 4068 331 4130 tritae
349 4075 429 4129 sunt
444 4069 629 4148 prophetae,
648 4078 681 4131 et
695 4068 826 4149 linguae
844 4067 1014 4131 hebraicae
1033 4066 1099 4129 usi·

49 4170 52 4178 ·
130 4160 217 4216 tatae
239 4162 324 4217 sunt.
369 4151 452 4215 Nam
477 4151 554 4215 dare
580 4154 728 4234 pretium,
759 4164 792 4217 et
822 4151 898 4215 dare
928 4153 1098 4228 invicem,

130 4257 188 4318 pro
210 4235 322 4302 eodem
347 4240 462 4319 posuit.
508 4237 661 4302 Diximus
683 4238 876 4321 prophetam
905 4239 1098 4302 confirmare

131 4323 211 4403 pios,
239 4323 387 4387 adductis
409 4323 628 4405 superioribus
651 4324 851 4388 documentis
875 4324 996 4406 gratiae
1019 4323 1098 4386 Dei:

131 4429 168 4472 ae
190 4409 217 4472 si
241 4409 379 4472 diceret:
402 4408 472 4471 Iam
496 4409 622 4490 experti
641 4408 718 4471 estis
736 4409 842 4473 Deum
866 4408 985 4473 habere
1003 4409 1099 4471 ratio·

132 4513 207 4556 nem
240 4506 369 4559 vestrae
404 4493 535 4559 salutis:
576 4494 631 4574 qui
666 4495 751 4557 enim
791 4495 911 4558 saut-um
945 4505 1030 4558 esset
1063 4502 1100 4557 ut

131 4577 357 4643 Sennacherib
386 4581 471 4645 vires
499 4599 574 4644 suas
602 4581 636 4642 in
662 4583 859 4662 Aegyptum,
882 4578 1098 4660 Aethiopiam,

131 4663 276 4746 aliosque
309 4665 443 4746 populos
475 4674 694 4744 converteret,
733 4666 795 4728 nisi
829 4666 905 4746 quia
940 4663 1099 4730 Dominus

131 4750 224 4814 vohis
256 4752 400 4832 pepercit
432 4759 530 4832 atque
563 4751 626 4814 alio
659 4752 817 4832 impetum
859 4751 963 4815 hostis
1000 4751 1100 4814 vestri

131 4835 314 4900 convertit?
349 4835 458 4914 Quum
481 4838 583 4919 igitur
606 4838 761 4902 hactenus
780 4857 815 4900 se
837 4845 903 4899 tam
927 4836 1099 4901 sollicitum

131 4921 316 5002 praebuerit
345 4930 453 4984 vestra
482 4941 587 5001 causa,
616 4943 678 4987 non
708 4935 758 4987 eet
786 4942 846 4987 cur
874 4923 906 4985 in
936 4931 1099 5004 posterum

131 5006 203 5071 sitis
233 5007 296 5088 ipsi
325 5006 463 5070 solliciti.
515 5007 568 5071 Ita
601 5010 628 5073 si
662 5007 791 5091 quando
821 5008 978 5088 obrepant
1008 5006 1101 5070 nobis

131 5090 350 5156 dubitationes
373 5092 412 5156 de
434 5093 635 5173 providentia
657 5093 729 5168 Dei,
757 5103 812 5158 aut
834 5094 902 5157 cius
925 5093 1100 5174 promissis,

130 5176 286 5243 beneficia
308 5179 425 5259 quibus
447 5187 542 5242 antea
570 5200 628 5245 uos
652 5180 759 5244 affecit
780 5180 815 5243 iu
839 5179 1026 5243 memoriam
1049 5198 1100 5242 re·

131 5283 247 5329 vocare
269 5262 433 5328 debemus.
473 5265 557 5328 Nam
578 5286 724 5330 summac
747 5262 992 5349 ingratitudinis
1010 5264 1100 5330 dam·

235 5363 348 5419 Calvisi
363 5380 455 5434 opero.
489 5364 548 5421 Vol.
566 5365 727 5422 XXXVII.

972 368 1123 437 CAPUT
1145 368 1278 441 XLIII.

2081 371 2123 439 82

1149 558 1249 622 nandi
1278 557 1409 637 erimus,
1439 558 1467 622 si
1498 566 1546 622 tot
1573 559 1713 643 acceptis
1740 581 1760 624 a
1787 560 1858 625 Deo
1888 558 2053 626 beneficiis
2082 559 2124 626 de

1149 645 1218 709 eius
1237 642 1463 709 benevolentia
1477 643 1511 707 in
1528 652 1691 727 posterum
1707 643 1904 711 dubitemus.
1940 644 2005 712 Sed
2022 666 2123 728 quaa·-

1149 731 1241 804 ritur,
1272 750 1335 812 quo
1363 750 1461 794 sensu
1484 729 1672 814 Aegyptum
1695 744 1726 796 et
1749 731 1958 815 Aethiopiam
1980 733 2121 815 pretium

1149 813 1380 897 redemptionis
1401 814 1557 880 ecclesiae
1579 815 1696 881 vocet?
1736 817 1806 882 Nee
1829 819 1915 882 enim
1938 819 2022 882 tanti
2044 827 2122 883 sunt

1149 902 1276 983 profani
1299 900 1457 980 homines,
1484 910 1521 964 ut
1542 900 1625 966 filios
1647 900 1710 966 Dei
1733 902 1904 968 redimant.
1948 902 2014 968 Sed
2036 902 2122 968 haue

1149 986 1374 1068 loquutiouom
1404 986 1609 1052 acommuni
1638 987 1805 1052 hominum
1835 1009 1925 1053 more
1954 997 2122 1053 mutuatus

1150 1084 1199 1136 est
1231 1073 1406 1156 propheta:
1441 1092 1477 1138 ae
1510 1072 1538 1136 si
1572 1072 1701 1153 diceret,
1734 1074 1899 1158 Aegyptii,
1933 1074 2121 1156 Aethiopes,

1150 1155 1268 1224 Sabaei
1288 1157 1459 1223 subierunt
1476 1157 1580 1222 vicem
1600 1169 1698 1237 tuam,
1721 1166 1754 1224 et
1772 1161 1862 1244 quasi
1882 1162 2122 1241 permutatione

1150 1243 1235 1308 facta
1256 1242 1388 1324 cladem
1404 1264 1487 1326 quae
1510 1244 1567 1308 tibi
1589 1242 1805 1326 impendebat,
1836 1247 1999 1311 sustinere
2019 1245 2123 1312 coaeti

1150 1337 1244 1392 sunt:
1274 1339 1310 1393 ut
1332 1330 1417 1395 enim
1443 1340 1474 1393 te
1496 1350 1671 1412 servarem,
1693 1329 1766 1395 illos
1787 1329 1924 1413 perdidi,
1955 1342 2051 1413 atque
2073 1330 2122 1396 tui

1150 1413 1218 1480 loeo
1239 1415 1273 1478 in
1296 1435 1428 1479 manum
1452 1415 1555 1480 hostis
1575 1414 1697 1499 redegi.
1739 1416 1803 1480 Sed
1827 1415 1967 1481 tenenda
1987 1416 2123 1482 historia

1150 1512 1216 1565 est:
1246 1499 1357 1580 Quum
1381 1498 1604 1566 Sennacherib
1627 1512 1694 1564 toto
1717 1501 1840 1584 impetu
1870 1511 1983 1567 rueret
2009 1503 2041 1565 in
2066 1502 2121 1566 lu·

1150 1585 1274 1663 dacem,
1297 1596 1430 1669 repente
1448 1583 1539 1650 Deus
1558 1607 1631 1650 eum
1651 1588 1742 1651 velut
1764 1588 1876 1652 fraeno
1896 1587 2015 1655 iniecto
2034 1587 2121 1653 oehi-

1150 1671 1228 1748 buit,
1253 1680 1349 1753 atque
1371 1671 1443 1735 aliis
1466 1671 1559 1736 bellis
1588 1672 1784 1754 implicavit:
1815 1674 1859 1736 ita
1882 1683 1919 1737 ut
1940 1673 2120 1736 exereitum

1151 1756 1303 1820 reducere
1330 1765 1507 1839 cogeretur.
1554 1756 1669 1840 Itaque
1699 1759 1853 1842 Aegyptii
1883 1770 1916 1823 et
1943 1756 2121 1840 Aethiopes

1150 1861 1302 1924 magnam
1326 1842 1451 1906 cladem
1483 1845 1568 1922 passi
1597 1852 1691 1907 suut:
1722 1845 1846 1908 interea
1876 1865 1952 1909 vero
1982 1843 2120 1926 populus

1150 1928 1210 1991 Dei
1235 1927 1417 2009 respiravit.
1462 1926 1570 1991 Hodie
1593 1929 1730 1992 eandem
1753 1950 1830 2012 erga
1862 1951 1920 1995 nos
1950 1928 2121 2011 providen-

1149 2013 1227 2077 tiam
1251 2011 1325 2089 Dei,
1348 2023 1444 2095 atque
1462 2012 1655 2078 immensam
1674 2014 1927 2080 misericordiam
1946 2035 2121 2098 agnoscere

1149 2108 1335 2180 promptum
1356 2108 1414 2175 est,
1439 2098 1504 2163 nisi
1522 2098 1708 2181 plusquam
1732 2099 1862 2165 hebetes
1884 2101 1997 2179 simus,
2020 2120 2120 2182 quum

1149 2193 1314 2267 tyrannos,
1337 2187 1392 2265 qui
1416 2204 1475 2247 nos
1498 2183 1645 2266 perditos
1669 2185 1799 2263 vellent,
1831 2187 1896 2250 imo
1919 2185 1960 2250 ad
1983 2206 2041 2250 nos
2064 2207 2120 2251 vo·

1149 2268 1268 2334 randos
1301 2269 1412 2334 eadem
1445 2270 1620 2351 eupiditate
1652 2271 1749 2335 simul
1783 2271 1927 2350 inhiant,
1967 2272 2053 2336 iuter
2086 2291 2120 2337 se

1149 2354 1337 2418 committit:
1361 2359 1457 2438 atque
1479 2354 1620 2420 furorem
1644 2376 1707 2438 quo
1729 2358 1762 2420 in
1788 2379 1845 2421 nos
1868 2357 1994 2422 accensi
2017 2368 2120 2436 erant,

1149 2440 1210 2504 alio
1233 2441 1403 2505 convertit.
1447 2441 1520 2506 Hoc
1543 2442 1630 2505 enim
1653 2442 1777 2524 agendo
1799 2464 1860 2508 nos
1880 2451 2059 2521 conservat,
2083 2452 2121 2507 ut

1149 2526 1229 2590 alios
1258 2524 1312 2589 det
1341 2527 1374 2590 iu
1406 2528 1544 2607 pretium
1577 2536 1708 2591 nostrae
1737 2528 1979 2611 redemptionis.
2030 2527 2119 2593 Dum

1149 2632 1226 2692 ergo
1249 2612 1401 2694 profanos
1421 2613 1570 2677 homines
1589 2612 1816 2677 tumultuando
1835 2626 1868 2677 et
1887 2615 2007 2677 mutuis
2028 2613 2120 2678 bellis

1149 2718 1219 2760 sese
1249 2696 1410 2761 turbando
1437 2717 1564 2762 cessare
1594 2719 1614 2761 a
1640 2699 1735 2763 nobis
1764 2698 1939 2780 perdendis
1960 2699 2119 2778 videmus,

1149 2779 1277 2864 quando
1300 2781 1407 2863 palam
1431 2791 1480 2845 est
1510 2803 1572 2846 non
1603 2793 1720 2865 sponte
1753 2783 1814 2850 hoc
1847 2784 1887 2847 ab
1920 2784 1999 2867 ipsis
2031 2784 2119 2848 fieri:

1150 2867 1339 2931 attollamus
1361 2867 1472 2932 oculos
1492 2867 1529 2931 in
1551 2868 1686 2944 coelum,
1708 2878 1804 2951 atque
1828 2869 1944 2944 Deum,
1968 2882 2006 2933 ut
2028 2869 2120 2934 nobis

1151 2963 1269 3034 pareat,
1301 2952 1495 3017 mirabiliter
1522 2952 1603 3018 alios
1631 2953 1792 3019 invicem
1823 2968 1968 3019 nostram
1998 2955 2119 3019 substi-

1150 3049 1242 3104 tuere
1270 3039 1420 3103 sciamus.
1466 3038 1606 3105 Dramus
1640 3039 1728 3104 euim
1762 3052 1798 3104 ut
1830 3061 1908 3106 oves
1939 3039 2120 3106 destinatae

1150 3122 1355 3189 mactationi:
1382 3122 1482 3207 gladii
1505 3123 1649 3207 undique
1672 3126 1803 3204 exserti,
1826 3127 1888 3189 nisi
1911 3146 1965 3191 eos
1988 3139 2120 3192 excute·

1150 3219 1200 3275 ret
1222 3233 1262 3274 ex
1285 3211 1459 3292 impiorum
1481 3211 1640 3289 manibus,
1668 3222 1725 3275 aut
1747 3212 1809 3276 elio
1831 3212 1985 3296 adigeret.
2030 3212 2120 3280 Hine

1150 3296 1313 3380 generalis
1336 3297 1484 3362 doctrina
1506 3295 1685 3378 colligenda
1707 3307 1765 3374 eet,
1788 3298 1835 3363 sic
1857 3297 2000 3362 Domino
2023 3319 2120 3364 curae

1150 3403 1220 3453 esse
1243 3383 1313 3464 pios
1341 3402 1464 3457 omnes,
1494 3391 1531 3445 ut
1558 3382 1661 3464 pluris
1690 3383 1776 3465 ipsos
1806 3404 1901 3466 quam
1929 3385 2120 3449 universum

1151 3467 1261 3533 orbem
1284 3467 1392 3532 faciat.
1438 3467 1582 3532 Tametsi
1605 3468 1709 3550 igitur
1731 3468 1853 3533 nullius
1882 3470 1978 3551 pretii
2008 3471 2120 3548 simus,

1150 3567 1260 3618 tamen
1284 3554 1316 3617 iu
1340 3574 1378 3618 eo
1407 3552 1592 3636 gloriemur,
1622 3551 1706 3635 quod
1729 3552 1892 3617 Dominus
1922 3575 1981 3618 nos
2009 3554 2121 3638 magni

1151 3640 1310 3715 aestimet,
1335 3639 1458 3720 totique
1476 3637 1597 3702 mundo
1620 3639 1772 3720 praefert,
1796 3660 1814 3703 e
1836 3638 1991 3720 periculis
2013 3640 2120 3722 eripit,

1152 3735 1250 3806 atque
1283 3723 1363 3787 adeo
1395 3723 1430 3787 in
1461 3722 1566 3787 media
1599 3733 1704 3788 morte
1734 3736 1914 3790 conservat.
1967 3723 2063 3805 Quod
2092 3730 2120 3791 si

1151 3810 1236 3873 inter
1259 3828 1318 3873 nos
1340 3808 1451 3873 omnia
1478 3816 1592 3898 pacata
1621 3823 1655 3873 et
1682 3811 1859 3891 composita
1886 3821 2005 3888 essent,
2034 3809 2120 3876 hanc

1152 3896 1212 3959 Dei
1243 3896 1381 3976 gratiam
1412 3915 1477 3957 non
1507 3893 1779 3975 perspiceremus:
1812 3895 1867 3960 sed
1898 3916 1998 3977 quum
2027 3896 2120 3961 nobis

1150 3979 1239 4044 mille
1254 3978 1409 4043 ridentur
1428 3979 1598 4044 imminere
1613 3994 1744 4058 mortes,
1762 4002 1821 4047 nec
1840 3980 1942 4045 ullum
1963 3982 2120 4065 effugium

1150 4076 1248 4147 patet,
1272 4085 1309 4128 ao
1331 4063 1437 4127 subito
1460 4076 1547 4128 retro
1569 4067 1638 4148 agit
1663 4075 1828 4150 tyrannos,
1850 4077 1907 4131 aut
1924 4067 1987 4131 alio
2009 4070 2119 4145 flectit,

1150 4163 1228 4213 tune
1250 4151 1437 4231 experimur
1459 4149 1542 4232 quod
1566 4151 1619 4217 hio
1645 4151 1764 4217 dicitur
1786 4175 1805 4217 a
1827 4152 1993 4236 propheta,
2023 4164 2120 4238 atque

1151 4235 1420 4334 inaestimabilem
1444 4237 1512 4300 eius
1536 4235 1792 4302 benevolentiam
1823 4259 1901 4322 erga
1928 4260 1989 4305 nos
2019 4261 2120 4324 agno·

1151 4341 1280 4386 surmus.

1236 4407 1266 4471 4.
1306 4406 1406 4491 (Quia
1433 4409 1592 4486 pretiosus
1623 4407 1738 4494 fuisti.)
1789 4409 1898 4491 Aliqui
1932 4417 2119 4492 exponunt:

1151 4492 1229 4557 Ideo
1251 4494 1338 4558 fuisti
1362 4492 1567 4568 honorabilis,
1592 4495 1746 4574 quoniam
1769 4501 1801 4558 te
1824 4496 1857 4558 iu
1883 4497 2039 4561 honorem
2062 4522 2118 4562 ox·

1152 4578 1231 4642 tuli:
1254 4579 1309 4643 sed
1329 4578 1411 4642 mihi
1427 4579 1557 4643 videtur
1574 4579 1733 4645 rationem
1752 4580 1898 4663 reddere,
1916 4603 1975 4647 eur
1990 4583 2121 4666 Aegyp·

1152 4678 1221 4728 tum
1259 4676 1291 4728 et
1318 4664 1529 4746 Aethiopiam
1560 4667 1629 4729 eius
1658 4665 1728 4730 loco
1757 4667 1927 4730 tradiderit
1956 4667 2119 4732 hostibus:

1153 4771 1268 4831 nempe
1307 4751 1390 4831 quod
1426 4771 1500 4814 eum
1534 4750 1700 4831 dilexerit,
1741 4762 1774 4816 et
1814 4773 1923 4817 earum
1959 4752 2119 4818 habuerit.

1154 4835 1209 4901 Sic
1239 4857 1316 4920 ergo
1350 4835 1467 4899 resolvi
1502 4835 1612 4900 debet:
1646 4835 1809 4917 Quoniam
1843 4837 1941 4901 dilexi
1974 4845 2015 4915 te,
2047 4838 2120 4904 ideo

1154 4922 1318 4985 hominem
1342 4942 1400 5003 pro
1430 4930 1463 4984 te
1486 4920 1568 4985 dedi.
1614 4921 1768 4987 Excludit
1797 4932 1905 4986 autem
1938 4922 1989 4987 his
2012 4925 2120 4990 verbis

1152 5028 1280 5071 omnem
1311 5007 1419 5088 populi
1443 5006 1650 5089 dignitatem,
1681 5029 1722 5071 ne
1751 5008 1826 5090 quid
1857 5028 1914 5071 suo
1943 5011 2059 5074 merito
2085 5032 2120 5076 se

1152 5094 1252 5158 fuisso
1275 5092 1428 5174 adeptum
1458 5094 1624 5176 glorietur.
1670 5093 1714 5156 Et
1748 5101 1832 5157 certo
1865 5114 1963 5160 carisa
1995 5097 2120 5175 salutis,

1153 5188 1184 5242 et
1207 5179 1353 5245 omnium
1378 5179 1604 5245 beneficiorum
1629 5178 1745 5261 quihus
1771 5198 1934 5258 ornamur,
1958 5184 2121 5264 gratuitus

1154 5275 1201 5331 est
1235 5266 1297 5329 Dei
1331 5283 1439 5329 amor:
1480 5264 1564 5328 idem
1604 5265 1709 5329 omnis
1742 5273 1872 5327 nostrae
1903 5271 2122 5348 praestantiae

1902 5368 1920 5421 6
