4784 5970
111 370 173 435 645
844 367 894 432 m
918 366 1169 434 ruaaursu.
1211 366 1309 434 cir.
1332 366 1392 432 vr.
1943 458 1948 467 ι
2050 372 2113 437 646

112 560 246 641 impetu,
280 571 312 621 et
340 559 431 641 quasi
464 557 587 622 furiose
619 557 805 639 oppriment
837 576 875 621 ac
905 554 1085 621 vastabunt
1137 554 1275 619 urbem?
1297 554 1350 621 hic
1372 564 1422 620 est
1441 557 1606 639 genuinus
1627 579 1743 624 sensus
1767 557 1951 624 verborum.
1995 558 2115 624 Postea

112 657 179 708 tam
213 644 325 708 urbem
363 664 459 725 quam
493 653 595 707 totam
628 642 792 707 Iudaeam.
848 641 946 706 Prius
979 641 1086 705 iuerat
1137 639 1237 718 addit,
1262 639 1387 724 Sarpito
1407 645 1435 706 et
1451 643 1656 710 ascendamus
1672 648 1771 720 coda,
1793 642 1856 711 hoc
1875 653 1933 720 cst,
1956 644 2111 726 quoniam

112 731 203 812 quasi
237 728 301 794 Dei
339 729 478 805 fecialis,
520 749 620 810 quum
661 727 781 792 bellum
816 727 988 792 indiceret:
1028 725 1083 791 sed
1137 747 1203 790 non
1225 726 1391 807 potuimus
1414 726 1526 791 urbem
1550 749 1665 812 capere
1687 751 1744 796 sex
1776 730 1867 795 horis
1888 729 1979 815 (nam
2003 751 2023 795 a
2045 750 2111 794 me·

113 833 200 879 nuuc
232 825 282 879 est
315 818 533 897 prosopopeia,
566 814 718 896 quoniam
745 812 872 878 inducit
901 811 1084 878 Chaldaeos
1137 810 1218 876 ridie
1241 833 1343 894 usque
1370 812 1411 876 ad
1441 826 1566 878 noctem
1597 829 1693 880 erant
1722 836 1780 881 sex
1811 815 1929 881 horae:
1964 814 2112 881 solebant

112 901 253 965 invicem
276 920 312 965 se
336 900 504 965 hortantes
527 899 567 964 ad
590 898 757 982 proelium.
803 897 1007 978 Sanctificate,
1034 898 1084 961 in·

112 987 190 1069 quit,
215 986 371 1067 proelium
398 1006 494 1066 super
521 1005 598 1051 eam.
644 984 700 1051 Sia
730 985 909 1067 loquuntur
931 981 1084 1061 Hebraei,

112 1072 187 1155 quia
214 1072 336 1137 scimus
364 1070 516 1135 omnibus
543 1071 681 1136 saeculis
710 1069 837 1135 solenni
867 1070 931 1135 ritu
961 1068 1085 1133 indicta

112 1159 212 1223 fuisse
234 1156 335 1221 bella:
359 1178 418 1221 neo
441 1156 574 1223 dubium
598 1168 648 1220 est
665 1157 742 1239 quin
762 1156 852 1221 Deus
876 1155 963 1219 hunc
986 1155 1083 1220 affec·

111 1254 183 1307 tum
205 1241 361 1306 indiderit
383 1243 506 1308 cunctis
529 1241 690 1326 gentibus,
718 1246 842 1305 utnon
869 1241 980 1305 statim
1011 1260 1084 1322 pro·

111 1329 238 1394 silirent
265 1327 306 1392 ad
333 1327 476 1411 gerenda
505 1328 597 1406 bella,
626 1327 684 1392 sed
711 1347 821 1393 secum
851 1325 1084 1408 expenderent,

112 1436 178 1479 non
202 1414 393 1479 summenda
416 1433 506 1478 arma
528 1433 599 1479 esse
622 1414 685 1479 nisi
709 1413 748 1478 ob
772 1412 936 1497 legitimas
957 1431 1082 1476 causas.

112 1501 196 1565 Nam
219 1498 351 1563 indictio
381 1499 539 1564 bellorum
568 1510 639 1565 erat
668 1500 887 1563 testimonium
917 1496 1021 1562 iustae
1050 1505 1084 1561 et

112 1585 313 1652 necessariae
331 1606 458 1666 causae,
476 1606 534 1651 our
549 1584 604 1649 alii
619 1584 700 1649 alios
719 1586 923 1668 impeterent.
958 1582 1082 1646 Verum

111 1671 242 1754 quidem
273 1682 324 1735 est
355 1681 475 1735 temere
496 1679 530 1736 et
550 1672 650 1736 etiam
674 1670 773 1734 nullis
795 1668 835 1734 de
857 1668 964 1734 causis
986 1688 1082 1750 saepe

111 1766 260 1839 suscepta
282 1755 382 1823 inisse
404 1755 506 1820 bella:
529 1757 585 1821 sed
609 1768 720 1820 tamen
742 1757 832 1821 Deus
855 1753 961 1818 voluit
983 1755 1081 1818 ritum

109 1843 201 1907 illum
224 1843 344 1925 rigere,
367 1853 400 1907 et
422 1861 553 1906 manere
576 1842 610 1905 iu
634 1863 694 1906 usu
716 1852 882 1924 perpetuo,
905 1858 968 1923 quo
990 1838 1082 1904 tolle·

111 1940 160 1993 ret
194 1930 435 1992 excusationem
467 1928 626 1992 saevitiae
659 1927 845 1992 hominibus
879 1927 995 2002 avaris,
1028 1923 1082 1990 vol

111 2017 166 2097 qui
189 2013 365 2077 ambitione
386 2033 446 2077 sua
463 2013 675 2096 rapiebantur
692 2010 734 2077 ad
752 2011 951 2077 turbandum
971 2016 1081 2075 orbem

111 2109 144 2163 et
165 2098 246 2163 alios
268 2098 446 2164 vexandos.
490 2099 582 2164 Haec
603 2099 705 2182 igitur
734 2099 816 2163 ratio
845 2109 896 2161 est
923 2096 1082 2179 loquutio-

1137 898 1224 961 enim
1247 897 1315 963 dies
1344 919 1419 964 suos
1450 900 1564 980 partiri
1593 901 1627 966 in
1662 901 1829 967 duodecim
1864 902 1972 976 horas,
2004 909 2037 967 et
2070 902 2111 966 ab

1136 994 1209 1048 ortu
1232 982 1311 1049 solis
1333 983 1508 1066 incipiebat
1528 987 1636 1068 prima
1657 986 1747 1069 hora,
1771 985 1962 1055 duodecima
1983 986 2112 1053 claude·

1136 1069 1193 1133 bat
1219 1067 1328 1154 diem).
1356 1068 1519 1149 Quoniam
1543 1092 1620 1154 ergo
1647 1094 1706 1137 sex
1734 1072 1824 1137 horis
1852 1093 1917 1138 non
1946 1072 2112 1155 potuimus

1136 1156 1251 1220 urbem
1284 1175 1416 1238 capere,
1457 1167 1556 1222 noctu
1596 1159 1813 1239 prosiliamus.
1864 1157 2024 1223 Videmus
2057 1158 2111 1223 hic

1136 1239 1291 1324 graphice
1325 1242 1457 1325 depingi
1495 1262 1658 1308 summum
1692 1245 1839 1310 ardorem
1881 1246 1912 1307 in
1953 1242 2111 1324 hostibus,

1136 1327 1286 1407 quoniam
1319 1327 1441 1392 scilieet
1481 1328 1669 1394 ferebantur
1703 1348 1822 1395 moeno
1856 1328 1919 1394 Dei
1955 1329 2110 1411 impulsu.

1135 1411 1220 1562 Nega
1241 1411 1324 1510 'hoc
1367 1412 1472 1478 voluit
1520 1415 1706 1497 exprimere
1750 1414 1915 1481 Ieremias.
1990 1415 2111 1481 Postea

1135 1516 1173 1561 su
1196 1509 1275 1576 ncrt,

1220 1670 1251 1734 6.
1287 1669 1373 1750 Quia
1397 1670 1444 1734 sic
1469 1669 1546 1735 dicit
1575 1670 1712 1737 Ieirocab
1738 1673 1935 1752 mamam,
1965 1671 2111 1737 Excidite

1135 1756 1230 1838 liano,
1258 1755 1429 1836 afrodite
1455 1775 1551 1836 saper
1572 1756 1748 1823 Ierusalem
1773 1777 1916 1842 aqqaera
1945 1756 2014 1842 (alii
2036 1777 2111 1823 ver-

1136 1851 1218 1917 tunt,
1248 1840 1413 1905 balistam:
1443 1842 1499 1906 sed
1523 1862 1642 1908 nomen
1666 1844 1796 1927 aggeris
1819 1844 1872 1910 hic
1894 1843 2012 1908 melius
2033 1863 2111 1909 con·

1135 1924 1250 2011 venit),
1270 1926 1345 2006 ipsa
1367 1930 1412 1990 est
1432 1926 1508 1992 orbs
1536 1929 1727 1994 visitaberis
1754 1928 1823 2014 (hic
1852 1931 1980 1994 variant
2009 1930 2111 1993 inter·

1135 2022 1251 2095 prebes,
1281 2010 1467 2094 etquidem
1490 2014 1660 2079 exercitati
1687 2015 1723 2079 in
1751 2015 1865 2099 lingua
1895 2015 2036 2080 hebraea
2065 2015 2111 2079 sic

1135 2098 1317 2180 depravant
1338 2118 1481 2178 sensum,
1512 2109 1549 2163 ut
1570 2100 1682 2182 pigeat
1703 2102 1825 2166 referre
1847 2100 1925 2183 quid
1954 2100 2017 2182 ipsi
2040 2099 2111 2164 ausi

112 2186 164 2248 nis
185 2204 282 2266 quum
306 2184 426 2261 dicunt,
451 2183 647 2264 Sanctificate
667 2183 795 2248 teuva-
817 2181 952 2266 perinde
974 2192 1024 2246 est
1046 2202 1084 2247 ac
1134 2185 1202 2249 sint
1224 2182 1389 2268 scribere),
1411 2188 1473 2248 tota
1494 2184 1654 2266 oppressio
1676 2183 1743 2269 (vel
1773 2185 1906 2268 rapina:
1940 2206 2014 2251 nam
2039 2197 2109 2274 plait

112 2272 140 2336 si
167 2268 350 2336 indicerent
379 2269 504 2335 solenni
533 2270 743 2350 caeremonia,
773 2275 807 2335 et
834 2269 1083 2352 pronuntiarent

112 2358 234 2420 iustum
257 2353 387 2419 bellum.
422 2357 473 2420 Ex
497 2356 661 2420 communi
680 2375 740 2420 usu
763 2355 921 2438 propheta
944 2354 1084 2436 loquitur

113 2460 212 2524 quum
229 2439 316 2516 dicit,
337 2439 533 2521 Sanctificate
548 2439 705 2521 proelium
721 2460 817 2522 saper
834 2442 953 2523 ipsam:
974 2459 1084 2522 quem·

112 2524 285 2591 admodum
319 2526 430 2610 lingua
464 2536 577 2591 nostra
609 2536 718 2608 posset
750 2526 830 2602 dici,
875 2525 1082 2591 sommae-ia.

112 2611 241 2676 Deinde
263 2612 410 2694 sequitur
432 2611 577 2678 hostium
596 2611 757 2689 alacritas,
779 2612 845 2674 imo
862 2610 1012 2676 celeritas
1032 2612 1083 2673 iu·

112 2696 290 2764 credibilis:
321 2697 465 2761 ostendit
486 2697 574 2761 enim
596 2698 695 2760 luisse
717 2697 974 2779 pernicissimos,
1006 2694 1084 2759 Sor-

111 2784 184 2866 pite,
207 2782 411 2847 ascendamus
432 2783 570 2847 meridie.
615 2782 699 2845 Nam
726 2784 780 2864 qui
803 2784 942 2847 veniunt
964 2780 1004 2844 ad
1028 2801 1084 2863 op·

113 2868 346 2952 pugnationem
369 2867 468 2948 urbis,
496 2867 603 2932 solent
625 2888 696 2932 eam
719 2888 815 2932 mane
838 2866 988 2951 aggredi:
1018 2866 1083 2929 iam

114 2956 167 3020 ubi
196 2953 335 3017 invaluit
361 2964 479 3030 aestus,
512 2953 666 3036 quoniam
695 2954 804 3018 fervor
833 2953 909 3017 solis
938 2951 1085 3016 debilitat

112 3059 254 3122 corpora,
268 3057 332 3102 non
349 3050 398 3103 est
413 3051 542 3122 tempus
557 3038 639 3103 illud
655 3053 882 3122 opportunum.
904 3036 1086 3117 Quiescunt

112 3125 214 3209 igitur
236 3125 355 3201 hostes,
378 3127 405 3189 si
427 3138 524 3191 noctu
547 3123 751 3199 advenerint,
774 3126 836 3190 nisi
858 3123 966 3188 oblata
988 3123 1086 3188 luerit

113 3213 277 3293 insperata
293 3210 449 3293 quaedam
466 3209 687 3292 commoditas,
702 3209 759 3274 sed
775 3220 885 3276 tamen
901 3209 955 3275 ubi
971 3208 1085 3275 reiecti

112 3305 199 3377 sunt,
230 3295 373 3361 collectis
400 3295 522 3360 viribus
551 3316 647 3360 mane
675 3308 817 3380 surgunt
846 3295 887 3360 ad
916 3296 1084 3378 proelium,

114 3381 338 3447 conscendunt
360 3383 473 3458 scalas,
500 3381 552 3444 vel
574 3380 689 3446 urbem
717 3382 790 3447 aliis
820 3381 999 3447 rationibus
1028 3401 1083 3464 op·

114 3472 274 3549 pugnant,
292 3466 343 3531 vel
363 3488 473 3532 muros
492 3479 645 3532 evertunt
663 3468 834 3532 machinis.
863 3467 929 3533 Sed
948 3467 1085 3532 meridie

114 3555 268 3635 incipere,
291 3550 345 3616 ubi
369 3552 578 3636 urbsaliqua
601 3559 651 3618 est
677 3551 903 3637 oppugnanda,
935 3552 996 3617 hoc
1018 3573 1085 3617 non

112 3645 162 3703 est
183 3638 394 3704 ordinarium.
439 3639 528 3721 Ergo
549 3637 710 3722 propheta
738 3637 904 3721 significat
925 3644 992 3702 tam
1018 3657 1085 3701 ma·

113 3737 226 3788 turum
244 3744 314 3788 esse
334 3724 396 3787 Dei
414 3724 578 3800 iudicium,
602 3729 641 3788 nt
659 3743 699 3786 ne
718 3724 828 3805 paucis
843 3722 973 3804 quidem
997 3722 1086 3787 horis

113 3818 302 3891 exspectent
324 3807 479 3874 Chaldaei
502 3808 598 3873 simul
618 3817 715 3890 atque
733 3808 928 3874 accesserint
950 3807 990 3871 ad
1014 3828 1086 3871 mu·

1135 2269 1296 2352 signifieat
1317 2289 1441 2351 rapere,
1463 2271 1579 2352 rapina
1601 2270 1691 2356 ergo)
1715 2272 1870 2336 timedio
1893 2271 1970 2336 aias.

1221 2438 1292 2503 Iam
1322 2439 1482 2521 propheta
1515 2460 1650 2506 causam
1680 2440 1825 2506 ostendit
1853 2462 1911 2508 our
1940 2441 2111 2506 immineat

1135 2526 1285 2609 proxima
1307 2524 1415 2590 clades
1437 2536 1504 2589 tam
1527 2527 1610 2603 urbi,
1634 2546 1733 2608 quam
1756 2528 1816 2592 toti
1838 2527 1988 2592 Iudaeae.
2032 2526 2110 2592 Duo

1136 2611 1225 2676 enim
1251 2611 1377 2695 agenda
1404 2611 1546 2691 luerunt,
1574 2613 1726 2695 quoniam
1750 2611 1863 2677 Iudaei
1885 2611 2111 2676 obduruerant

1136 2697 1170 2760 in
1194 2715 1256 2760 sua
1283 2695 1440 2772 socordia,
1471 2706 1509 2761 ut
1542 2716 1600 2780 pro
1633 2696 1773 2762 ludibrio
1807 2699 1964 2763 haberent
1994 2716 2109 2763 omnes

1136 2782 1242 2847 minas
1264 2780 1479 2864 propheticas,
1502 2780 1575 2847 ideo
1597 2802 1730 2849 necesse
1751 2783 1813 2847 luit
1831 2784 1995 2868 corrigere
2016 2782 2109 2848 illum

1136 2878 1313 2950 stuporem.
1357 2867 1430 2932 Hoc
1451 2866 1529 2931 iecit
1556 2868 1716 2933 hactenus
1745 2867 1911 2951 propheta.
1956 2868 2109 2934 Alterum

1138 2973 1215 3019 vero
1245 2953 1463 3018 necessarium
1491 2952 1562 3030 fuit,
1593 2967 1630 3019 ut
1658 2955 1780 3020 scirent
1801 2954 1914 3020 Iudaei
1943 2974 2009 3023 uon
2039 2974 2110 3020 esse

1136 3039 1198 3106 sibi
1221 3038 1388 3121 nogotium
1410 3059 1484 3105 cum
1504 3037 1689 3122 Chaldaeis,
1712 3038 1763 3104 vel
1778 3039 1852 3106 aliis
1870 3040 2031 3123 gentibus,
2054 3039 2111 3105 aed

1137 3146 1212 3191 cum
1234 3125 1305 3208 ipso
1328 3123 1409 3201 Deo,
1432 3144 1505 3189 cum
1523 3145 1586 3207 quo
1601 3125 1700 3190 nimis
1715 3124 1770 3189 diu
1786 3125 1909 3191 bellum
1931 3134 2110 3210 gesserant.

1138 3212 1318 3292 Postquam
1348 3230 1425 3294 ergo
1455 3209 1614 3292 propheta
1640 3221 1716 3276 ante
1752 3211 1862 3277 oculos
1899 3212 2008 3292 posuit
2043 3212 2111 3277 suis

1137 3296 1347 3380 popularibus
1380 3293 1504 3360 cladem
1538 3317 1621 3378 quae
1656 3307 1736 3362 tunc
1769 3297 1930 3375 instabat,
1971 3295 2112 3363 ostendit

1138 3404 1224 3449 nunc
1246 3380 1355 3446 Deum
1383 3402 1454 3446 esse
1481 3382 1550 3446 eius
1579 3390 1737 3447 autorem.
1783 3381 1837 3447 Sic
1865 3382 1948 3447 dicit
1975 3381 2112 3447 Iebocate

1137 3470 1334 3533 exercituum.
1378 3467 1444 3531 Hic
1466 3476 1599 3531 revocat
1620 3468 1705 3549 ipsos
1728 3467 1769 3532 ad
1795 3467 1947 3532 iudicium
1970 3467 2045 3545 Dei,
2069 3487 2111 3531 ne

1138 3564 1253 3635 putent
1274 3572 1310 3616 se
1332 3571 1425 3633 posse
1446 3552 1631 3633 superiores
1657 3571 1729 3616 esse
1750 3550 1909 3627 hostibus,
1932 3553 2031 3617 etiam
2055 3555 2111 3618 ubi

1137 3644 1172 3704 et
1203 3656 1331 3702 summa
1360 3636 1522 3701 industria
1548 3648 1582 3701 et
1609 3658 1738 3703 summa
1764 3638 1956 3704 fortitudine
1985 3659 2111 3721 pugna·

1138 3723 1254 3799 verint,
1277 3722 1438 3803 quianon
1468 3733 1621 3804 poterunt
1642 3723 1751 3788 Deum
1774 3726 1913 3791 vincere.
1959 3722 2013 3789 Sic
2041 3743 2112 3808 erpo

1138 3810 1212 3873 dicit
1233 3807 1323 3874 Deus
1343 3809 1549 3873 meracam.-
1573 3808 1668 3891 quasi
1692 3808 1824 3885 diceret,
1851 3809 2010 3876 Chaldaei
2039 3796 2145 3892 qui-⁸

113 3917 166 3960 ros
188 3894 288 3959 urbis.
324 3892 450 3976 Sospite
464 3899 491 3959 et
506 3893 713 3959 caecamur
725 3895 864 3959 meridie.
897 3894 1015 3958 Postea
1030 3892 1086 3957 ad·

116 3981 232 4063 iungit,
275 3979 338 4044 Vae
365 3978 462 4062 nohis,
502 3980 579 4061 quia
610 3979 773 4045 inclinavit
805 3981 883 4058 dics,
912 3979 1088 4045 acinace

1139 3895 1213 3958 dem
1237 3892 1399 3960 adducent
1421 3914 1496 3958 suas
1524 3895 1642 3976 copias,
1670 3915 1754 3979 quae
1784 3915 1922 3979 magnae
1951 3905 2050 3961 erunt
2080 3905 2113 3960 et

1138 3978 1275 4053 validae,
1308 3977 1365 4043 sed
1396 3979 1488 4044 vobis
1518 3999 1605 4044 nunc
1638 3990 1804 4046 certamen
1838 3991 1886 4047 est
1917 4002 1992 4047 oum
2025 3982 2113 4047 Deo:

113 4066 303 4146 vespertinae
323 4070 467 4129 amasae
486 4070 568 4130 sard.
612 4065 773 4147 Loquitur
794 4088 835 4131 ex
858 4087 917 4129 usu
941 4064 1087 4129 militari.
1119 4087 1233 4148 ,quem
1253 4063 1359 4139 toties,
1383 4072 1501 4129 ettam
1522 4063 1621 4148 longo
1642 4074 1799 4148 tempore,
1822 4078 1855 4132 ot
1877 4077 1945 4132 tam
1967 4069 2112 4149 pertina-

1140 4154 1220 4215 citer
1236 4150 1446 4231 provocastis.
1481 4150 1536 4215 Sic
1551 4170 1629 4234 ergo
1651 4171 1734 4216 nunc
1755 4152 1891 4233 loquitar
1912 4152 2002 4219 Deus
2024 4174 2112 4219 cccr-

114 4237 277 4319 harbaros‚
301 4246 334 4300 et
356 4256 523 4317 nunquam
546 4236 691 4301 retinent
708 4237 840 4302 modum
859 4238 892 4300 in
912 4235 1086 4318 loquendo:
1139 4238 1264 4309 eduam,
1286 4233 1432 4300 Eceidde
1452 4236 1553 4319 liqna:
1575 4236 1636 4302 hoc
1658 4236 1896 4314 est,'0haldaoi
1915 4260 1979 4305 uon
1995 4250 2113 4322 sponte

114 4342 243 4405 semper
264 4323 327 4386 erit
348 4324 382 4385 in
405 4343 460 4387 ore
482 4323 636 4405 ipsorum,
662 4321 727 4386 Vae
751 4323 850 4400 nobis,
872 4321 1005 4386 velerit
1027 4320 1085 4385 ali·
1140 4343 1198 4386 sua
1216 4341 1274 4386 vos
1290 4319 1532 4404 aggredientur,
1552 4322 1607 4387 sed
1627 4320 1816 4387 militabunt
1833 4321 1914 4402 Deo,
1937 4333 1970 4389 et
1987 4324 2113 4389 dabunt

115 4406 195 4489 quid
224 4408 493 4473 contumeliosum
524 4407 682 4472 adversus
713 4408 820 4472 Deum
848 4407 899 4471 vel
928 4406 1087 4473 adversus
1138 4408 1186 4472 illi
1209 4426 1339 4488 operam
1363 4412 1517 4488 tanquam
1536 4408 1728 4473 conductitii
1746 4408 1883 4474 milites:
1905 4409 2113 4492 quemadmo-

115 4492 273 4558 homiues.
319 4493 484 4576 Propheta
507 4515 585 4577 ergo
612 4493 799 4558 militariter
828 4492 983 4576 loquitur,
1011 4513 1088 4574 quo·
1139 4493 1218 4558 dum
1250 4490 1327 4557 alibi
1349 4492 1490 4558 vidimus
1513 4493 1618 4557 Deum
1649 4493 1726 4557 tuba
1753 4493 1916 4578 clangere,
1938 4495 1989 4560 vel
2018 4494 2112 4561 sibilo

115 4581 204 4643 niam
226 4589 448 4660 repraesentat
465 4580 656 4654 Chaldaeos,
678 4591 710 4643 et
728 4577 1001 4662 quemadmodum
1024 4582 1087 4642 iam
1139 4597 1305 4644 accersere
1338 4598 1548 4661 quoscunque
1580 4578 1667 4655 vult,
1702 4579 1750 4644 ita
1782 4582 1881 4647 etiam
1915 4602 2001 4646 nunc
2033 4580 2113 4647 dicit

115 4665 194 4742 dixi,
218 4663 350 4729 adducit
371 4663 508 4729 Iudaeos
527 4665 619 4747 quasi
647 4666 681 4728 in
710 4686 778 4729 rem
808 4676 1022 4747 praesentem,
1052 4674 1087 4729 ut
1138 4662 1321 4731 Chaldaeos
1352 4662 1550 4729 militaturos
1573 4663 1633 4729 sub
1655 4666 1807 4749 auspiciis
1837 4676 1870 4731 et
1892 4666 2013 4731 vexillo
2035 4664 2110 4731 Dei.

115 4751 180 4814 illis
195 4751 341 4814 excutiat
355 4748 539 4832 blanditias,
554 4752 589 4814 in
605 4748 721 4832 quibus
737 4751 835 4815 nimis
850 4750 1087 4831 obtorpuerant.
1138 4750 1228 4817 Deus
1250 4767 1321 4832 arpo
1339 4748 1468 4813 mandat
1489 4755 1521 4813 at
1539 4750 1685 4817 saccant
1701 4750 1798 4835 tipao,
1816 4756 1924 4833 postea
1940 4752 2112 4834 mactant

123 4836 188 4902 Vae
209 4836 308 4918 icitur
328 4835 424 4913 cobis,
451 4836 530 4916 qaia
550 4838 616 4900 iam
636 4836 801 4902 inclinavit
821 4836 897 4914 dics,
924 4837 991 4899 iam
1020 4856 1088 4900 um·
1138 4854 1287 4919 apparere.
1340 4831 1469 4900 Scimus
1494 4836 1624 4917 quidem
1655 4838 1818 4902 coniectas
1847 4837 1949 4901 fuisse
1978 4836 2111 4904 balistas

115 4922 190 4987 broc
210 4921 401 5002 vespertinae
422 4926 563 4986 mersae
590 4928 671 4987 suat.
716 4921 783 5002 Qui
805 4927 950 5000 vertunt,
980 4921 1088 4985 Nimia
1138 4942 1180 4987 cx
1209 4921 1308 5004 ligno,
1337 4919 1392 4984 sed
1427 4919 1480 4985 hic
1510 4942 1629 4990 nemen
1662 4924 1801 5006 aggeris,
1835 4921 2111 5005 quemadmodum

116 5007 241 5090 longae,
265 5006 351 5089 quod
373 5006 469 5072 solito
492 5008 595 5090 magis
624 5007 796 5083 declinent,
828 5027 893 5071 non
922 5007 1088 5087 assequuti
1139 5006 1220 5071 satis
1252 5016 1351 5088 patet,
1387 5005 1504 5070 melius
1536 5007 1698 5073 convenit.
1753 5006 1920 5090 Sequitur,
1954 5009 2034 5089 Ipsa
2068 5013 2113 5073 est

116 5103 194 5157 sunt
215 5093 393 5177 prophetae
416 5112 558 5158 sensum.
594 5092 736 5158 Perinde
758 5102 808 5156 est
830 5091 914 5158 acsi
933 5090 1088 5170 dicerent,
1138 5092 1213 5157 urbs
1248 5090 1445 5156 υἱειῗέαιίοηίε.
1504 5092 1569 5158 Hic
1604 5091 1759 5158 Ieremias
1796 5094 1954 5173 ostendit,
1994 5094 2111 5158 merito

117 5179 187 5242 lam
211 5201 278 5243 nox
308 5178 490 5261 propinqua
517 5187 576 5257 est,
606 5189 640 5243 et
668 5199 727 5244 cur
754 5177 938 5244 cessamus?
969 5186 1002 5243 et
1030 5199 1089 5244 cur
1138 5178 1248 5242 Deum
1273 5187 1339 5241 tam
1362 5196 1475 5241 severe
1496 5189 1643 5242 acturum
1673 5199 1747 5243 oum
1769 5177 1909 5258 Iudaeis,
1938 5182 2015 5263 quia
2044 5181 2110 5245 iere

118 5283 183 5327 non
207 5265 358 5329 irruimus
381 5274 473 5329 tanto
500 5264 635 5348 impetu,
665 5273 701 5329 ut
731 5273 893 5328 momento
923 5264 1088 5347 capiamus
1140 5263 1329 5346 putruerint
1351 5263 1385 5326 iu
1407 5263 1475 5328 suis
1498 5263 1595 5330 vitiis.
1639 5262 1712 5337 Hoc
1741 5283 1837 5332 sensu
1866 5265 1973 5333 arbem
2001 5267 2110 5334 eeac-

1852 5365 1904 5420 41*

115 4152 199 4216 Nam
219 4151 340 4216 scimus
360 4149 480 4214 milites
498 4160 534 4214 ut
552 4150 728 4233 plurimum
752 4172 822 4216 esse
840 4150 891 4216 vel
914 4149 1010 4229 ieros,
1034 4149 1085 4214 vel
