4784 5970
99 298 102 305 ’
187 340 249 406 aar
997 341 1383 408 raaunucmcuus
2129 336 2194 401 aaa

189 529 344 613 gloriam,
378 552 496 613 nempe
526 530 604 594 dum
633 551 683 595 res
708 530 798 594 vobis
820 539 898 595 sunt
920 539 1071 611 pacatae:
1105 532 1162 597 nbi
1302 530 1353 596 29.
1385 529 1452 598 Gar
1474 531 1607 613 litipatr'c
1628 547 1747 595 meeum
1767 546 1874 595 amaea
1896 527 1992 609 impie
2013 531 2140 609 aarum
2160 526 2194 589 ia

189 626 300 680 autem
334 614 422 680 idola
455 625 562 680 vestra
596 617 630 678 in
663 624 810 696 tempore
850 635 917 679 non
958 627 1163 693 succurrunt,
1215 616 1290 681 me?
1314 615 1381 699 (vel
1403 615 1542 701 perfide)
1564 616 1641 682 dicit
1663 613 1807 680 lamet.
2010 649 2014 654 -

191 715 270 766 tunc
293 699 332 763 ad
356 721 408 764 me
431 701 556 779 reditis,
579 699 686 782 Serpa,
709 706 736 764 et
757 720 849 765 seraa
870 720 944 767 aas:
972 703 1029 765 sed
1052 722 1163 784 quam·

188 783 245 850 diu
268 786 356 850 idola
379 786 472 850 vobis
495 798 572 850 sunt
593 796 712 867 patres,
739 796 772 849 et
794 786 871 849 inde
893 786 1031 851 salutem
1054 807 1164 868 spera·
1301 786 1476 851 Concludit
1498 786 1654 851 Ieremias
1675 786 1877 866 superiorem
1900 783 2092 849 doctrinam.
2133 779 2194 845 Di·

190 872 250 935 tis:
280 871 346 934 iam
371 871 453 934 nihil
484 871 565 934 mihi
588 882 637 935 est
659 872 781 952 negotii
806 872 988 936 vobiscum:
1020 872 1164 937 contenti
1216 871 1261 936 cit
1276 873 1362 935 enim
1379 870 1517 936 Iudaeos
1538 871 1621 936 nihil
1643 871 1774 948 lucrari,
1797 872 1875 936 dum
1890 870 2061 952 excipiunt
2079 866 2193 933 adver·

190 967 293 1021 estote
317 956 435 1022 vestris
457 955 567 1032 idolis,
601 967 634 1019 et
665 977 715 1019 me
745 957 843 1020 sinite
874 956 1027 1037 quoniam
1056 977 1116 1039 ego
1146 978 1165 1020 a
1216 977 1272 1020 sus
1296 956 1413 1032 Deum,
1437 978 1472 1021 se
1495 978 1566 1021 esse
1589 956 1749 1034 innoxios,
1772 966 1806 1021 et
1828 965 1945 1038 putant
1968 952 2079 1020 verbis
2099 972 2193 1036 pesse

191 1041 286 1106 vobis
304 1063 376 1106 sum
398 1041 556 1106 desertus.
590 1042 636 1104 Et
658 1040 729 1104 ideo
748 1042 888 1123 subiicit,
914 1041 977 1107 Ubi
986 1043 1035 1108 dii
1046 1042 1164 1107 esebi?
1218 1041 1361 1125 effugere
1383 1041 1472 1106 illius
1494 1043 1661 1120 iudicium,
1685 1063 1744 1108 uec
1766 1052 1898 1106 tantum
1921 1039 1955 1104 id
1977 1040 2115 1114 iaciunt,
2136 1038 2194 1104 sed

191 1126 310 1208 inquit.
357 1128 419 1193 Hic
444 1128 533 1191 Deus
556 1128 737 1191 subsannat
760 1147 947 1208 perversam
970 1126 1057 1190 illam
1080 1127 1165 1191 fidu·
1218 1128 1316 1191 stiam
1347 1127 1521 1210 prosiliunt
1551 1150 1589 1193 eo
1615 1126 1851 1209 impudentiae,
1881 1137 1918 1190 ut
1945 1125 2055 1191 Deum
2086 1123 2194 1206 ipsam

190 1213 289 1290 eiam,
322 1233 385 1294 qua
407 1233 443 1275 se
465 1211 623 1276 fallebant
645 1212 776 1275 Iudaei:
817 1211 881 1276 Ubi
902 1218 974 1276 aaut
1001 1213 1050 1277 aa
1071 1213 1166 1278 uestri
1189 1186 1193 1281 Ι
1218 1221 1405 1294 provocent,
1428 1221 1462 1277 et
1484 1213 1587 1277 velint
1610 1233 1703 1277 reum
1725 1213 1841 1278 iacere.
1872 1210 1949 1277 Uno
1964 1216 2077 1275 autem
2093 1208 2193 1274 verbo

191 1317 270 1379 quos
291 1297 376 1363 cabis
396 1297 539 1379 fecistis?
575 1295 723 1379 Sarpaat
745 1297 909 1361 uideamus
930 1317 973 1363 aa
994 1297 1079 1362 uobis
1100 1299 1166 1377 epi-
1219 1299 1392 1381 respondet
1413 1297 1514 1375 Deus,
1537 1299 1625 1382 ipsos
1647 1318 1719 1362 esse
1741 1297 1894 1380 perfidos.
1928 1295 2071 1363 Samma
2093 1295 2195 1379 igitar

191 1384 328 1448 sauata
348 1385 383 1447 ia
405 1389 536 1463 tempore
565 1383 746 1463 afflictionis
774 1388 900 1449 uestrae.
950 1383 1048 1447 Nune
1076 1393 1165 1446 tene·
1219 1395 1284 1460 εει,
1318 1383 1455 1448 Iudaeos
1477 1384 1539 1449 sibi
1561 1384 1646 1448 male
1668 1383 1854 1459 consulere,
1889 1380 1967 1447 dum
1989 1382 2036 1446 ita
2067 1381 2194 1444 animos

190 1489 265 1533 mus
294 1470 474 1552 prophetae
504 1481 657 1531 mentem.
708 1466 863 1532 Ostendit
895 1469 982 1532 enim
1011 1468 1166 1551 populum
1219 1490 1294 1535 suos
1317 1470 1481 1534 obdurant
1502 1468 1542 1534 ad
1566 1468 1790 1552 pertinaciam,
1812 1467 1888 1551 quia
1909 1467 2080 1533 convictos
2103 1464 2195 1530 Deus

191 1555 291 1618 nimis
315 1568 522 1635 praepostere
545 1575 650 1636 agere,
675 1553 729 1618 ubi
753 1552 830 1617 colit
851 1553 939 1618 idola
958 1554 1055 1619 rebus
1077 1574 1165 1618 seeu-
1191 1518 1194 1643 ζ
1220 1555 1341 1619 tenebit
1362 1554 1556 1636 impietatis,
1591 1562 1626 1619 ut
1647 1555 1769 1620 frustra
1792 1552 1853 1619 hoo
1875 1553 1929 1619 vel
1949 1551 2031 1617 illud
2060 1552 2097 1617 in
2126 1569 2195 1614 me·

193 1642 253 1704 ris:
289 1650 321 1703 ει
356 1650 466 1720 postea
500 1640 573 1703 vult
597 1640 703 1702 Deum
734 1639 794 1702 sibi
816 1637 938 1703 habere
960 1639 1166 1704 obstrictum:
1219 1640 1308 1704 dium
1332 1641 1486 1718 afferant,
1520 1641 1739 1706 excusationis
1764 1658 1872 1705 eausa.
1915 1637 1979 1704 Est
2007 1645 2121 1702 autem
2143 1635 2197 1698 hio

193 1725 285 1806 atqui
308 1723 448 1807 abnegat
470 1725 580 1787 Deum
613 1744 744 1801 verum,
778 1723 835 1787 ubi
864 1723 972 1789 deficit
1000 1723 1041 1789 ad
1071 1724 1165 1788 idola.
1218 1726 1309 1790 locus
1333 1734 1449 1789 notatu
1472 1725 1607 1807 dignus:
1641 1725 1763 1790 scimus
1785 1725 1874 1790 enim
1904 1743 2002 1806 quam
2058 1720 2197 1786 reclives

192 1808 351 1874 Ostendit
373 1811 473 1891 igitur
502 1809 585 1872 nihil
612 1810 693 1890 ipsis
722 1808 836 1872 auxilii
867 1808 1065 1893 sperandum
1097 1829 1167 1873 esse
1219 1822 1338 1875 natura
1359 1812 1462 1875 simus
1485 1810 1525 1874 ad
1549 1810 1745 1894 hypocrisin.
1790 1808 1856 1875 Ubi
1886 1816 1996 1873 autem
2054 1828 2116 1872 eus
2136 1824 2197 1870 nos

192 1914 213 1958 a
243 1915 320 1958 vero
349 1894 439 1972 Deo,
474 1895 626 1974 quoniam
657 1892 871 1974 spoliaverint
899 1895 1008 1977 ipsum
1035 1896 1168 1978 propria
1219 1896 1259 1961 ad
1294 1895 1438 1960 tribunal
1472 1917 1568 1961 suum
1603 1895 1700 1975 citat,
1733 1897 1793 1960 vix
1826 1894 2024 1960 centesimus
2058 1892 2196 1975 quisque

194 1981 334 2057 virtute,
368 1979 421 2043 ubi
456 1979 517 2043 sibi
551 1979 637 2043 idola
670 1978 880 2045 fabricarunt.
923 1980 1009 2044 Nam
1039 2000 1168 2064 semper
1220 1992 1284 2061 est,
1319 1981 1376 2063 qui
1399 1990 1554 2063 agnoscat
1576 2001 1673 2047 sunm
1696 1989 1842 2059 reatum,
1875 1986 1909 2044 et
1930 1999 1965 2044 se
1991 1976 2197 2043 humiliando

193 2065 400 2129 retinendum
420 2064 573 2146 estquod
592 2063 685 2142 dixit,
708 2063 806 2128 falsos
824 2064 902 2129 deos
920 2064 1050 2129 habitos
1067 2065 1168 2129 luisse
1221 2066 1411 2150 deprecetur
1433 2067 1583 2131 veniam:
1616 2064 1673 2131 sed
1703 2066 1806 2131 maior
1832 2085 1908 2149 pars
1938 2062 2111 2145 obstrepit,
2133 2063 2197 2127 ime

192 2170 253 2233 pro
275 2151 423 2232 patribus
446 2159 478 2213 et
493 2151 661 2213 autoribus
676 2149 961 2232 salutisapepulo
977 2150 1042 2214 illo.
1074 2148 1167 2214 Idem
1220 2153 1288 2217 fere
1320 2172 1433 2216 omnes
1463 2152 1713 2216 obmurmurant
1740 2149 1899 2216 adversus
1920 2147 2051 2214 Deum:
2085 2159 2197 2229 postea

193 2235 290 2301 hodie
313 2236 385 2299 fieri
408 2248 534 2300 certum
558 2250 606 2298 est
629 2236 661 2298 in
686 2244 823 2316 papatu:
850 2256 927 2300 nam
951 2235 1072 2299 habent
1093 2256 1169 2300 suos
1220 2238 1379 2321 eolligunt
1402 2238 1499 2301 etiam
1523 2236 1661 2302 maiores
1683 2235 1827 2319 spiritus,
1857 2243 1891 2300 et
1912 2233 2053 2318 superbe
2076 2231 2198 2297 audent

192 2332 360 2405 patronos:
404 2321 460 2384 ubi
494 2328 602 2383 autem
637 2322 784 2384 sentiunt
817 2342 851 2384 se
890 2321 972 2384 nihil
1011 2321 1169 2402 proficere
1221 2343 1398 2406 provocare
1420 2321 1546 2402 Deum,
1576 2332 1610 2387 et
1635 2322 1805 2389 lacessere.
1851 2319 1963 2401 Quum
1992 2338 2073 2401 ergo
2096 2318 2143 2382 ita
2164 2318 2196 2379 in

193 2406 305 2472 stultis
335 2406 635 2488 superstitionibus,
671 2414 783 2486 postca
812 2405 934 2472 vellent
962 2406 1071 2470 Deum
1106 2405 1168 2470 sibi
1193 2450 1195 2477 ,
1221 2408 1314 2474 nobis
1337 2416 1452 2491 regnet
1475 2407 1674 2491 hypocrisis,
1705 2413 1739 2473 et
1759 2406 1892 2490 penitus
1921 2405 2026 2470 infixa
2056 2405 2102 2469 sit
2130 2424 2196 2468 om·

193 2492 358 2575 opitulari,
378 2500 412 2556 ει
434 2500 543 2554 tamen
568 2491 650 2554 nihil
674 2491 840 2554 residuum
859 2491 908 2554 illi
925 2492 1065 2555 faciunt:
1088 2512 1168 2572 quo·
1223 2494 1314 2559 nium
1335 2494 1403 2559 fere
1421 2492 1588 2559 cordibus:
1612 2492 1730 2559 deinde
1745 2512 1846 2574 quum
1864 2489 2047 2575 hypocrisis
2063 2500 2197 2573 generet

192 2579 282 2642 niam
305 2586 477 2658 postquam
506 2587 686 2657 rapuerunt
719 2575 767 2639 illi
800 2597 914 2641 omnes
947 2584 1056 2658 partes
1089 2597 1169 2642 suae
1221 2577 1459 2662 impudentiam
1482 2587 1515 2643 ει
1536 2578 1723 2661 superbiam
1746 2577 1902 2643 adversus
1925 2574 2054 2641 Deum:
2088 2585 2197 2639 tenea·

192 2663 334 2748 gloriae,
367 2673 400 2727 et
422 2662 533 2744 partiti
561 2674 639 2725 sunt
669 2663 761 2742 quasi
791 2661 893 2744 spolia
922 2663 1010 2727 inter
1038 2673 1168 2728 sanatos
1221 2686 1295 2730 mus
1328 2663 1414 2748 quod
1446 2663 1501 2730 hic
1534 2664 1612 2729 dicit
1644 2663 1819 2746 propheta,
1860 2681 1977 2744 nempe
2011 2660 2197 2742 quionnque

192 2759 354 2823 mortuae,
389 2758 466 2811 tunc
489 2759 599 2810 tamen
624 2747 744 2810 vellent
768 2748 875 2812 Deum
898 2746 960 2812 sibi
982 2768 1052 2814 esse
1075 2749 1167 2813 auxi·
1222 2752 1379 2818 adversus
1402 2750 1512 2834 ipsum
1540 2749 1723 2832 disceptant
1749 2747 1833 2813 nihil
1862 2745 2018 2831 consequi
2046 2746 2117 2811 suis
2143 2767 2197 2809 ex·

191 2833 354 2898 liatorem.
398 2832 465 2897 Sed
489 2833 637 2896 videmus
660 2833 737 2914 quid
760 2832 955 2914 respondeat
973 2833 1067 2899 Deus
1089 2835 1168 2916 ipse,
1221 2835 1461 2915 cusationibus,
1508 2836 1662 2917 queniam
1702 2833 1837 2899 tandem
1875 2830 2006 2916 deteget
2050 2831 2196 2915 ipsorum

200 2919 263 2986 Ubi
285 2920 333 2984 dii
355 2919 427 2983 tui?
472 2918 537 2982 Hic
560 2930 671 2982 autem
693 2927 742 2982 est
764 2916 861 2984 huius
884 2918 1050 2985 doctrinae
1079 2939 1168 2995 usus,
1221 2920 1435 2989 deiectionem
1458 2930 1490 2985 et
1513 2920 1692 3004 perfidiam.
1738 2918 1896 3002 Sequitur
1918 2928 2042 3001 postea,

193 3026 258 3069 non
290 3026 361 3069 esso
391 3004 663 3085 exspectandum,
697 3003 799 3067 donec
827 3026 863 3068 re
890 3005 962 3087 ipsa
992 3015 1025 3069 et
1054 3005 1169 3070 ultima

193 3089 417 3170 desperatione
461 3109 616 3170 cogamur
655 3107 831 3170 agnoscere
874 3088 1031 3154 lusoriam
1071 3090 1169 3155 tuisse
1307 3092 1359 3157 30.
1393 3091 1534 3158 Frustra
1566 3090 1613 3177 (in
1648 3089 1782 3175 vanum)
1819 3087 1972 3170 araucas·
2002 3085 2090 3166 filias
2121 3091 2197 3163 taes,

193 3184 340 3238 nostram
364 3193 511 3254 operam,
542 3173 598 3236 ubi
621 3195 713 3255 opem
736 3173 957 3255 speravimus,
990 3184 1023 3239 et
1045 3176 1169 3257 precati
1221 3179 1434 3244 marcianam
1465 3197 1526 3242 aaa
1557 3181 1751 3258 ruperant:
1786 3174 1908 3240 amavit
1938 3172 2072 3257 eladius
2102 3177 2198 3238 aaa

193 3280 307 3324 sumus
325 3258 366 3322 ab
385 3258 489 3335 idelis,
513 3259 570 3322 sed
590 3270 678 3321 recta
697 3258 893 3323 veniendum
911 3280 982 3324 esse
1000 3258 1041 3323 ad
1061 3260 1168 3324 Deum
1216 3263 1386 3345 prophetae
1407 3267 1522 3327 caetrae
1543 3262 1639 3343 quasi
1659 3262 1704 3326 leo
1725 3263 1871 3326 υαειαιοι.

193 3347 312 3431 ipsum,
336 3354 374 3409 ut
397 3344 489 3408 nobis
513 3345 690 3425 opituletur
712 3344 746 3406 in
769 3343 972 3409 necessitate.
1016 3345 1169 3428 Amplifi·

193 3447 247 3497 ost
265 3432 357 3496 Deus
374 3429 468 3494 illum
487 3449 683 3508 sarcasmon,
706 3428 767 3495 hoc
785 3439 834 3494 est
851 3429 941 3493 illam
961 3429 1169 3513 derisionem,
1307 3431 1450 3512 Quidam
1473 3432 1520 3496 ita
1542 3440 1712 3515 exponunt
1734 3428 1928 3513 principium
1952 3448 2086 3507 versus,
2115 3425 2198 3510 quod

193 3537 260 3601 qua
283 3539 361 3582 usus
384 3528 444 3597 est,
482 3516 544 3581 Ubi
565 3522 639 3581 aaut
660 3515 708 3579 dii
728 3515 802 3579 tui?
848 3513 988 3598 Sarpaat
1014 3535 1108 3596 auae,
1135 3521 1171 3580 at
1222 3516 1314 3583 Deus
1337 3517 1547 3602 castigaverit
1569 3516 1709 3582 Iudaeos
1732 3523 1867 3598 propter
1890 3514 2088 3591 vanitatem,
2121 3533 2197 3596 qno·

193 3603 383 3686 opitulentur
404 3603 475 3666 tibi:
509 3600 570 3665 hoc
593 3612 651 3677 est,
676 3602 764 3665 vires
786 3620 862 3666 suas
892 3602 1104 3682 experiantur
1127 3621 1169 3666 an
1223 3604 1312 3669 niam
1332 3606 1454 3670 assueti
1477 3612 1573 3667 erant
1597 3600 1784 3667 mendaciis.
1830 3598 1898 3665 Sed
1928 3619 1993 3664 non
2023 3597 2198 3681 respondet

194 3703 350 3774 poterunt
361 3699 393 3751 te
402 3689 525 3751 iuvare.
544 3687 719 3751 Secundam
728 3706 893 3752 numeram
903 3686 1031 3752 arbium
1041 3692 1171 3753 tuarum
1222 3691 1383 3772 posterius
1406 3687 1599 3753 membrum.
1642 3687 1716 3751 Non
1740 3685 1875 3751 dubium
1898 3684 2089 3769 igiturest,
2120 3680 2209 3766 quin·

192 3777 323 3859 fueraut
343 3774 391 3839 dii
413 3775 461 3836 ιιι
484 3773 635 3848 lehudah,
666 3773 726 3837 hoc
748 3778 807 3855 est,
836 3773 990 3855 quoniam
1021 3793 1087 3837 non
1110 3773 1171 3837 luit
1222 3774 1314 3840 Deus
1345 3774 1398 3840 hic
1426 3773 1610 3858 expostulet
1637 3790 1712 3836 oum
1742 3771 1890 3850 Iudaeis,
1924 3768 2082 3852 quoniam
2112 3769 2198 3851 ipsos

191 3870 368 3929 contentus
390 3857 531 3941 populus
554 3878 619 3921 uno
644 3859 731 3937 Deo,
765 3878 977 3941 unaquaeque
1007 3859 1084 3923 urbs
1110 3858 1171 3923 sihi
1222 3871 1357 3926 conatus
1379 3860 1478 3924 fuerit
1499 3859 1654 3923 reducere
1676 3859 1709 3921 in
1732 3859 1839 3933 viam,
1865 3870 1899 3920 et
1920 3863 2079 3938 expertus
2099 3854 2198 3918 fuerit

193 3961 368 4031 patronum
402 3944 510 4027 elegit.
566 3940 678 4022 Quum
712 3962 790 4025 ergo
824 3944 998 4008 innumera
1036 3942 1170 4009 deorum
1222 3965 1293 4011 esse
1316 3965 1450 4028 prorsus
1472 3943 1667 4008 indomitos:
1695 3940 1968 4025 quemadmodum
1990 3938 2107 4005 eadem
2134 3940 2197 4004 fere

194 4034 291 4097 turba
314 4031 399 4113 apud
423 4050 481 4093 vos
499 4029 680 4104 invocetur,
704 4029 760 4108 qui
780 4029 817 4091 tit
837 4039 958 4093 utnon
978 4037 1172 4095 succurrant
1222 4030 1442 4114 expostulatio
1465 4029 1586 4113 legitur
1609 4027 1694 4111 apud
1717 4027 1838 4094 Isaiam
1855 4027 1959 4109 prime
1975 4024 2082 4106 capite
2096 4023 2197 4109 (ab),

194 4118 308 4185 vobis?
356 4116 514 4178 Videmus
537 4134 615 4196 ergo
640 4113 693 4178 hic
716 4113 830 4177 acerbe
859 4115 1036 4197 perstringi
1059 4115 1170 4197 populi
1222 4116 1371 4189 Frustra,
1393 4117 1510 4198 inquit,
1533 4114 1692 4198 castigavi
1715 4134 1788 4178 vos:
1812 4134 1831 4178 a
1855 4112 1966 4194 planta
1983 4108 2079 4192 pedis
2094 4130 2197 4192 usque

194 4202 421 4275 diffidentiam,
445 4201 606 4281 quianon
630 4198 836 4279 acquieverat
858 4201 891 4262 in
915 4200 982 4264 solo
1001 4199 1088 4265 Dee:
1112 4200 1170 4265 sed
1222 4201 1263 4264 ad
1286 4203 1441 4268 verticem
1465 4199 1693 4281 capitis'nulla
1715 4209 1765 4264 est
1785 4198 1920 4264 sanitas.
1956 4193 2031 4261 Illic
2053 4194 2197 4261 ostendit

194 4290 342 4355 voluerat
360 4287 421 4349 sibi
437 4304 601 4348 accersere
618 4285 695 4348 dees
712 4285 919 4349 innumeros:
934 4306 1035 4367 quum
1047 4287 1170 4351 multae
1223 4287 1313 4351 Deus
1336 4308 1371 4351 se
1393 4293 1566 4370 expertum
1589 4285 1661 4350 esse
1682 4284 1793 4349 omnia
1814 4281 1973 4364 remedia,
2002 4279 2063 4346 sed
2085 4289 2124 4345 ut
2146 4281 2197 4345 lu·

193 4382 305 4442 essent
327 4371 423 4437 urbes
446 4371 479 4459 in
511 4369 596 4432 tribu
627 4367 794 4446 lehudah,
829 4371 962 4433 tetidem
991 4382 1087 4435 erant
1115 4392 1169 4453 pa·
1222 4370 1295 4436 daei
1315 4373 1497 4455 praefracto
1519 4379 1613 4436 erant
1634 4371 1776 4454 ingenio,
1798 4366 1996 4435 incurabiles
2015 4366 2121 4431 fuisse
2144 4387 2197 4431 eo-

194 4461 291 4526 troni.
326 4457 419 4523 Unus
442 4455 533 4518 Deus
555 4466 683 4535 poterat
705 4456 739 4518 in
762 4454 903 4519 solidum
927 4455 991 4520 illis
1009 4456 1170 4536 sulficere,
1221 4477 1293 4521 rum
1334 4456 1471 4522 morbos.
1534 4455 1627 4522 Idem
1669 4475 1756 4520 nunc
1794 4463 2027 4537 argumentum
2077 4460 2197 4519 tractat

193 4557 228 4613 et
260 4557 387 4628 poterat
422 4542 538 4603 afferre
573 4541 703 4622 plenam
736 4542 892 4617 salutem,
931 4543 1056 4622 quoties
1088 4562 1170 4623 opus
1221 4542 1391 4607 Ieremias:
1415 4552 1447 4606 et
1468 4542 1529 4607 hoo
1551 4541 1646 4606 modo
1668 4541 1786 4606 iterum
1809 4544 1990 4622 exaggerat
2011 4536 2105 4601 Deus
2129 4558 2196 4603 ma·

193 4644 295 4699 esset:
330 4638 526 4711 spreverunt
549 4646 652 4689 unum
675 4626 793 4689 Deum.
834 4625 880 4689 Et
901 4626 1050 4708 singulae
1073 4626 1169 4690 urbes
1221 4627 1326 4691 litiam
1349 4625 1473 4709 populi,
1504 4647 1604 4709 quum
1629 4636 1766 4691 testatur
1788 4645 1852 4689 non
1876 4632 2005 4687 tantum
2029 4621 2196 4689 verbis'se

193 4718 370 4783 fabricatae
401 4722 478 4777 sunt
512 4711 571 4774 sibi
605 4712 713 4774 varios
733 4710 818 4775 dees.
871 4710 1018 4786 chiaat,
1052 4712 1168 4794 inquit,
1221 4721 1365 4776 tentasse
1397 4734 1439 4776 an
1473 4721 1582 4777 essent
1615 4711 1749 4789 dociles,
1791 4708 1848 4775 sed
1882 4709 1981 4773 stiam
2014 4707 2133 4774 ferulis
2164 4721 2196 4773 st

193 4797 457 4884 quandoquidem
502 4797 536 4859 in
578 4796 633 4859 illa
673 4795 886 4861 multitudine
924 4796 1040 4861 confisi
1081 4801 1168 4873 estis,
1194 4834 1196 4905 J
1221 4799 1506 4880 castigationibus:
1548 4818 1662 4861 verum
1697 4806 1873 4878 utrumque
1907 4793 2052 4858 laborem
2094 4795 2195 4860 fuisse

196 4888 335 4971 Sarqaat
356 4904 451 4960 atltae,
486 4887 519 4946 ut
542 4880 625 4945 vobis
646 4887 845 4946 succurrant:
879 4902 954 4945 uam
982 4904 1059 4965 ego,
1094 4884 1170 4964 quia
1193 4914 1196 4951 r
1221 4903 1355 4947 vanum.
1400 4883 1512 4965 Nuper
1534 4883 1687 4964 loquutus
1710 4891 1761 4947 est
1783 4882 1823 4946 de
1852 4880 2014 4954 doctrina,
2050 4878 2194 4946 Prohibe

194 4996 281 5039 unus
305 4991 388 5045 sum,
411 4991 431 5032 a
454 4968 546 5032 vobis
569 4979 767 5031 contemnor.
801 4967 896 5032 Nune
919 4988 996 5049 ergo
1019 4976 1169 5032 tenemus
1194 4986 1196 5037 t
1222 4968 1335 5048 pedem
1360 4979 1453 5032 tuum
1477 4990 1496 5032 a
1517 4968 1771 5044 discalceatione,
1795 4972 1829 5031 et
1847 4973 1963 5048 guttur
1986 4977 2078 5028 tuum
2096 4989 2116 5028 a
2132 4969 2194 5030 siti.

194 5061 295 5123 etiam
328 5059 361 5121 in
391 5055 453 5118 hac
484 5064 577 5135 parte
609 5053 785 5133 prophetae
815 5053 998 5118 consilium.
1052 5054 1170 5118 Postea
1194 5098 1196 5113 .
1222 5054 1352 5117 Hortati
1377 5055 1477 5136 igitur
1500 5056 1629 5118 fueraut
1652 5053 1828 5135 prophetae
1851 5051 2004 5130 ludaeos,
2039 5054 2194 5116 mandato

193 5144 349 5227 sequitur,
1194 5230 1197 5267 Ι
1222 5138 1294 5288 ᾨεέἰ,
1318 5152 1353 5287 utt
1377 5140 1767 5289 quiosferoutddoctzirg
1788 5138 1896 5202 fuerat
1918 5138 1997 5287 itpsis
2020 5137 2194 5290 irlrutilisdet

1222 5246 1431 5291 inracucea.
1486 5248 1535 5290 um
1559 5248 1577 5290 a
1603 5246 1692 5308 rungr
1764 5245 1820 5288 eus
1843 5241 2194 5290 seeramaromoc
