4784 5970
198 370 261 434 aas
1008 461 1009 464 Ν
1066 365 1216 433 carun
1239 367 1314 434 un.
2120 370 2186 438 aaa

199 556 356 638 impedire
385 565 530 640 possunt.
576 555 741 639 Denique,
772 565 819 654 ut·
840 555 933 640 prius
966 518 1095 619 dixerat
1127 575 1162 620 se
1214 553 1410 620 obstabunt?
1444 555 1561 620 Postea
1581 565 1751 620 enumerat
1772 576 1887 621 causas
1909 557 2028 638 quibus
2049 559 2184 624 incitari

200 663 266 706 non
296 663 366 707 esse
394 641 533 706 similem
562 640 737 724 decoctori,
767 661 822 724 qur
848 661 924 706 suos
953 640 989 704 in
1018 640 1161 705 solutum
1214 640 1329 706 debeat
1350 639 1392 704 ad
1417 640 1573 723 populum
1600 640 1830 706 reducendum.
1875 641 2110 710 Subaudienda
2131 655 2184 710 est

200 729 276 792 dare
298 739 355 792 aut
378 727 518 792 vendere
539 739 668 792 coactus
690 727 750 791 sit:
772 727 818 790 ita
839 725 900 790 hoc
917 726 986 790 loco
1001 725 1163 808 significat
1214 737 1322 790 autem
1350 728 1447 792 tacita
1476 726 1648 791 antithesis
1677 727 1712 789 in
1739 726 1907 808 participio
1928 728 2072 794 Abbius.
2118 730 2184 795 Ne·

200 833 235 877 se
262 814 364 896 gratis
394 813 595 893 mancipasse
628 813 716 895 ipses
745 820 777 876 et
805 811 978 876 tradidisse
1005 811 1162 888 hostibus,
1214 832 1277 893 que
1299 812 1386 876 enim
1409 812 1515 876 luerat
1536 812 1662 877 ablatus
1683 810 1723 876 ab
1745 810 1932 896 Aegyptiis:
1964 823 2080 895 sponte
2101 814 2182 882 illue

200 898 260 963 hac
283 908 410 962 tantum
433 897 473 961 de
494 917 608 973 causa,
642 895 727 980 quod
755 896 930 962 sceleribus
959 897 1026 962 suis
1055 896 1161 979 ipsum
1215 896 1426 963 descenderat
1458 917 1561 979 quum
1594 897 1677 960 fame
1709 909 1929 979 premeretur:
1961 899 2039 965 iude
2071 910 2181 966 tamen

200 993 444 1063 provocassent:
476 983 595 1063 itaque,
625 983 726 1063 nihilo
749 983 903 1047 maiorem
927 982 960 1046 in
984 983 1062 1065 ipsis
1083 981 1163 1046 libe·
1215 989 1345 1063 ereptus
1367 993 1431 1045 est:
1454 991 1575 1064 quanto
1597 983 1700 1064 magis
1722 983 1878 1065 eripietur
1896 1003 1936 1047 ex
1952 1004 2064 1050 eorum
2080 1007 2182 1051 manu

199 1068 310 1133 randis
331 1087 427 1150 quam
451 1068 485 1131 in
509 1066 675 1132 tradendis
704 1066 928 1133 difficultatem
953 1069 1029 1132 fore.
1073 1067 1164 1132 Non·
1215 1068 1268 1148 qui
1292 1069 1399 1149 ipsum
1422 1066 1573 1132 avulsum
1596 1087 1616 1132 a
1638 1067 1743 1149 patria
1765 1068 1797 1132 in
1817 1069 2039 1151 captivitatem
2057 1070 2182 1137 violen-

200 1154 282 1218 nulli
305 1154 457 1220 subtilius
485 1163 667 1234 exponunt:
700 1173 831 1236 nempe,
864 1153 949 1235 quod
982 1153 1085 1237 gratis
1115 1173 1162 1217 re·
1215 1165 1267 1216 ter
1287 1151 1517 1217 abduxerunt?
1562 1151 1771 1236 Indignitatis
1793 1174 1872 1218 vero
1894 1155 2062 1239 augendae
2083 1175 2182 1222 cauea

200 1239 320 1321 dempti
347 1260 459 1305 sumus
489 1258 509 1302 a
536 1238 679 1303 Christo.
730 1236 824 1318 Quae
855 1238 985 1320 quidem
1017 1239 1164 1303 doctrina
1215 1236 1255 1302 ad
1278 1240 1469 1304 continuum
1493 1238 1654 1303 ululatum
1676 1238 1748 1322 cogi
1771 1239 1858 1305 dicit.
1898 1240 1965 1304 Alii
1990 1252 2123 1306 vertunt
2146 1243 2181 1306 in

200 1324 364 1406 probanda
393 1335 458 1389 est:
493 1323 548 1388 sed
579 1344 644 1388 non
674 1325 828 1389 convenit
855 1324 958 1388 menti
987 1324 1164 1407 prophetae
1216 1331 1333 1387 neutra
1355 1323 1607 1404 significatione:
1638 1323 1693 1389 sed
1717 1324 1798 1388 mihi
1820 1324 1951 1389 videtur
1973 1325 2035 1392 hoc
2057 1348 2182 1410 augen-

199 1412 253 1491 qui
274 1411 468 1475 Iudaeorum
491 1408 703 1473 diffidentiam
726 1410 888 1493 corrigere
911 1409 1023 1486 voluit,
1054 1429 1096 1473 ne
1124 1409 1163 1473 de
1216 1407 1275 1473 dae
1308 1408 1451 1473 invidiae
1483 1429 1580 1474 causa
1612 1408 1735 1475 dictum
1769 1430 1849 1474 esse.
1901 1408 2012 1490 Quare
2043 1413 2182 1478 verbum

198 1497 348 1560 libertate
381 1515 440 1561 sua
473 1493 668 1558 dubitarent.
723 1494 874 1561 Sufficiat
906 1495 1021 1577 igitur,
1063 1515 1163 1576 quum
1215 1495 1422 1558 transitivum
1454 1514 1524 1559 esse
1552 1504 1645 1578 puto,
1678 1494 1762 1577 quod
1795 1496 1985 1560 violentiam
2017 1499 2183 1581 exprimat

199 1581 337 1647 liberare
358 1601 434 1645 suos
456 1579 545 1645 volet
566 1579 675 1659 Deus,
704 1580 921 1645 necessarium
946 1600 1011 1644 nou
1033 1581 1101 1643 iore
1123 1579 1163 1643 de
1214 1599 1311 1661 quam
1327 1578 1483 1646 Chaldaei
1499 1579 1630 1645 Iudaeis
1652 1579 1843 1646 inferebant.
1877 1580 1945 1645 Nec
1967 1581 2055 1646 enim
2074 1581 2181 1647 solum

199 1667 300 1748 pretio
323 1667 440 1747 pacisci
461 1685 536 1731 cnm
552 1664 733 1739 Chaldaeis,
757 1666 968 1747 quosinvitos
984 1665 1024 1729 ab
1042 1666 1163 1730 iniusta
1213 1665 1324 1747 inique
1348 1664 1612 1745 dominabantur,
1645 1665 1702 1731 sed
1725 1667 1824 1730 eham
1847 1665 2071 1732 inhumaniter
2092 1669 2179 1748 ipsos

199 1753 399 1833 possessione
422 1751 512 1814 nullo
535 1750 664 1833 negotio
687 1750 835 1831 depellet.
1214 1749 1406 1815 tractabant.
1452 1751 1532 1814 Plus
1555 1762 1662 1814 autem
1691 1759 1742 1815 est
1770 1749 1895 1816 ululare
1924 1772 2020 1833 quam
2050 1772 2182 1836 gemere

283 1838 313 1900 4.
336 1835 394 1921 (Ia
415 1834 610 1920 Aegyptum.)
644 1835 708 1902 Hic
731 1837 828 1901 etiam
845 1837 1041 1917 interpretes
1057 1855 1161 1917 neque
1214 1846 1270 1899 aut
1291 1835 1430 1901 eiulare:
1465 1836 1539 1918 quia
1561 1836 1805 1901 acerbissimum
1835 1836 1979 1901 dolorem
2007 1858 2079 1902 esse
2108 1858 2180 1920 pro·

198 1921 322 1988 coelum
347 1943 452 2004 neque
473 1933 592 1985 terram
620 1922 796 2004 attingunt.
840 1922 925 1987 Nam
954 1921 1067 1986 Iudaei
1096 1932 1162 1985 tres
1213 1919 1318 1991 babile
1341 1924 1465 2003 estqui
1488 1940 1621 1986 sonoros
1644 1931 1676 1986 et
1706 1923 1905 2004 impetuosos
1936 1922 2092 1987 clamores
2121 1945 2179 1988 ex·

199 2008 252 2071 hic
273 2008 478 2091 captivitates
503 2008 675 2072 somniant.
720 2006 902 2072 Christiani
933 2009 967 2070 in
1001 2027 1038 2071 eo
1069 2007 1161 2070 diffs·
1213 2015 1350 2087 torquet.
1396 2005 1583 2073 Similitudo
1604 2020 1654 2071 est
1675 2016 1807 2090 sumpta
1828 2027 1847 2069 a
1869 2009 1955 2086 seris,
1977 2029 2042 2090 qua
2065 2008 2179 2091 despe-

198 2104 294 2172 runt,
326 2092 411 2174 quod
444 2093 575 2156 tertiam
607 2091 830 2173 captivitatem
863 2091 922 2157 sub
955 2091 1161 2157 Antichristo
1213 2091 1296 2155 ratio
1320 2100 1466 2156 extrema
1488 2092 1685 2174 designatur.

198 2180 340 2242 futuram
364 2177 525 2261 designari
548 2185 678 2258 putant,
710 2197 815 2259 equa
843 2177 1016 2242 aChristo
1046 2176 1162 2241 libara-
1299 2175 1395 2262 (Tota
1415 2179 1466 2243 die
1486 2197 1595 2242 nemea
1616 2176 1741 2261 meam.)
1789 2176 1900 2241 Tertia
1930 2186 1981 2241 est
2009 2179 2110 2255 ratio,
2143 2199 2180 2245 ac

198 2264 328 2328 buntur.
374 2262 439 2328 Sed
473 2263 568 2344 longe
600 2263 681 2339 alia,
714 2283 786 2327 meo
819 2263 953 2339 iudicio,
987 2283 1079 2326 mens
1112 2273 1163 2328 est
1213 2264 1396 2344 praecipua,
1418 2284 1476 2328 cur
1497 2263 1651 2345 populum
1675 2283 1772 2327 suum
1795 2262 1989 2327 liberaturus
2007 2264 2178 2328 sitDomi-

198 2347 384 2431 prophetas.
427 2348 513 2412 Nam
542 2349 751 2413 ratiocinatur
781 2350 949 2413 aminare
975 2348 1015 2412 ad
1046 2349 1161 2427 maius,
1214 2366 1292 2412 nus:
1322 2369 1363 2412 ne
1386 2347 1508 2413 seilicet
1531 2368 1648 2412 nomen
1672 2350 1740 2414 eius
1762 2347 1879 2430 probro
1901 2359 1935 2412 et
1963 2349 2181 2414 contumeliae

196 2433 333 2498 adducto
356 2432 506 2515 exemplo
527 2433 728 2514 captivitatis
749 2434 968 2517 aegyptiacae,
994 2454 1090 2515 equa
1106 2454 1161 2516 po·
1212 2434 1386 2514 impiorum
1409 2454 1537 2515 semper
1559 2435 1743 2514 expositum
1765 2435 1818 2498 sit.
1858 2433 2003 2500 Honoris
2025 2435 2111 2500 enim
2130 2435 2182 2500 sui

197 2518 291 2599 palus
312 2519 388 2582 olim
410 2517 551 2583 mirabili
569 2519 631 2582 Dei
649 2520 792 2599 potentia
815 2532 944 2600 ereptus
960 2530 1017 2583 est.
1051 2517 1162 2598 Quare
1213 2538 1310 2583 cauea
1332 2518 1497 2583 Dominus
1519 2519 1687 2584 ecclesiam
1710 2528 1896 2596 conservat,
1927 2527 1959 2583 et
1982 2541 2100 2602 purum
2125 2541 2182 2583 no-

197 2605 435 2687 argumentatio
447 2609 496 2668 eet
511 2604 686 2667 eiusmodi:
709 2603 746 2667 Si
758 2603 921 2668 Dominus
936 2607 968 2668 in
981 2603 1162 2686 Aegyptios
1214 2604 1311 2667 minis
1333 2605 1381 2667 sui
1404 2603 1528 2668 cultum
1551 2615 1671 2668 tuetur.
1712 2603 1823 2684 Quum
1845 2612 1955 2667 autem
1977 2607 2178 2670 occasionem

196 2689 434 2767 animadvertit,
457 2688 541 2771 quod
565 2688 689 2752 duriter
711 2700 743 2752 et
765 2689 874 2768 inique
893 2690 1046 2770 populum
1065 2709 1161 2752 suum
1214 2687 1427 2753 maledicendi
1449 2689 1608 2770 arripiant
1630 2689 1720 2770 impii
1749 2710 1791 2752 ex
1820 2688 1973 2753 ecclesiae
2003 2689 2109 2766 clade,
2143 2711 2180 2754 ac
2247 2708 2251 2715 ’

197 2784 390 2850 tractarent,
420 2773 524 2837 multe
546 2776 650 2855 magis
673 2774 785 2855 puniet
807 2774 989 2839 Chaldaeos
1011 2775 1067 2855 qui
1090 2793 1161 2838 cru·
1215 2772 1400 2854 petulanter
1421 2773 1529 2837 Deum
1559 2774 1735 2838 irrideant:
1769 2775 1885 2837 merito
1918 2773 1996 2838 dicit
2028 2774 2063 2839 in
2096 2774 2182 2838 redi·

198 2860 314 2923 deliter
336 2859 370 2922 in
392 2859 500 2941 ipsum
523 2860 719 2923 saevierunt.
764 2858 870 2922 Multo
893 2860 978 2922 enim
1009 2859 1081 2941 plus
1109 2879 1162 2923 co·
1215 2858 1332 2922 mendo
1354 2859 1471 2939 populo
1490 2880 1525 2923 se
1542 2879 1672 2924 causam
1687 2880 1779 2923 suam
1796 2870 1953 2924 acturum.
1988 2859 2061 2924 Non
2077 2860 2182 2924 relero

197 2946 275 3009 loris
298 2943 411 3008 habuit
433 2944 603 3025 imperium
627 2944 807 3008 Pharaonis
829 2946 862 3009 in
887 2943 1034 3025 ludaeos,
1064 2965 1162 3027 quam
1215 2943 1269 3007 hic
1293 2945 1396 3007 varias
1418 2945 1717 3026 interpretationes,
1751 2965 1811 3009 nee
1840 2944 1880 3009 iis
1912 2944 2096 3009 refellendis
2119 2946 2181 3011 im-

198 3030 447 3096 Chaldaeorum.
504 3029 587 3093 Nam
622 3050 721 3112 qunm
754 3040 869 3111 sponte
903 3030 999 3094 Iacob
1031 3029 1065 3093 in
1100 3033 1163 3094 Ae·
1215 3047 1341 3093 moror:
1373 3030 1526 3111 quoniam
1550 3030 1629 3094 mihi
1652 3031 1732 3095 satis
1755 3039 1804 3094 est
1826 3029 1968 3094 breviter
1996 3032 2179 3113 genuinum

199 3127 336 3199 gyptum
358 3135 433 3179 cum
456 3135 514 3178 sua
543 3115 665 3180 familia
691 3115 919 3192 concessisset,
953 3114 1040 3178 haud
1068 3114 1163 3179 dubie
1215 3115 1392 3197 prophetae
1414 3136 1547 3179 sensum
1570 3115 1738 3180 indicasse.

199 3201 347 3265 subditus
365 3211 437 3266 erat
454 3201 604 3282 potestati
621 3201 818 3264 Pharaonis:
840 3200 894 3282 qui
913 3199 953 3264 ob
971 3201 1161 3265 beneficium
1300 3200 1329 3264 6.
1363 3198 1543 3285 (Propterea
1575 3200 1668 3285 sciet.)
1721 3200 1795 3266 Hoc
1826 3200 1986 3266 versiculo
2018 3200 2183 3267 concludit

200 3286 390 3367 a-Iosepho
423 3298 606 3367 acceptum,
650 3284 814 3368 regionem
854 3286 914 3369 ipsi
955 3284 1097 3368 amplam
1130 3296 1164 3350 et
1198 3285 1301 3367 quod
1334 3284 1458 3350 dnobus
1490 3286 1647 3367 proximis
1680 3286 1850 3370 attigerat:
1886 3307 2017 3352 necesse
2051 3286 2182 3351 tandem

199 3392 319 3455 pascua
350 3371 419 3437 loca
455 3371 690 3454 assignaverat.
739 3369 949 3437 Successores
980 3371 1164 3436 Pharaonis
1216 3392 1284 3436 esee
1307 3370 1463 3452 populum
1487 3370 1643 3436 redimis
1666 3373 1746 3449 Deo,
1769 3372 1824 3454 qui
1847 3372 1898 3436 eui
1922 3371 2088 3436 dissimilis
2112 3392 2182 3436 esse

199 3457 334 3539 ingrati,
364 3466 398 3519 et
419 3456 624 3520 immemores
646 3456 769 3539 accepti
799 3456 977 3538 aloscpho
1008 3455 1163 3533 beneficii,
1216 3477 1280 3521 non
1303 3466 1417 3539 potest.
1463 3457 1545 3521 Nam
1568 3458 1594 3522 si
1619 3457 1754 3521 redemit
1776 3465 1894 3538 patres,
1917 3457 1944 3520 ei
1974 3475 2103 3537 semper
2130 3475 2181 3518 ec·

200 3556 300 3605 totam
323 3543 543 3624 posteritatem
566 3542 664 3607 variis
693 3540 795 3607 modis
825 3542 1022 3605 afflixerunt.
1068 3541 1164 3606 Hanc
1215 3542 1331 3607 clesiae
1360 3542 1480 3617 adfuit,
1514 3553 1674 3623 posteros,
1708 3562 1789 3623 quos
1822 3541 1971 3606 similiter
2004 3540 2182 3622 adoptavit,¹

200 3626 466 3710 ingratitudinem
500 3636 533 3691 et
560 3627 831 3692 inhumanitatem
864 3627 1023 3690 Dominus
1052 3648 1164 3691 severe
1215 3626 1306 3690 obrui
1331 3647 1498 3707 nunquam
1522 3629 1616 3691 sinet.
1660 3626 1845 3707 Diligenter
1867 3626 2108 3691 observandum
2131 3634 2181 3690 est

201 3712 289 3776 ultus
311 3725 369 3776 eet.
414 3710 480 3777 Sed
506 3711 603 3795 longe
624 3713 792 3796 indignius
814 3731 851 3776 ac
880 3711 1043 3775 crudelius
1065 3711 1164 3776 Chal·
1216 3712 1349 3776 verbum
1371 3713 1462 3775 sciet:
1484 3733 1560 3776 nam
1583 3714 1665 3776 scire
1689 3732 1805 3777 nomen
1826 3712 1958 3775 Domini
1980 3721 2032 3777 est
2053 3710 2182 3776 sublata

201 3798 355 3860 daeorum
378 3796 482 3861 scelus
505 3795 574 3873 suit,
597 3797 650 3878 qui
675 3820 692 3861 e
715 3800 799 3862 iusta
822 3797 1023 3877 possessione
1046 3796 1163 3861 eiectos
1215 3799 1301 3860 omni
1325 3816 1411 3860 vana
1432 3800 1583 3879 opinione
1603 3799 1709 3878 ipsum
1738 3818 1778 3860 ex
1805 3797 1920 3879 verbo,
1952 3808 2108 3879 tanquam
2140 3817 2182 3861 ex

201 3882 338 3945 Iudaeos
350 3883 384 3944 in
397 3882 587 3946 servitutem
599 3893 788 3964 rapuerunt.
819 3882 857 3946 Si
870 3883 971 3965 igitur
983 3883 1164 3965 Aegyptios
1216 3903 1293 3945 vera
1315 3882 1464 3963 imagine,
1493 3881 1609 3946 deinde
1631 3883 1842 3964 exoperibus
1865 3901 2067 3965 cognoscere.
2112 3882 2181 3946 Neo

199 3969 346 4048 ingratos
379 3971 412 4030 et
441 3967 560 4048 iniquis
593 3967 717 4050 legibus
749 3969 963 4049 imperantes,
998 3978 1163 4048 utcunque
1215 3969 1302 4031 enim
1321 3967 1479 4032 arbitratu
1497 3968 1667 4033 hominum
1686 3968 1858 4050 fingendus
1877 3978 1927 4032 est
1943 3966 2043 4042 Deus,
2063 3967 2119 4032 sed
2137 3968 2184 4031 ita

200 4053 320 4133 alioqui
342 4053 463 4116 iustum
492 4053 702 4133 possessionis
730 4052 862 4117 titulum
892 4053 1066 4130 haberent,
1097 4051 1163 4116 Do·
1215 4053 1539 4134 comprehendendus
1561 4063 1598 4117 nt
1619 4074 1689 4118 sese
1712 4053 1805 4117 nobis
1823 4053 1974 4118 declarat.
2010 4052 2183 4119 Concludit

201 4138 309 4201 minus
331 4136 416 4201 ferre
439 4156 504 4200 non
528 4137 647 4218 potuit,
677 4139 781 4203 multo
809 4140 917 4203 minus
946 4138 1105 4202 violentos
1127 4159 1164 4204 ac
1216 4158 1293 4220 ergo
1314 4138 1475 4202 Dominus
1498 4160 1533 4203 ee
1555 4138 1745 4203 adfuturum
1768 4141 1910 4221 reipsa,
1940 4146 1973 4201 et
1994 4139 2184 4220 comproba·

200 4236 307 4287 truces
339 4222 522 4287 Chaldaeos
555 4222 653 4299 seret,
694 4224 747 4304 qui
781 4224 873 4288 nullo
904 4223 975 4287 iure
1010 4224 1164 4306 populum
1216 4234 1327 4287 turum
1355 4224 1465 4287 omnia
1497 4244 1578 4306 quae
1611 4226 1772 4306 promisit,
1807 4232 1844 4286 ut
1877 4223 2017 4305 populus
2050 4244 2084 4288 se
2118 4243 2184 4286 non

201 4329 295 4371 suum
323 4317 437 4372 tenent
466 4318 499 4372 et
529 4308 564 4372 vi
593 4308 792 4390 opprimunt.
837 4309 902 4373 Per
923 4309 1096 4392 Assyrium
1120 4311 1165 4373 in·
1217 4310 1338 4372 frustra
1367 4329 1514 4389 sperasse
1543 4309 1724 4392 intelligat,
1757 4308 1925 4391 magisque
1953 4329 1990 4374 ae
2019 4309 2122 4391 magis
2150 4308 2183 4369 in

201 4391 318 4473 telligit
340 4392 538 4468 Chaldaeos,
572 4393 627 4474 qui
650 4393 710 4459 sub
740 4394 852 4458 eadem
881 4395 1070 4460 monarchia
1091 4416 1164 4458 cum
1217 4395 1349 4458 notione
1371 4394 1513 4459 nominis
1536 4395 1639 4475 ipsius
1660 4396 1877 4458 confirmetur.
1909 4392 2101 4458 'Ponendum
2125 4411 2182 4455 au·

202 4477 347 4560 Assyriis
369 4480 532 4543 coniuncti
557 4487 659 4543 erant.
704 4477 770 4543 Sed
793 4479 965 4560 Assyrium
994 4480 1165 4561 praecipue
1217 4491 1282 4543 tem
1305 4480 1460 4544 memoria
1482 4490 1533 4545 eet
1554 4480 1638 4560 quod
1655 4478 1730 4542 alibi
1748 4479 1787 4542 de
1803 4478 2049 4560 experimentali
2066 4478 2183 4542 notitia

202 4562 366 4644 nominat,
402 4564 488 4643 quod
522 4564 612 4645 prius
645 4582 797 4646 magnam
829 4563 993 4628 intulisset
1024 4564 1165 4630 Iudaeae
1217 4564 1375 4642 diximus,
1408 4585 1472 4646 qua
1494 4567 1637 4631 sancitur
1659 4566 1748 4630 verbi
1771 4564 1861 4629 fides.
1906 4564 2008 4629 Porro
2031 4564 2117 4647 loqui
2141 4559 2183 4626 ad

202 4648 344 4723 cladem,
374 4656 470 4728 atque
498 4649 620 4713 aditum
649 4649 725 4714 huic
753 4649 932 4732 captivitati
957 4651 1164 4732 praebuisset.
1217 4652 1445 4731 promissiones
1467 4651 1624 4732 pertinet:
1647 4662 1719 4731 rita,
1742 4650 1825 4714 Ecce
1846 4670 1915 4731 ego,
1938 4647 1979 4714 ad
2001 4649 2182 4732 potentiam
2295 4682 2296 4685 κ

287 4732 317 4798 5.
352 4731 454 4818 (Qua
474 4733 553 4797 mitt
573 4732 645 4818 liic.)
688 4735 901 4816 Prosequitur
929 4755 966 4800 ac
995 4738 1167 4800 coufirmat
1218 4734 1387 4800 actualem.
1429 4736 1570 4801 Perinde
1592 4758 1630 4802 ac
1652 4738 1678 4801 ei
1698 4736 1835 4801 diceret:
1858 4736 2002 4800 Tametsi
2025 4753 2112 4799 nunc
2134 4751 2185 4796 so·

202 4818 288 4899 quod
311 4820 377 4882 iam
400 4817 477 4893 dixi,
500 4819 633 4884 minime
654 4840 792 4902 aequum
815 4841 885 4884 esee
908 4830 945 4884 ut
967 4821 1088 4885 diutius
1111 4841 1166 4903 po·
1217 4820 1380 4885 lummodo
1408 4822 1441 4885 in
1470 4823 1602 4886 auribus
1635 4823 1752 4887 vestris
1785 4834 1902 4887 sonent
1933 4821 2034 4886 verba
2066 4818 2185 4900 quibus

203 4903 315 4985 pulum
337 4923 433 4967 suum
455 4903 593 4985 opprimi
616 4907 731 4970 tacitus
753 4907 848 4970 sinat.
882 4905 967 4970 Nam
989 4906 1041 4970 hie
1059 4906 1167 4972 verbis
1218 4907 1370 4988 promitto
1392 4905 1477 4987 quod
1500 4908 1556 4971 vix
1579 4906 1744 4990 probabile
1767 4918 1830 4984 est,
1861 4920 1969 4970 tamen
1993 4904 2183 4988 paulopost

203 4987 439 5069 quodammodo
461 5008 551 5053 suam
574 4991 784 5055 cessationem
807 4991 952 5074 castigat,
974 5012 1012 5056 ac
1033 4991 1060 5057 si
1082 4992 1166 5057 dice·
1218 5013 1288 5056 rem
1311 4993 1414 5074 ipsam
1437 4992 1638 5074 percipietis:
1662 5014 1737 5058 nam
1760 4993 1928 5076 praestabo
1950 5011 1986 5055 re
2008 4993 2079 5073 ipsa
2096 4985 2181 5071 quod

204 5083 271 5137 ret:
294 5078 416 5139 Annon
440 5092 587 5139 exseram
610 5075 763 5140 manum?
786 5095 894 5141 annon
916 5077 1087 5142 vindicabo
1110 5098 1167 5159 po·
1220 5075 1380 5159 polliceor.
1423 5076 1512 5142 Hinc
1534 5079 1714 5162 colligenda
1736 5087 1785 5145 est
1807 5076 2000 5143 universalis
2023 5074 2182 5148 doctrina,

205 5158 318 5239 pulum
335 5158 468 5225 meum?
502 5157 539 5225 Si
559 5158 637 5223 mihi
653 5181 719 5226 non
736 5162 860 5227 obstitit
876 5162 1015 5241 Pharao,
1038 5164 1167 5229 tametsi
1219 5162 1388 5227 individuo
1411 5184 1497 5228 nexu
1519 5165 1725 5229 coniunctum
1748 5185 1817 5229 esee
1846 5162 1996 5227 effectum
2017 5160 2082 5227 Dei
2111 5179 2186 5243 pro·

205 5244 369 5327 legitimus
390 5253 475 5310 esset
497 5244 653 5324 dominus,
675 5264 716 5310 an
740 5248 872 5314 violenti
891 5246 1067 5330 praedones
1086 5249 1167 5312 mihi
1218 5248 1436 5317 missionibus.
1481 5247 1616 5330 Quoties
1640 5270 1717 5334 ergo
1740 5270 1799 5315 nos
1821 5259 1916 5332 urget
1938 5245 2058 5330 Satan,
2088 5257 2186 5330 atque

1933 5350 1983 5406 16·
