4784 5970
186 351 248 415 471
996 352 1381 420 Pssnnnnonlonns
2132 346 2198 412 472

187 541 257 607 Nec
280 541 414 605 dubium
439 551 503 619 est,
534 542 611 624 quin
637 541 688 606 his
711 540 862 607 ludibriis
884 560 1041 606 88888888
1063 540 1161 605 fuerit
1215 539 1339 606 cladem
1377 539 1598 623 praediceret:
1639 537 1756 606 deiude
1793 545 1829 604 ut
1863 540 2122 607 concionaretur
2157 536 2196 601 de

187 626 269 692 fides
303 628 405 691 888811
436 628 507 705 1111,
542 628 617 708 8818
651 627 790 693 saeculis
825 626 977 690 omnibus
1009 637 1162 708 proterva
1214 627 1326 690 futura
1362 625 1606 708 redemptione:
1646 624 1693 691 sie
1726 632 1852 704 tamen,
1891 633 1930 691 nt
1961 625 2195 707 interponeret

188 712 251 776 fuit
273 712 435 794 impietas.
466 712 539 777 Illic
558 733 644 794 ergo,
666 713 764 777 etiam
788 720 862 796 8881
885 709 999 775 81188
1020 711 1161 776 excisam
1214 731 1342 793 semper
1365 711 1515 776 exsilium
1538 711 1746 795 septuaginta
1768 728 1941 776 annorum.
1973 709 2078 775 Nune
2099 707 2197 773 venio

188 796 347 862 Ieremias
376 798 503 880 peregit
528 818 656 862 cursum
681 819 787 863 suum.
832 797 970 861 Etfieri
993 800 1163 878 potestat
1215 794 1255 860 81
1278 799 1349 881 1888
1372 795 1482 862 18118.

188 882 277 947 81118
300 903 405 947 88888
431 882 669 965 quinquaginta
702 883 886 949 incubuerit
914 883 1093 946 inmunes
1125 901 1162 946 ao
1252 894 1255 899 '

190 966 332 1034 laborem
358 967 503 1032 docendi.
540 968 665 1033 Dicunt
687 967 787 1033 fuisse
809 964 971 1049 lapidibus
993 965 1162 1031 obrutum:

190 1061 223 1117 et
246 1054 307 1119 hoe
330 1053 508 1117 verisimile
532 1063 594 1129 est,
624 1053 699 1136 8818
722 1073 788 1118 888
811 1053 920 1116 81888
943 1052 1062 1115 8811181
1083 1065 1162 1117 1888

190 1139 343 1204 18188188
381 1138 444 1202 1811
483 1139 516 1202 18
554 1137 710 1221 Iudaeos,
750 1140 803 1221 qui
841 1138 1089 1220 transfugerant
1129 1139 1162 1201 in
1534 1141 1673 1210 CAPUT
1699 1141 1882 1211 PRIMUM,

190 1223 398 1307 Aegyptum,
433 1244 531 1306 quam
565 1223 671 1288 adhue
704 1225 796 1288 88118
829 1223 924 1287 urbe:
962 1222 1052 1304 atqui
1085 1226 1164 1286 tuno

193 1306 374 1390 desperatio
397 1310 484 1389 ipsos
506 1310 695 1374 stimulabat
715 1311 750 1372 in
769 1307 900 1372 rabiem.
935 1307 1022 1372 Hinc
1043 1308 1164 1373 factum
1304 1308 1332 1371 1.
1364 1305 1465 1371 Verbo
1487 1306 1643 1372 Ieremioe
1664 1307 1728 1387 filit·
1749 1307 1891 1387 Hecatae,
1919 1327 1958 1372 88
1977 1304 2199 1373 scaerdott'bne

192 1404 242 1458 est
275 1415 352 1476 ergo
395 1407 432 1457 ut
469 1407 618 1460 sanctum
660 1395 851 1477 prophetam
887 1392 1092 1458 occiderent:
1133 1400 1165 1456 81
1216 1392 1271 1474 qni
1292 1398 1381 1457 erant
1402 1392 1437 1456 in
1458 1391 1629 1475 Anctleotb,
1651 1393 1687 1456 in
1709 1397 1796 1459 terro
1816 1390 2001 1475 Beniamin,

191 1478 352 1561 putabant
388 1479 450 1542 hoo
489 1481 549 1544 sibi
583 1481 632 1544 188
667 1500 754 1560 8888,
795 1478 946 1562 8888188
987 1477 1166 1542 1888118181
1303 1477 1332 1541 2.
1367 1477 1486 1557 Nempe
1517 1482 1608 1627 311111
1638 1477 1833 1560 81811881118
1867 1477 1920 1543 118
1953 1474 2103 1562 8881181)
2134 1477 2196 1558 snit

193 1584 305 1629 eorum
329 1564 482 1628 miseriis:
507 1565 562 1629 sed
584 1564 735 1629 studebat
758 1563 974 1646 pervicaciam
994 1563 1165 1646 corrigere,
1217 1581 1319 1627 sermo
1341 1561 1516 1627 lebocoeo
1560 1563 1664 1643 ipram
1685 1564 1721 1627 in
1741 1560 1851 1628 dietas
1872 1562 1980 1628 188188
2001 1563 2068 1643 filit
2091 1564 2195 1629 Amen

192 1669 276 1730 8888
310 1660 380 1713 8181
413 1649 637 1715 indomabilis:
670 1649 732 1713 hcc
762 1650 824 1732 ipsi
859 1667 922 1712 888
957 1647 1166 1730 reputabant.
1217 1646 2044 1731 18918Ι81181811,1881881811188888188818.

193 1734 266 1797 Iam
289 1736 387 1798 venio
410 1734 450 1799 ad
474 1756 637 1799 summam
666 1735 750 1800 libri.
796 1733 960 1814 Quoniam
984 1732 1103 1810 Isaiae,
1134 1740 1168 1798 et
1304 1732 1334 1797 3.
1358 1731 1402 1796 Et
1419 1732 1482 1812 fnit
1504 1731 1578 1816 (hoc
1596 1743 1655 1812 est,
1676 1733 1874 1814 8811811118
1893 1753 1991 1799 cursu
2011 1733 2194 1800 vocationis

196 1819 312 1900 reliqui
347 1820 493 1884 eiusdem
531 1822 646 1884 aetatis
683 1840 814 1902 operam
849 1838 968 1901 magna
1001 1838 1042 1882 ex
1075 1827 1167 1901 88118
1219 1816 1308 1902 8888)
1337 1818 1445 1883 dicens
1467 1818 1590 1883 Ioola'm
1610 1818 1673 1899 filie·
1695 1818 1802 1884 Ioniae
1822 1818 1905 1901 18818
1927 1816 2074 1884 Intonat
2096 1838 2197 1900 neque

197 1905 354 1987 luserant,
377 1904 535 1971 18188188
559 1906 639 1969 81111
663 1906 725 1970 1811
748 1902 924 1982 18811888,
949 1903 1014 1968 8181
1036 1913 1073 1967 81
1096 1903 1167 1968 bre·
1219 1904 1262 1969 od
1278 1903 1527 1985 complementum
1547 1904 1704 1968 8881881181
1725 1904 1804 1969 onne'
1819 1903 1987 1969 Zedetltioe
2005 1903 2197 1985 81111881

197 1990 281 2054 viter
304 1989 388 2054 hanc
418 1992 613 2054 sententiam
641 1992 815 2073 proferret,
845 1991 909 2052 iam
938 1988 1066 2053 nullum
1098 2008 1168 2053 esse
1219 1987 2065 2072 188181818ᾱαί18118888181811888181818881818,
2092 2010 2196 2056 manee

196 2076 314 2140 188188
337 2075 452 2151 18888,
476 2076 532 2140 881
552 2073 1167 2158 18818181888888111888118118188,
1218 2075 1334 2155 qnt'nto.

197 2161 351 2242 quoniam
381 2162 479 2225 nimie
513 2159 568 2226 diu
602 2161 695 2226 abusi
727 2160 859 2225 fuerant
888 2160 952 2224 Dei
985 2159 1169 2238 tolerantia,

198 2246 254 2326 qui
277 2266 332 2311 eos
355 2247 565 2325 sustinuerat,
588 2249 643 2329 881
665 2246 814 2322 8881181,
840 2245 906 2309 188
930 2242 1046 2310 blande
1069 2245 1169 2309 otiam
1305 2245 1387 2310 Dixi
1406 2263 1470 2308 non
1490 2244 1611 2308 1188118
1629 2241 1684 2307 hio
1701 2243 1839 2328 praefigi
1856 2252 1986 2327 tempus
2006 2263 2073 2326 quo
2093 2246 2199 2327 coepit

198 2351 253 2395 eos
287 2332 437 2395 hortatus
471 2333 578 2397 fuerat
610 2331 650 2395 ad
684 2331 936 2414 poenitentiam,
969 2338 1001 2394 81
1031 2338 1169 2394 testatae
1221 2331 1379 2396 Ieremias
1411 2329 1506 2411 fungi
1539 2328 1718 2411 prophetae
1751 2329 1858 2394 officio
1891 2330 1926 2393 in
1955 2328 2098 2396 ecclesia
2123 2329 2197 2405 Dei,

199 2415 305 2479 188181
327 2437 362 2480 88
386 2418 452 2480 1818
475 2416 683 2495 exorabilem,
705 2426 737 2480 et
755 2416 943 2498 propitium,
965 2412 1059 2480 modo
1082 2415 1170 2480 sein
1222 2435 1340 2498 nempe
1361 2415 1437 2498 8818
1459 2423 1565 2479 818188
1587 2412 2108 2563 888811181188811881888181,
2130 2425 2198 2480 1818

198 2501 288 2564 1188
328 2503 518 2584 reciperent.
577 2501 739 2582 Quoniam
781 2521 859 2584 argo
896 2499 960 2565 Dei
999 2499 1171 2565 clementia
1222 2501 1338 2585 religio
1369 2501 1484 2565 vitiata
1512 2499 1553 2564 ob
1582 2498 1747 2582 perditum
1781 2498 1901 2564 librum
1947 2502 2027 2583 egis.
2082 2499 2199 2583 Neque

199 2589 400 2668 contemptui
432 2587 518 2669 apud
550 2588 637 2669 ipsos
665 2586 787 2665 suerat,
822 2585 968 2669 oportuit
996 2584 1169 2651 Ieremiam
1222 2587 1310 2652 enim
1335 2585 1412 2651 alibi
1435 2583 1577 2667 petenda
1599 2594 1670 2649 erat
1692 2584 1806 2668 regula
1826 2584 1955 2651 colendi
1977 2584 2059 2662 Dei,
2092 2605 2197 2667 neque

200 2673 290 2754 quasi
322 2672 495 2736 fulminare
524 2672 680 2737 adversus
709 2680 775 2735 tum
803 2669 946 2752 perditos
968 2680 1001 2736 et
1023 2680 1091 2735 tam
1115 2671 1170 2737 de·
1223 2670 1356 2738 aliunde
1378 2670 1478 2735 etiam
1496 2678 1624 2753 poterat
1641 2672 1727 2734 sumi
1744 2676 1834 2736 recta
1855 2670 2077 2755 intelligentia
2099 2690 2197 2753 quam

199 2757 346 2838 ploratae
369 2758 571 2838 pervicaciae
592 2757 751 2822 homines.
780 2757 854 2821 Hoc
871 2756 975 2840 igitur
996 2756 1059 2821 fuit
1080 2777 1171 2838 prae·
1223 2778 1265 2822 ex
1287 2756 1343 2821 illo
1364 2758 1462 2821 fonte.
1507 2753 1619 2835 Quum
1642 2775 1720 2838 ergo
1742 2756 1805 2819 iam
1828 2754 1929 2840 longa
1954 2755 2198 2822 consuetudine

200 2843 330 2924 eipuum
354 2843 388 2905 in
412 2842 561 2907 doctrina
589 2845 675 2918 eine,
705 2851 813 2907 aetum
845 2862 915 2907 esee
945 2842 984 2905 de
1007 2861 1109 2924 regno
1137 2850 1171 2906 et
1222 2843 1375 2925 impietas
1408 2860 1547 2924 regnum
1582 2850 1771 2923 occupasset
1804 2839 1891 2923 apud
1924 2839 2085 2924 Iudaeos,
2119 2850 2199 2907 tunc

201 2926 396 3001 sacerdotio,
428 2930 579 3010 8888188
604 2928 718 2991 181881
748 2927 846 2992 181188
874 2937 906 2990 81
935 2932 1008 2991 tam·
1032 2926 1170 2993 diversis
1223 2935 1358 3010 repente
1380 2927 1511 2991 emersit
1533 2925 1698 2990 Ieremias.
1742 2926 1833 3009 Ergo
1854 2947 1938 2991 8888
1963 2927 2198 3010 gravissimum

202 3011 321 3088 modis,
352 3022 385 3074 et
414 3022 480 3075 tam
509 3013 605 3094 longo
628 3024 774 3095 tempore
798 3021 1059 3094 provocaverant
1087 3013 1169 3076 iram
1223 3014 1412 3096 impositum
1434 3011 1498 3076 luit
1519 3011 1589 3075 eius
1611 3010 1767 3089 humeris,
1792 3011 1869 3092 quia
1890 3012 1963 3078 fiori
1981 3033 2048 3076 non
2071 3020 2199 3095 poterat

202 3095 281 3173 Dei,
311 3106 345 3158 ct
367 3108 560 3178 respuerant
582 3108 710 3162 sanctas
733 3096 972 3162 admonitiones
1001 3116 1171 3162 servorum
1224 3100 1303 3181 quin
1338 3104 1513 3180 surgerent
1545 3117 1586 3160 ex
1621 3094 1759 3162 adverso
1791 3097 1890 3161 multi
1926 3096 2053 3173 188188,
2096 3117 2197 3181 8888

203 3184 281 3244 eius.
325 3180 472 3244 Minatus
503 3189 552 3244 est
582 3184 677 3245 etiam
702 3181 805 3246 Isaiae
832 3202 891 3246 suo
921 3193 1080 3264 tempore:
1115 3182 1172 3246 881
1223 3181 1323 3248 181181
1345 3183 1503 3265 8888188
1525 3179 1682 3246 reducere
1700 3180 1741 3246 ad
1760 3202 1875 3263 puram
1898 3181 1980 3265 legis
2002 3182 2199 3260 doctrinam,

202 3265 353 3330 videmus
372 3285 499 3347 semper
516 3266 707 3348 mitigandis
726 3264 906 3331 terroribus
924 3266 1065 3348 aliquam
1083 3287 1171 3349 spem
1224 3288 1323 3350 8888
1354 3279 1434 3333 1888
1463 3267 1567 3331 88181
1601 3286 1677 3348 8818
1707 3265 1842 3348 8811188
1870 3268 2010 3349 8888118
2040 3266 2197 3333 calcabat.

204 3351 321 3416 veniae
354 3351 452 3416 luisse
486 3349 646 3430 additam,
679 3352 807 3432 quoties
840 3352 988 3435 asperius
1019 3351 1173 3434 loquutus
1224 3354 1330 3417 Vocat
1356 3372 1389 3416 se
1416 3351 1519 3431 filiam
1545 3350 1690 3416 Hellcioe.
1734 3351 1937 3417 Existimant
1963 3351 2084 3418 Iudaei
2112 3351 2199 3417 1888

203 3446 284 3501 8181.
326 3438 371 3501 At
394 3456 494 3518 quum
519 3435 676 3501 abductae
698 3444 808 3501 eeaent
829 3437 864 3500 18
885 3437 1038 3501 exsilium
1063 3437 1174 3502 decem
1225 3458 1296 3503 8888
1318 3435 1475 3503 Helkiam
1505 3436 1705 3501 sacerdotem
1728 3455 1747 3500 a
1768 3456 1831 3519 quo
1854 3446 2004 3519 18881188
2029 3436 2200 3502 181111181-

203 3523 317 3597 tribus,
341 3542 441 3604 8888
461 3521 619 3586 afflictum
641 3531 729 3586 88881
746 3540 888 3605 regnum
904 3521 996 3604 illud,
1015 3532 1173 3587 8118888
1225 3523 1338 3601 Musis,
1361 3522 1583 3604 quinquennio
1607 3528 1689 3604 post.
1728 3519 1796 3586 Sed
1818 3522 1900 3587 mihi
1922 3542 1989 3587 non
2011 3528 2064 3587 cet
2086 3520 2199 3588 verisi-

204 3629 268 3671 non
292 3608 523 3688 resipiscerent
545 3607 673 3681 Iudaei,
702 3605 757 3671 sed
789 3608 894 3691 magis
924 3627 962 3673 ae
984 3609 1089 3691 magis
1116 3607 1173 3672 ob-
1224 3608 1312 3674 mile.
1359 3607 1512 3689 Suspicio
1535 3607 1632 3670 etiam
1655 3607 1782 3671 Hieron
1807 3605 2199 3683 81181181111818881,

205 3691 414 3755 durescerent
453 3691 609 3757 adversus
647 3692 711 3756 Dei
750 3692 889 3771 1818188,
928 3712 1060 3759 8888888
1099 3693 1173 3770 1811,
1225 3694 1464 3776 8818811888
1488 3704 1559 3769 nor,
1591 3711 1687 3774 quam
1716 3629 1814 3774 88811
1843 3691 2197 3775 8881881118181818·

205 3774 475 3858 quemadmodum
499 3777 562 3839 188
582 3776 660 3856 dixi,
682 3778 790 3859 ipsum
809 3778 915 3925 magis
936 3779 1082 3860 81888188
1101 3797 1173 3842 888
1225 3779 1341 3861 81818,
1375 3776 1498 3860 colligit
1530 3777 1632 3842 181888
1665 3797 1817 3858 888188,
1850 3796 1951 3860 8888
1984 3778 2094 3859 coepit
2125 3796 2198 3860 pro·

206 3861 271 3924 illis
301 3882 407 3943 agere.
452 3860 545 3924 Deus
574 3861 760 3943 litigaverat
787 3883 846 3944 per
886 3863 1004 3939 88188,
1035 3863 1174 3928 8181188
1225 3864 1378 3947 phetare:
1412 3862 1505 3945 88881
1535 3883 1611 3927 1818
1643 3881 1708 3926 888
1736 3883 1771 3928 88
1803 3882 1942 3944 888188
1976 3861 2200 3946 metaphorice

203 3946 397 4026 prophetas:
429 3966 487 4028 per
517 3945 690 4009 Ieremiam
720 3958 753 4009 81
781 3966 840 4028 881
865 3947 1072 4012 Ezechielem
1102 3969 1174 4014 rece
1226 3949 1376 4031 appellet.
1420 3946 1530 4027 Quoto
1560 3947 1676 4013 8818118
1703 3966 1781 4012 8888
1814 3967 1901 4012 8888
1930 3956 2068 4014 vocatae
2101 3947 2200 4012 188111

205 4031 331 4112 peregit
351 4029 495 4105 ludaeos,
518 4030 706 4112 8181818111
727 4032 923 4096 sententiam
947 4029 1173 4097 damnationis.
1226 4033 1266 4098 ad
1295 4055 1415 4098 munus
1444 4032 1673 4115 propheticum
1703 4031 1863 4098 nescitur:
1898 4041 2010 4097 tamen
2042 4030 2198 4099 credibile

204 4114 278 4179 Hoc
294 4114 466 4179 discrimen
483 4115 664 4179 notandum
680 4123 729 4179 est
744 4115 830 4179 inter
845 4117 982 4181 formam
998 4115 1174 4194 doctrinae,
1226 4127 1285 4195 881,
1317 4127 1395 4184 1888
1424 4119 1650 4194 fuissentne,
1680 4117 1733 4182 181
1761 4116 1870 4183 88118
1899 4124 2015 4195 aetate,
2041 4118 2198 4201 qnoniam

204 4219 289 4282 quae
310 4198 449 4263 habetur
468 4200 555 4281 apud
575 4201 694 4264 Isaiam
716 4200 850 4281 818881
872 4201 961 4266 1888
982 4201 1173 4286 818818188
1226 4223 1307 4285 8888
1337 4204 1596 4268 18118818111818
1626 4222 1690 4266 888
1713 4202 1860 4285 vulgari:
1891 4200 2010 4267 deiude
2032 4203 2062 4268 ei
2084 4200 2200 4269 inisset

205 4290 366 4350 nostrum.
407 4284 539 4348 Interea
561 4293 682 4366 tamen,
705 4305 746 4348 ne
768 4285 887 4350 mutila
909 4300 996 4351 essct
1018 4286 1174 4371 doctrina,
1226 4308 1317 4371 puer,
1346 4297 1434 4353 certe
1456 4307 1523 4351 non
1546 4288 1703 4354 tacuisset
1732 4286 1886 4353 detento
1912 4306 1950 4352 ac
1975 4296 2046 4352 tam
2075 4286 2200 4371 1881881

204 4370 309 4435 181811
332 4368 423 4432 1)888
448 4368 619 4433 18188188
643 4391 713 4434 8888
736 4388 927 4451 praeconem
951 4373 1075 4453 gratiae
1096 4394 1174 4438 suae
1226 4371 1394 4449 miraculo,
1418 4371 1505 4453 quod
1527 4373 1652 4438 scilicet
1669 4371 1783 4437 fuisset
1799 4381 1927 4439 oreatus
1944 4372 2108 4457 propheta
2123 4380 2201 4438 anto

205 4466 237 4519 et
260 4454 436 4536 promissae
467 4455 500 4515 in
524 4453 656 4518 Christo
685 4453 808 4519 solutis.
853 4455 977 4519 Tamen
1008 4456 1088 4522 haec
1118 4478 1174 4521 ex·
1226 4458 1346 4522 iustam
1370 4464 1404 4520 et
1424 4464 1587 4521 maturam
1609 4463 1759 4523 aetatem.
1804 4456 1977 4538 Quantum
2007 4456 2049 4523 ad
2072 4468 2199 4542 patrem

205 4539 311 4621 ceptio
330 4537 472 4602 1888818
490 4546 548 4613 881,
573 4538 657 4620 8881
678 4538 803 4602 nullam
822 4538 1062 4605 misericordiae
1084 4560 1174 4622 spem
1227 4548 1366 4623 spectat,
1397 4560 1463 4605 non
1488 4543 1607 4607 mirum
1633 4552 1683 4608 est
1709 4544 1737 4608 si
1759 4541 1873 4608 Iudaei
1900 4542 2112 4609 transferunt
2139 4542 2200 4609 hoo

206 4624 376 4699 obtulerit,
417 4624 481 4686 nisi
515 4635 683 4703 88818888
717 4642 840 4705 888888
872 4623 1011 4688 18188881
1042 4644 1174 4690 888188
1227 4645 1349 4690 88888
1371 4623 1411 4687 81
1435 4646 1599 4692 888888
1621 4625 1832 4692 sacerdotem.
1876 4627 2010 4694 Scimus
2030 4630 2137 4707 onim,
2162 4636 2201 4692 ut

205 4710 375 4776 scelerum.
411 4709 576 4771 Tenemus
598 4708 698 4790 igitur
721 4728 810 4772 nuno
831 4707 908 4788 quid
931 4708 1101 4791 praecipue
1124 4711 1177 4775 do·
1227 4730 1356 4791 semper
1378 4709 1547 4791 rapiantur
1568 4710 1609 4776 ad
1630 4734 1706 4778 suas
1727 4713 1843 4777 inanes
1865 4713 2048 4780 iactantiae.
2088 4712 2201 4794 Quum

206 4796 310 4860 cuerit
332 4794 498 4859 18188188.
543 4790 609 4857 Sed
639 4794 748 4857 omnia
775 4790 891 4857 melius
921 4801 954 4856 et
975 4795 1079 4875 magis
1110 4794 1176 4860 dis·
1227 4794 1331 4878 igitur
1353 4795 1486 4860 ambitio
1508 4817 1624 4862 sensus
1647 4817 1759 4862 eorum
1787 4807 1939 4881 occupet,
1969 4799 2047 4863 hine
2078 4799 2201 4864 lactum

206 4882 307 4948 118818
333 4898 529 4963 cognoscere
552 4886 705 4960 poterunt
728 4876 865 4943 lectores
887 4896 929 4942 ex
952 4880 1106 4943 continuo
1129 4887 1176 4943 te·
1228 4889 1279 4944 eet
1300 4886 1337 4941 81
1359 4876 1506 4944 dixerint
1527 4882 1702 4947 Ieremiam
1725 4903 1796 4948 esse
1817 4882 1924 4948 filium
1947 4884 2069 4948 summi
2095 4903 2201 4949 sacer·

206 4987 294 5031 nore.
339 4965 411 5048 Ego
433 4965 531 5029 81188
555 4983 643 5027 8888
672 4983 737 5025 888
766 4972 870 5026 118818
891 4963 926 5025 18
950 4981 1070 5043 genere
1100 4963 1176 5044 quid
1229 4963 1328 5040 dctis,
1363 4984 1480 5046 nempe
1508 4987 1571 5048 888
1601 4966 1799 5049 splendidior
1832 4980 1919 5035 esset
1947 4969 2018 5034 eius
2046 4967 2201 5035 conditio.

208 5050 428 5135 quaerendum
454 5051 496 5113 sit
519 5049 554 5112 in
576 5046 752 5130 prophetis.
797 5045 882 5111 Nam
913 5046 974 5110 hoc
1003 5066 1177 5129 argumen·
1231 5048 1296 5114 Sed
1319 5046 1397 5127 quid
1421 5049 1489 5131 ipse
1512 5050 1690 5134 propheta?
1713 5052 2019 5137 Testaturquidem
2042 5054 2203 5120 sciuisse

207 5151 278 5200 188
300 5136 376 5201 81111
400 5135 512 5201 videor
534 5131 713 5216 expedisse.
755 5130 839 5197 Dico
862 5131 965 5215 igitur
986 5131 1177 5213 simpliciter
1229 5134 1332 5197 filium
1355 5132 1505 5212 Helkioe,
1528 5139 1584 5201 sed
1608 5158 1672 5200 non
1696 5137 1775 5203 dicit
1796 5138 1890 5204 illum
1913 5140 2016 5205 luisse
2037 5158 2202 5205 888888

207 5221 379 5286 18188188
403 5220 632 5286 fuisseaDeo
654 5220 801 5297 missum,
826 5216 1003 5299 utpopulo
1025 5216 1176 5282 ultimam
1230 5216 1447 5283 sacerdotem:
1477 5221 1542 5284 imo
1564 5221 1691 5287 adiicit:
1723 5222 1778 5288 Ea
1799 5224 2014 5292 comdentem
2034 5226 2093 5307 qni
2113 5230 2205 5291 818111
