4784 5970
143 360 163 427 ὅ
1013 359 1162 427 untur
1184 359 1260 426 XL.
2039 302 2046 312 ι
2114 302 2134 434 6

143 550 220 632 qnia
249 570 301 614 res
330 548 469 614 diifioilis
498 556 569 614 erat
596 547 730 627 eruditu,
759 545 898 613 foederis
921 544 1111 612 memoriam
1162 547 1289 612 exitum
1319 545 1440 625 adesse,
1470 548 1579 614 Deum
1611 549 1697 615 nolle
1725 559 1880 634 perpetuo
1912 553 2024 619 vexari
2046 574 2132 632 snos,

142 635 302 719 proponit,
331 655 368 700 ae
390 636 419 700 si
442 632 572 712 diooret,
598 633 670 698 fieri
692 655 757 698 non
781 653 874 716 posse
897 642 933 697 ut
956 642 1110 714 perpetuo
1162 633 1219 696 sed
1259 635 1426 698 aerumnis
1466 634 1598 699 modum
1631 656 1702 700 esse
1733 637 1931 719 impositum.
1987 639 2133 722 'l'empna

145 721 357 787 obliviscatur
385 721 476 786 Deus
509 719 587 802 quid
620 718 699 784 olim
728 718 882 784 Abrahae
914 717 1109 801 promiserit.
1162 737 1239 801 ergo
1279 717 1387 784 exsilii
1423 717 1606 803 babyloniei
1638 723 1742 787 iustae
1776 721 1912 787 militiae
1944 733 2131 806 eomparat:

144 805 337 888 Quanquam
371 826 449 889 ergo
480 808 548 871 suis
578 805 717 887 potestis
746 804 936 870 exeiderant
964 803 1111 886 agretia
1161 823 1227 885 quo
1256 812 1371 869 exaoto
1401 804 1492 870 velut
1521 805 1647 871 emeriti
1669 805 1790 872 milites
1812 806 1945 872 domum
1967 811 2130 876 reversuri
2165 813 2171 825 '

142 891 264 968 Iudaei,
293 911 328 957 se
358 898 465 956 tamen
489 889 680 973 pronuntiat
701 910 812 955 eorum
834 911 905 955 esse
925 888 1049 968 Deum,
1079 897 1111 954 et
1161 889 1236 965 sint,
1260 888 1314 954 ubi
1336 889 1437 955 otium
1459 900 1493 955 et
1513 891 1657 973 quietem
1680 892 1796 958 eolant.
1831 891 2035 975 Iniquitulem
2054 916 2131 962 vero

141 979 229 1060 ipsos
251 975 405 1060 populum
426 974 489 1043 sibi
511 997 580 1041 esse
598 973 802 1058 peonliarem,
824 995 960 1058 quorum
982 981 1110 1039 utrum·
1161 974 1331 1039 remissam
1353 974 1439 1054 dioit,
1462 975 1548 1058 qnod
1565 975 1675 1042 Deum
1693 984 1761 1042 tam
1780 977 1957 1061 propitium
1975 978 2130 1062 habeant,

142 1083 204 1145 que
242 1062 284 1128 ab
320 1062 476 1128 eleotione
516 1059 694 1144 pendebat:
734 1061 810 1143 quis
843 1073 954 1124 tamen
986 1059 1020 1124 in
1053 1058 1110 1125 illa
1160 1060 1216 1140 qni
1248 1080 1375 1125 summo
1407 1061 1479 1126 iure
1507 1063 1596 1144 ipsos
1624 1061 1773 1144 persequi
1802 1063 1894 1128 nolit.
1937 1064 2055 1147 Itaque
2081 1079 2131 1132 est

142 1148 242 1213 etiam
274 1157 372 1231 gente
404 1146 500 1212 multi
529 1154 624 1212 erant
653 1145 795 1229 reprobi,
827 1145 1011 1211 snbindioat
1045 1165 1109 1210 non
1160 1163 1277 1211 eausae
1310 1145 1457 1211 redditio.
1509 1146 1792 1228 Quemadmodum
1826 1149 1913 1214 enim
1946 1150 2065 1217 mediei
2097 1152 2130 1217 in

142 1235 204 1300 nisi
227 1231 268 1298 ad
288 1232 399 1298 fideles
423 1234 551 1316 proprie
573 1231 669 1314 dirigi
691 1231 780 1297 hune
801 1252 999 1296 sermonem:
1034 1229 1110 1312 qnia
1160 1231 1313 1296 onrandis
1335 1232 1457 1298 morbis
1476 1235 1619 1314 primum
1637 1252 1752 1299 oausas
1770 1233 1898 1314 tollunt,
1922 1235 2008 1302 unde
2026 1237 2131 1302 morbi

141 1318 325 1386 inurednlos
353 1321 509 1385 eontinuo
532 1318 689 1400 languore
710 1317 825 1382 uonfiei
846 1335 979 1398 prorsus
1001 1323 1033 1380 et
1055 1313 1109 1379 ab·
1161 1324 1354 1393 naseuntur,
1395 1317 1441 1382 sio
1473 1317 1635 1385 Dominus
1669 1318 1837 1385 nobiseum
1870 1320 1953 1403 agit:
1991 1322 2130 1404 flagella,

141 1405 227 1471 sumi
259 1406 377 1469 tacitus
409 1405 544 1488 patitur.
600 1403 704 1485 Atqui
741 1401 890 1470 fidelibus
921 1400 1109 1486 suggeritur
1160 1398 1274 1482 quibus
1307 1422 1365 1467 nos
1397 1403 1551 1486 castigat,
1589 1425 1630 1469 ex
1660 1407 1801 1486 peeoatis
1833 1406 1952 1471 nostris
1986 1413 2129 1474 manant.

141 1489 376 1555 inaestimabile
414 1490 582 1565 solatium,
623 1487 708 1571 quod
747 1487 873 1553 etiamsi
906 1487 947 1552 ad
981 1497 1109 1568 tempus
1161 1487 1250 1570 Ergo
1273 1497 1309 1552 ut
1331 1498 1500 1569 pereutere
1521 1489 1659 1564 desinat,
1682 1490 1772 1570 prius
1793 1491 1901 1572 ipsum
1923 1491 2017 1556 nobis
2037 1493 2130 1575 igno·

141 1595 286 1640 moerore
315 1587 348 1640 et
378 1574 467 1640 lnotu
496 1587 702 1658 premantur,
736 1573 811 1656 qnia
840 1583 949 1638 tamen
979 1575 1014 1636 in
1040 1573 1108 1636 Deo
1159 1593 1249 1637 soere
1281 1583 1415 1655 oportet.
1459 1573 1602 1656 Ideoque
1628 1576 1728 1640 finem
1754 1595 1932 1657 poenarum
1954 1576 2021 1642 iore
2044 1579 2129 1656 dioit,

141 1672 283 1744 sperant,
312 1661 366 1744 qni
393 1671 488 1744 pater
508 1669 558 1726 est
580 1657 817 1735 oonsolationis,
847 1659 975 1723 sensuri
997 1668 1108 1721 tamen
1160 1659 1236 1740 quie
1264 1657 1469 1740 iniquitatem
1499 1660 1637 1742 emplius
1667 1681 1730 1726 non
1760 1661 1908 1742 imputet.
1953 1662 2022 1727 Alii
2048 1675 2128 1743 rttttt,

141 1747 207 1810 sint
235 1766 295 1811 suo
327 1755 470 1829 tempore
499 1746 657 1829 repositas
686 1745 745 1809 sibi
773 1764 844 1810 osse
865 1744 970 1808 instar
992 1743 1108 1810 ooeulti
1161 1763 1218 1824 pro
1234 1743 1365 1807 miseria
1380 1745 1554 1827 eeoipiunt,
1575 1747 1669 1828 eique
1687 1748 1785 1811 finem
1804 1746 1914 1811 afferri
1929 1747 2127 1831 intelligunt

140 1830 287 1897 thesauri
309 1835 434 1915 gratiae
455 1832 694 1914 promissiones,
724 1850 805 1912 quae
829 1829 960 1894 illorum
983 1829 1108 1894 animos
1160 1826 1226 1908 Qui
1254 1849 1369 1894 sensus
1398 1831 1497 1911 probe
1526 1831 1624 1895 etiam
1654 1831 1825 1908 eonvenit,
1857 1853 1894 1897 ao
1923 1831 1969 1898 sio
1992 1833 2128 1899 eandem

140 1916 335 1982 exhilarent.
369 1918 430 1982 Flet
451 1919 549 1982 etiam
572 1916 691 1981 eximia
709 1915 944 1981 oommendatio
963 1914 1108 1980 muneris
1160 1933 1227 1977 rem
1249 1913 1409 1997 propheta
1428 1916 1612 1981 enuntiabit
1635 1916 1758 1982 duobus
1783 1918 1896 1983 modis.
1928 1917 2020 1983 Idem
2041 1920 2129 1984 enim

140 2002 329 2086 prophetiei‚
358 2002 443 2085 quod
472 2002 542 2085 pios
570 2005 733 2067 sustentet
760 2002 795 2064 in
825 2000 922 2065 rebus
953 1998 1107 2077 adversis,
1159 2009 1209 2063 est
1242 1998 1391 2064 militium
1420 2002 1546 2065 finitam
1575 2022 1662 2080 esse,
1695 2015 1727 2066 et
1759 2003 1899 2068 miseriis
1932 2002 2002 2069 eins
2028 2006 2128 2070 finem

140 2109 180 2153 ne
213 2087 366 2153 defieiant
395 2087 448 2154 rel
476 2087 683 2171 frangantur.
727 2086 850 2151 Contra
881 2085 1032 2151 admonet
1054 2084 1108 2148 hie
1159 2084 1281 2150 afferri.
1337 2085 1529 2151 Tenendum
1571 2096 1682 2152 tamen
1721 2099 1771 2153 est
1810 2087 1890 2152 illud
1924 2089 2128 2171 prineipinm,

139 2173 228 2238 loeus
257 2175 484 2257 gravissimam
515 2194 585 2239 esse
608 2172 672 2237 Dei
700 2172 876 2236 vindiotnm
906 2172 961 2236 ubi
990 2170 1107 2236 desunt
1159 2169 1266 2236 Deum
1299 2168 1340 2234 ab
1373 2170 1543 2254 exigendis
1577 2173 1690 2256 poenis
1722 2193 1861 2248 tessare,
1895 2174 1949 2238 ubi
1982 2174 2128 2254 plaoatus

139 2258 196 2323 fidi
221 2260 387 2339 doctores,
414 2280 456 2324 ex
482 2280 618 2341 quornm
652 2278 707 2323 ore
737 2259 771 2321 in
800 2257 935 2322 eeolesis
963 2255 1026 2320 Dei
1056 2276 1106 2320 re·
1159 2265 1217 2336 est,
1240 2265 1278 2320 nt
1300 2255 1396 2321 venia
1416 2266 1451 2320 et
1472 2267 1677 2338 peecatorum
1700 2258 1846 2323 remissio
1869 2278 1996 2341 semper
2014 2258 2128 2326 ordine

139 2357 231 2410 sonet
252 2344 438 2423 consolatio,
462 2365 544 2426 quae
566 2353 743 2426 prostratos
766 2343 871 2427 erigat
888 2352 922 2407 et
939 2341 1107 2407 exanimes
1158 2341 1329 2424 praecedat
1355 2350 1511 2425 tanquam
1542 2363 1648 2408 eausa.
1693 2342 1891 2425 Quanquam
1917 2343 2036 2411 iudioio
2058 2365 2130 2411 meo

137 2432 272 2497 refioiat.
1158 2427 1294 2493 verbum
1316 2439 1396 2495 nant
1419 2429 1558 2512 priorem
1580 2449 1711 2494 sensnm
1733 2430 1874 2512 flagitat:
1895 2431 1987 2511 qnasi
2010 2429 2132 2497 diaeret

223 2560 253 2624 2·
277 2556 472 2644 (Loquqmqnq
493 2559 536 2624 ad
556 2511 608 2624 ὠν
630 2555 826 2642 Ierusalem.)
870 2556 1032 2639 Pmeoipit
1055 2555 1107 2619 hio
1159 2513 1206 2577 sio
1235 2512 1363 2578 litatum
1384 2534 1456 2579 esse
1478 2513 1558 2612 Dee,
1590 2525 1626 2579 ut
1647 2524 1779 2612 peooata
1804 2515 1976 2598 ignoseens
1998 2528 2032 2580 et
2053 2537 2130 2614 oon·

138 2643 230 2710 Dens
248 2645 351 2708 servis
371 2645 439 2709 suis
456 2644 633 2727 prophetis,
651 2664 688 2708 ao
706 2642 804 2708 dietat
822 2641 898 2724 quid
917 2661 971 2706 eos
990 2641 1106 2706 afferre
1159 2599 1309 2768 {⁰323
1342 2611 1474 2680 pamm
1513 2608 1556 2663 ⁸¹⁸
1598 2598 1704 2664 ¹⁰d¹¹⁰
1743 2620 1817 2665 “um
1852 2600 1969 2683 POPUlO
2002 2621 2061 2666 ⁸1¹⁰
2094 2623 2129 2665 ru

138 2728 693 2896 :ttintruserunt:
709 2724 1108 2876 restitutit:
1161 2707 1434 2918 02,qu
1452 2769 1629 2934 33ng
1638 2769 2130 2921 ,hgggq

139 2901 272 2978 animat,
304 2910 340 2963 ut
368 2898 518 2964 alaeriter
545 2906 578 2963 et
610 2907 743 2963 strenue
771 2896 961 2962 incumbant
989 2897 1023 2961 iu
1047 2896 1108 2961 hoe
1161 2939 1213 3005 hio
1235 2940 1383 3022 populus,
1406 2904 1525 3023 d'uplioi
1548 2875 1653 3023 grati}
1676 2875 1828 3005 ornaffim
1850 2960 1932 3022 me,
1962 2941 2027 3019 affl,
2050 2879 2129 3007 gazis

138 2983 1108 3155 titii?iiiiiitttttttttft.titttttttt
1160 3024 1511 3193 tssssgssffflgffffig
1519 3026 1902 3193 sggiffiqffiegp
1917 3026 2129 3178 3533ng

139 3157 315 3241 prophetae
343 3176 416 3221 eum
443 3155 528 3221 laeto
557 3155 714 3236 suamque
747 3154 807 3219 hoe
830 3155 954 3218 nuntio.
1000 3153 1107 3236 Loqui
1161 3197 1244 3261 tinet
1276 3196 1475 3261 mmm:
1508 3197 1586 3279 quia
1613 3202 1725 3262 tamen
1752 3196 1859 3262 textui
1888 3216 1954 3261 non
1975 3197 2129 3263 oomni,

140 3239 504 3393 ἓέηὶὲἓῖἰαῗὶῗὲὴζξῖῗ
530 3248 898 3402 siimqliililngitrdii?
913 3238 1109 3409 vhilrgiirigii
1161 3280 1374 3364 ”linquenda
1402 3291 1462 3347 ⁰⁸3·
1513 3282 1559 3346 Ei
1589 3282 1780 3381 ΙἈὈΡῘῙΡἙ8111
1813 3280 1897 3346 nihil
1920 3281 2011 3382 ‘alind
2043 3282 2129 3383 ”¹¹9

139 3413 166 3478 si
196 3413 272 3562 guid
303 3412 396 3477 triste
418 3412 600 3477 nuntietur:
631 3410 746 3495 eupide
768 3430 845 3476 vero
874 3410 994 3492 exeipit
1015 3410 1107 3493 quid·
1160 3376 1417 3536 2332&qu
1433 3367 1753 3536 offiffitussni'f'lifflgo
1772 3379 2129 3537 {¹33⁸0hig1i120ffi2rgziyss

140 3498 193 3580 (1¹¹5
238 3497 374 3562 arride&
397 3497 462 3563 5⁸¹⁰
481 3497 718 3580 q1¹2350bvi⁸m
737 3496 885 3562 murrii·
918 3494 990 3560 Iam
1009 3516 1109 3577 quum
1160 3558 1250 3603 mum
1274 3547 1308 3602 et
1330 3538 1410 3603 alios
1433 3538 1530 3604 huius
1542 3537 1830 3620 interpretationis
1856 3543 1985 3603 autores
2006 3539 2128 3603 investi

138 3582 547 3751 ἲὲθῖξξοιῖῗῐῶῗῗυῗζξξ
568 3579 960 3747 fssgzffieilfflg?⁸'qffllg¹l
969 3590 1109 3732 &0³:232
1160 3633 1247 3702 sunt,
1277 3643 1332 3689 eos
1358 3622 1476 3688 vellem
1499 3622 1729 3688 moderatiores
1750 3621 1867 3688 tuisse:
1898 3644 1975 3688 nam
1997 3624 2128 3690 omnino

140 3773 252 3819 omnes
282 3752 412 3819 deleret.
458 3752 528 3820 Sub
560 3752 689 3817 nomine
719 3773 797 3817 vero
820 3751 1036 3832 ierosolymae
1057 3773 1109 3818 eo·

138 3839 269 3905 eiesiam
299 3838 531 3924 syneodoohioe
559 3837 696 3922 intelligi
725 3838 802 3903 satis
824 3844 937 3901 notum
960 3850 1020 3901 est.
1063 3838 1110 3903 Et

141 3925 300 3991 clamandi
338 3924 474 3990 verbum
520 3923 685 4007 signifieat
728 3923 971 4007 promissionem
1011 3923 1109 3989 huius

141 4013 264 4096 gratiae
297 4008 417 4076 alaram
450 4017 482 4075 et
519 4018 665 4093 apertam
698 4008 782 4085 iore,
821 4018 858 4073 ut
891 4022 1041 4091 personet
1074 4009 1109 4072 in

1161 3709 1306 3793 genuina
1328 3719 1391 3774 est:
1422 3729 1487 3774 non
1508 3717 1617 3773 antem
1640 3708 1698 3774 illa
1719 3706 1876 3787 subtilior,
1906 3708 1990 3790 quod
2014 3707 2129 3775 Domi·

1161 3816 1223 3861 nus
1238 3791 1400 3875 duplioem
1415 3794 1553 3878 gratiam
1569 3814 1626 3875 pro
1642 3793 1780 3877 peoeatis
1795 3793 1962 3876 rependat.
1990 3792 2129 3862 Summa

1161 3892 1224 3959 est,
1258 3879 1344 3944 nolle
1373 3879 1481 3943 Deum
1515 3878 1652 3945 maiores
1678 3889 1737 3944 ant
1763 3877 1980 3945 diuturniores
2009 3901 2129 3962 poenas

1162 3966 1201 4031 de
1231 3964 1347 4048 populo
1376 3984 1437 4029 suo
1465 3985 1609 4030 sumere:
1642 3966 1718 4048 quia
1747 3985 1805 4047 pro
1836 3973 1973 4046 paterna
2004 3986 2064 4031 sua
2085 3967 2137 4030 in·

1162 4051 1330 4134 dulgentia
1368 4048 1430 4115 sibi
1467 4050 1702 4132 quodammodo
1742 4047 1913 4133 displiceat
1949 4049 1984 4114 in
2017 4052 2135 4135 rigore.

141 4096 273 4266 titt:
292 4092 1110 4260 „resistentitesobturet:
1161 4135 1352 4288 tuti:
1371 4135 2136 4304 illustratus:“truta

141 4267 294 4351 ambigua
315 4275 400 4333 esset
421 4265 501 4330 fides
523 4263 620 4329 buius
642 4265 871 4331 consolationis
893 4263 946 4329 vel
969 4265 1108 4330 infirma.
1163 4305 1315 4390 aequales
1348 4306 1447 4372 fuisse
1480 4306 1617 4373 defletis·
1662 4305 1873 4372 Exmmd,
1894 4305 1981 4370 enim
2004 4305 2135 4373 illorum

141 4351 237 4451 Nm
269 4352 353 4452 ‘¹⁰⁰4
383 4351 483 4452 lib⁰f⁶
513 4349 723 4434 pwmfflgant
751 4363 784 4416 ⁰t
811 4349 903 4433 qumi
926 4350 1023 4434 pl⁰n⁰
1045 4372 1110 4431 Μ’
1161 4391 1365 4475 blasphemia
1386 4400 1446 4470 est,
1477 4393 1533 4475 qui
1554 4392 1663 4458 Deum
1685 4401 1837 4457 aeonsant
1857 4392 2011 4457 saevitiae
2043 4394 2135 4475 quasi

141 4458 249 4502 m¹¹¹¹¹⁸
272 4437 483 4502 dnb¹¹at¹⁰⁰¹⁸
504 4435 612 4500 haba·
1162 4481 1259 4544 nimis
1299 4486 1427 4543 atrooes
1465 4497 1586 4561 poenas
1627 4477 1808 4542 hominibus
1846 4477 1984 4560 infligat.
2012 4443 2134 4559 ’Quae

226 4562 334 4649 (Quod
376 4564 502 4647 impieta
539 4563 604 4648 sit.)
664 4564 728 4628 Hie
773 4573 823 4630 est
866 4564 921 4629 ille
959 4565 1110 4648 optabilis
1162 4566 1247 4630 enim
1282 4573 1334 4628 sat
1366 4563 1476 4647 gravis
1508 4583 1614 4645 poene
1643 4562 1693 4628 vel
1722 4562 1856 4628 minimo
1879 4572 2007 4645 peeeeto
2030 4565 2132 4650 infligi

141 4652 292 4733 nuntius,
323 4649 407 4734 qnod
431 4650 592 4715 Dominus
613 4652 713 4715 finem
735 4650 852 4716 afferre
873 4652 955 4716 velit
976 4651 1110 4716 militiae
1162 4648 1294 4734 posset?
1339 4648 1412 4715 Hos
1434 4648 1537 4732 igitur
1562 4648 1604 4714 ad
1626 4647 1880 4714 miserioordiam
1903 4647 1967 4713 Dei
1989 4650 2132 4714 reteren-

140 4737 251 4821 popnli
284 4737 344 4801 sui.
386 4749 417 4803 ’2
449 4736 570 4818 aeeipio
603 4735 795 4820 expositive.
844 4750 932 4804 ἤτω
961 4737 1109 4803 nonnulli
1162 4737 1240 4801 dum
1272 4743 1338 4813 est,
1372 4735 1427 4816 qni
1457 4733 1562 4817 plagis
1588 4733 1720 4799 modum
1743 4735 1913 4816 imponens
1935 4743 2075 4799 testatur
2097 4754 2133 4799 se

142 4844 200 4907 pro
222 4832 367 4904 tempore
389 4822 578 4904 simplieiter
607 4822 778 4902 uooipiunt.
824 4819 910 4887 Sunt
932 4823 1030 4887 etiam
1054 4823 1110 4907 qui
1162 4822 1270 4903 plures
1303 4828 1361 4885 ant
1394 4821 1531 4884 maiores
1559 4840 1687 4885 sumere
1715 4819 1815 4898 nolle,
1849 4821 1939 4901 qnasi
1969 4820 2132 4900 prioribus

141 4917 258 4993 putent
290 4907 395 4972 notari
428 4906 625 4972 visitationis
655 4915 800 4990 tempus,
832 4908 889 4972 sed
922 4929 1108 4990 perperam:
1162 4906 1260 4972 fuerit
1304 4903 1432 4971 abunde
1475 4905 1693 4985 satisiaotum,
1736 4925 1835 4987 quum
1875 4914 1984 4968 tamen
2027 4904 2131 4971 multo

141 4998 217 5079 quia
233 4993 394 5059 Hebraeis
416 4992 545 5075 proprie
566 4992 730 5076 signifieat
752 4994 934 5075 praefixum
956 5002 988 5058 et
1011 4993 1109 5059 desti·
1161 4991 1363 5075 gravioribus
1393 4989 1530 5074 populus
1559 4991 1613 5056 ille
1636 4991 1754 5075 dignus
1776 5000 1869 5055 esset.
1912 4989 2021 5056 Patris
2041 4993 2130 5057 enim

140 5090 254 5146 natum
288 5079 451 5163 legitimae
484 5096 601 5160 operae
633 5087 692 5143 aut
723 5077 824 5143 labori
855 5089 992 5160 tempus.
1044 5079 1109 5145 Hio
1161 5097 1338 5161 personam
1355 5077 1493 5142 sustinet
1516 5075 1606 5142 Deus
1629 5079 1684 5159 qui
1705 5076 1783 5142 filiis
1805 5073 2042 5159 condolescens,
2066 5099 2130 5143 non
2237 5157 2239 5163 A

51 5240 55 5249 Ι
141 5175 250 5231 autem
272 5164 386 5248 proonl
408 5161 505 5229 dnbio
527 5162 715 5247 metaphora
738 5163 833 5228 dueta
851 5172 901 5228 est
917 5183 937 5226 a
955 5163 1109 5230 missione
1161 5165 1224 5229 nisi
1242 5163 1366 5230 invitus
1384 5162 1425 5226 ad
1443 5162 1652 5228 severitatem
1671 5162 1823 5239 trahitur,
1841 5159 1975 5242 ideoque
1992 5160 2130 5228 libenter

140 5250 298 5317 militum:
333 5250 410 5332 quia
442 5248 603 5333 signifieat
632 5248 854 5315 molestiarum
881 5250 983 5315 finem
1011 5260 1108 5335 atque
1161 5250 1201 5316 ad
1227 5248 1368 5314 dandam
1391 5249 1520 5314 veniam
1544 5249 1689 5312 animum
1712 5247 1858 5314 refleetit.

1892 5347 1923 5399 1·
