4784 5970
198 348 265 412 619
999 338 1384 407 PRAELDO'PIONES
2136 336 2207 401 620

198 535 250 599 vel
284 554 412 600 necesse
445 546 494 596 est
527 532 682 597 iudicium
716 530 786 596 eius
820 551 839 593 a
867 531 959 595 nobis
990 529 1163 612 praeverti.
1217 549 1351 593 consum
1378 530 1430 594 tin.
1475 528 1543 594 Alii
1564 539 1674 596 autem
1697 529 1861 611 accipiunt
1882 528 1945 596 nb)
1970 546 2031 610 pro
2056 527 2144 591 fine:
2170 533 2205 588 et

197 620 289 699 Quae
319 631 427 684 autem
460 618 523 682 ista
556 618 618 681 erit
649 616 753 681 ratio?
788 636 903 698 nempe
937 626 973 680 ιιι
1003 613 1165 681 discamus
1217 635 1332 679 sensns
1354 551 1407 679 ιιι
1436 616 1553 682 melius
1581 614 1732 699 quadrat.
1776 613 1861 678 Nam
1891 614 1952 681 hoc
1976 631 2079 678 versu
2102 610 2203 675 Deus

196 706 281 770 ferre
303 706 339 768 in
362 725 420 768 uos
442 704 652 779 sententiam,
687 702 856 785 displicere
886 701 979 765 nobis
1002 701 1036 764 in
1059 700 1163 764 malis.
1216 719 1329 766 severe
1351 701 1496 765 minatur
1517 699 1647 768 Iudaeis
1664 700 1846 765 interitum.
1880 698 1948 765 Neo
1970 699 2085 764 obstat
2105 696 2202 778 quod

196 790 258 856 Ubi
289 791 391 874 igitur
420 789 494 853 talis
522 789 584 852 erit
611 788 789 862 conversio,
820 788 885 851 iam
917 786 1074 869 propitius
1103 787 1164 851 erit
1217 784 1294 851 alibi
1311 785 1441 865 dicitur,
1463 808 1529 851 non
1552 788 1620 853 fore
1638 786 1766 868 plenam
1784 785 2088 935 consumptionem:
2114 783 2201 848 satis

195 875 299 941 Deus:
324 889 357 940 et
379 877 424 940 ita
447 896 511 940 non
533 883 647 957 parcet
668 871 845 940 sceleribus
867 873 987 937 nostris
1009 873 1101 955 quasi
1125 890 1163 936 ea
1216 872 1303 936 enim
1326 881 1414 954 patet
1436 872 1610 955 prophetas
1632 893 1699 937 non
1721 891 1849 953 sempor
1875 891 1913 936 eo
1936 890 1988 934 em
2019 868 2122 933 modo
2155 868 2200 934 lo

194 962 355 1043 probaret,
378 962 469 1041 quasi
492 960 588 1024 etiam
608 982 671 1023 non
689 962 857 1024 e‘xeroeret
877 959 1016 1024 officium
1038 957 1161 1022 iudicis.
1216 958 1280 1038 qui.
1324 957 1408 1022 Nam
1434 957 1487 1023 ubi
1509 958 1682 1023 vindictam
1707 957 1902 1023 denuntient
1927 955 2086 1038 reprobis,
2113 953 2200 1018 nihil

194 1046 270 1123 Sed,
293 1046 562 1129 quemadmodum
586 1047 648 1109 iam
667 1045 744 1123 dixi,
768 1046 846 1109 haec
865 1044 1010 1109 doctrina
1032 1044 1162 1126 proprie
1214 1045 1284 1124 spei
1306 1043 1505 1125 relinquunt,
1535 1055 1631 1126 utque
1660 1045 1707 1108 ita
1735 1062 1831 1123 saepe
1859 1043 1998 1108 occurrit
2030 1040 2117 1106 haec
2149 1040 2200 1104 lo·

194 1133 344 1216 dirigitur
367 1132 405 1195 ad
425 1154 488 1210 eos,
512 1132 567 1213 qui
591 1132 643 1196 vel
665 1130 838 1213 praefracti
859 1141 945 1209 sunt,
970 1127 1021 1193 vel
1044 1129 1161 1210 quibus
1214 1130 1336 1210 quatio.
1382 1129 1673 1212 consumptionem
1702 1128 1835 1194 faciam:
1865 1126 1921 1192 sed
1950 1124 2009 1192 ubi
2041 1125 2199 1210 dirigunt

194 1218 296 1283 Satan
319 1218 449 1282 induxit
472 1231 635 1298 torporem
659 1227 692 1280 et
713 1216 922 1293 oblivionem,
956 1227 1080 1279 utnon
1105 1236 1160 1278 vo·
1214 1235 1398 1279 sermonem
1422 1215 1462 1279 ad
1485 1214 1596 1280 fideles
1637 1224 1823 1296 temperant
1844 1214 1984 1297 rigorem
2007 1211 2110 1276 illum
2135 1211 2199 1278 hac

193 1314 268 1375 cent
302 1325 336 1368 se
370 1304 410 1367 ad
444 1305 603 1366 rationem
635 1301 843 1366 reddendam.
898 1301 1049 1382 Denique
1081 1300 1161 1365 haec
1214 1301 1420 1378 correctione,
1441 1300 1528 1382 quod
1549 1263 1672 1366 scilicet
1693 1298 1785 1364 Deus
1814 1319 1878 1363 non
1900 1298 1995 1364 faciet
2016 1318 2200 1383 consump

193 1389 338 1453 doctrina
360 1390 413 1452 vel
437 1387 675 1453 inexcusabiles
698 1386 803 1452 reddit
824 1387 953 1469 impios,
977 1388 1004 1451 si
1024 1395 1162 1469 pergant
1215 1386 1345 1450 tionem.
1388 1387 1460 1470 Ego
1481 1387 1588 1471 itaque
1609 1386 1751 1452 libenter
1772 1405 1884 1450 eorum
1907 1385 2096 1449 sententiae
2120 1385 2198 1449 sub·

192 1475 226 1537 in
246 1495 303 1538 sua
327 1476 552 1550 obstinatione,
576 1473 629 1537 vel
652 1473 747 1538 debet
768 1472 1017 1556 expergefacere
1036 1492 1089 1536 eos
1106 1473 1160 1554 qui
1214 1469 1328 1550 scribo,
1358 1473 1413 1556 qni
1437 1471 1489 1537 hio
1516 1472 1795 1555 consumptionem
1826 1470 1989 1552 accipiunt
2017 1489 2079 1551 pro
2111 1470 2198 1535 fine:

192 1574 268 1624 sunt
291 1561 463 1638 sanabiles,
493 1574 528 1623 ut
550 1579 585 1623 se
607 1560 695 1641 ipsos
716 1557 871 1632 iudicent,
902 1579 1006 1640 neque
1028 1578 1160 1641 exspec·
1213 1565 1248 1622 et
1275 1540 1334 1626 bl:
1362 1558 1460 1621 etiam
1493 1557 1655 1641 significat
1687 1557 1793 1621 finire.
1845 1555 1972 1622 Sensus
2004 1576 2088 1639 ergo
2127 1557 2198 1635 erit,

191 1658 262 1709 tent
284 1649 386 1710 donec
409 1646 570 1709 Dominus
592 1645 748 1710 extendat
769 1665 902 1710 manum
925 1663 1017 1708 suam
1041 1644 1080 1708 ad
1104 1664 1161 1708 ex·
1213 1642 1344 1708 Dirces
1371 1641 1488 1725 urbem,
1521 1648 1550 1708 et
1578 1641 1686 1710 atellae
1712 1644 1756 1709 ee
1781 1641 1866 1722 ficte,
1899 1641 1960 1708 hoc
1989 1647 2051 1715 est,
2088 1640 2198 1706 delete

191 1731 327 1812 igendas
350 1730 480 1795 ultimas
502 1750 631 1812 poenas.
1213 1749 1285 1794 eam
1312 1749 1455 1812 prorsus.
1499 1728 1584 1793 Nam
1615 1731 1767 1794 continuo
1798 1737 1869 1809 post
1896 1728 2046 1810 sequitur
2077 1726 2198 1792 ecdem

1213 1834 1320 1894 sensu,
1350 1815 1459 1879 Tollite
1482 1816 1675 1898 propapiaee
1703 1815 1779 1895 eius,
1809 1813 1862 1878 vel
1888 1833 1996 1877 ramos
2028 1812 2114 1891 eius,
2146 1813 2198 1877 rol

279 1901 328 1965 10.
358 1901 522 1966 Ascecdt'le
548 1920 653 1964 maros
675 1900 751 1983 eiua,
781 1900 946 1966 atribuite
975 1899 1041 1984 (vel
1065 1899 1160 1965 dissi·
1213 1901 1327 1966 dentes
1343 1920 1520 1979 murorum,
1543 1912 1580 1964 ut
1595 1900 1650 1964 alii
1667 1909 1812 1967 vertunt:
1835 1918 1896 1983 ego
1912 1908 2022 1965 tamen
2038 1898 2198 1964 existimo

190 1986 288 2070 pate),
306 1993 334 2051 et
350 1986 609 2068 emaumptiocem
626 2006 664 2049 ce
679 1987 815 2067 feceritis
832 1985 899 2071 (vel
914 1987 1022 2069 potius
1041 1985 1159 2066 finem),
1213 1986 1405 2068 prophetam
1429 1986 1481 2052 hic
1510 1986 1671 2068 respicere
1700 1985 1742 2051 ad
1770 2005 1939 2050 murorum
1966 1983 2195 2064 latitudinem,

189 2074 308 2154 auferte
332 2075 527 2154 propaplnee
549 2074 615 2136 elas
643 2071 708 2157 (vel
730 2092 846 2150 minos,
877 2073 928 2137 vel
951 2071 1066 2136 dentes
1088 2093 1160 2135 mu·
1212 2093 1295 2154 quae
1328 2077 1378 2138 est
1409 2071 1445 2135 in
1477 2072 1558 2154 ipsis
1585 2071 1818 2137 fundamentis.
1862 2069 1994 2136 Scimus
2023 2069 2119 2134 enim
2149 2072 2195 2135 sic

191 2179 311 2240 rorum,
342 2175 377 2222 ut
400 2158 454 2222 alii
479 2167 626 2222 vertunt:
662 2167 718 2222 aut
740 2157 879 2242 pinnas),
908 2159 985 2239 quic
1006 2176 1068 2221 aaa
1089 2162 1160 2223 eunt
1212 2157 1337 2222 exstrui
1360 2178 1478 2230 muros,
1508 2168 1545 2222 ιιι
1567 2155 1816 2223 fundamentum
1839 2156 1936 2220 latius
1958 2161 2091 2237 pateat:
2116 2176 2194 2220 nam

190 2243 335 2309 Iebouoe.
1212 2263 1279 2306 vox
1301 2263 1365 2325 qua
1387 2243 1492 2306 utitur
1512 2243 1673 2325 propheta
1690 2243 1855 2328 significat
1875 2242 2084 2324 propagines,
2110 2261 2193 2323 qnae

1212 2328 1308 2412 longe
1331 2333 1409 2391 sunt
1431 2327 1578 2394 diffusae.
1623 2327 1690 2408 Qui
1714 2333 1848 2394 vertunt
1875 2328 1992 2409 pinnas
2015 2347 2192 2392 murorum

275 2414 340 2480 Hic
355 2413 446 2479 Deus
465 2435 522 2496 per
540 2436 575 2478 os
591 2412 768 2496 prophetae
783 2412 835 2478 sui
850 2413 1024 2496 compellat
1042 2415 1161 2495 hostes,
1214 2434 1277 2477 non
1302 2413 1456 2479 videntur
1476 2413 1557 2479 satis
1578 2415 1706 2497 assequi
1734 2414 1912 2497 prophetae
1932 2423 2096 2490 mentem,
2117 2413 2193 2494 quia

193 2499 309 2582 quibus
332 2501 380 2565 uti
402 2507 562 2563 statuerat
584 2498 743 2564 vindictae
769 2518 846 2564 suas
874 2498 1043 2565 ministris.
1088 2501 1161 2567 Hoc
1213 2520 1278 2564 non
1302 2498 1355 2565 hic
1376 2498 1416 2563 de
1444 2499 1588 2565 culmine
1616 2500 1686 2582 ipsc
1715 2500 1870 2582 loquitur,
1904 2498 1961 2563 sed
1994 2497 2035 2562 de
2071 2497 2192 2562 funda·

191 2598 298 2651 autem
332 2586 500 2668 prophetis
530 2585 688 2649 usitatum
719 2593 777 2662 est,
812 2583 889 2649 dum
912 2585 1027 2650 volunt
1056 2588 1161 2670 magis
1213 2585 1345 2650 mentis:
1376 2585 1468 2666 quasi
1491 2585 1621 2658 diceret,
1648 2585 1816 2651 Funditus
1838 2584 1984 2665 evertite,
2007 2583 2065 2647 vel
2084 2584 2193 2648 delete

191 2672 330 2749 afficere,
362 2671 412 2734 vel
441 2672 547 2735 acrius
571 2691 715 2753 pungere
738 2670 873 2735 animos.
918 2669 1051 2737 Scimus
1073 2673 1160 2736 enim
1213 2692 1324 2736 muros
1345 2670 1445 2736 urbis.
1491 2670 1625 2751 Quare?
1654 2672 1792 2750 subiicit,
1814 2691 1875 2736 aon
1896 2689 1960 2735 esse
1982 2669 2059 2735 Dei.
2103 2669 2191 2734 Nam

190 2770 312 2840 quanta
335 2758 377 2821 sit
396 2757 564 2821 hominum
587 2756 739 2833 socordia,
763 2755 817 2821 nbi
836 2753 929 2821 Deus
947 2756 987 2822 ed
1007 2756 1160 2823 iudicium
1212 2755 1326 2822 Iudaei
1348 2755 1524 2840 turgebant
1546 2758 1608 2822 hao
1633 2758 1723 2823 inani
1753 2757 1881 2839 fiducia,
1910 2753 1996 2838 quod
2026 2754 2193 2838 putabant

189 2864 243 2907 ens
266 2844 353 2908 citat.
399 2841 510 2923 Quum
540 2864 617 2925 ergo
640 2841 766 2907 videret
794 2841 952 2907 Ieremias
981 2864 1094 2925 parum
1125 2866 1159 2909 se
1212 2864 1247 2907 se
1273 2842 1375 2908 latere
1404 2842 1465 2908 sub
1495 2844 1557 2908 Dei
1590 2843 1766 2925 praesidio:
1800 2841 1968 2927 fingebant
2000 2841 2095 2906 enim
2128 2841 2192 2906 sibi

190 2931 346 3012 proficere
368 2928 508 3011 simplici
533 2928 686 3003 doctrina,
715 2948 794 2992 usus
816 2936 866 2993 est
887 2927 949 2994 hoo
993 2950 1091 2994 enere
1113 2930 1160 2994 lo·
1216 2928 1321 2992 Deum
1344 2947 1414 2993 esse
1436 2927 1603 2995 custodem
1627 2928 1727 3005 urbis,
1757 2929 1833 3010 quia
1853 2928 1919 2993 illic
1941 2937 2013 2991 erat
2034 2935 2191 2992 sanctua-

190 3014 317 3094 quendi.
363 3014 452 3097 Ergo
475 3014 507 3076 in
532 3034 670 3094 persona
687 3012 750 3077 Dei
772 3013 949 3095 alloquitur
967 2950 1160 3098 Shaldaens,
1213 3014 1307 3093 rium,
1329 3014 1396 3079 illic
1419 3025 1489 3081 erat
1511 3014 1621 3079 altare.
1656 3012 1824 3096 Propheta
1840 3014 1943 3098 igitar
1959 3021 2063 3096 negat
2081 3032 2192 3102 maroa

191 3109 224 3161 et
246 3100 335 3161 iubet
357 3118 412 3161 ecs
443 3119 620 3174 accurrere,
644 3104 683 3160 ut
704 3109 894 3181 oppugnent
915 3098 1159 3184 lerosolymam.
1212 3119 1277 3164 esee
1298 3098 1371 3176 Dei,
1395 3099 1447 3164 vel
1468 3099 1541 3182 ipsa
1562 3101 1658 3165 etiam
1682 3099 1897 3165 fundamenta
1917 3119 1988 3164 esse
2011 3097 2089 3163 Dei.
2127 3097 2192 3162 Ne

192 3182 296 3263 Saepe
319 3181 364 3245 ita
393 3183 570 3263 loquuntur
598 3181 785 3263 prophetae.
831 3181 983 3248 Sibilabit
1005 3184 1097 3248 Deus
1119 3187 1159 3250 ad
1212 3205 1276 3266 que
1296 3194 1403 3267 potest
1425 3187 1543 3266 opponi
1566 3186 1651 3268 quod
1674 3183 1750 3251 alibi
1773 3184 1901 3263 dicitnr,
1928 3204 2048 3266 nempe
2070 3182 2191 3248 funda·

189 3266 380 3351 Aegyptios,
413 3269 463 3331 vel
494 3277 588 3332 canet
619 3266 704 3346 tuba,
735 3279 767 3330 et
796 3280 939 3332 accerset
967 3268 1159 3336 Chaldaeos.
1213 3280 1280 3333 tam
1302 3271 1414 3334 urbem
1437 3270 1527 3334 illam
1550 3293 1621 3336 esse
1637 3292 1657 3337 a
1672 3271 1823 3352 Domino,
1837 3271 1914 3353 quia
1930 3270 2021 3335 Deus
2041 3268 2192 3353 elegerat

191 3354 256 3420 Sed
281 3355 360 3418 haec
383 3355 488 3436 figura
509 3354 668 3418 efficacior
698 3362 748 3416 ιιι
777 3351 817 3416 ad
847 3353 1066 3434 penetrandos
1094 3356 1161 3419 ani·
1212 3353 1342 3437 quidem
1365 3353 1432 3420 illic
1454 3355 1516 3420 sibi
1539 3355 1738 3423 domicilium
1757 3366 1790 3421 ct
1808 3357 1927 3432 sedem,
1949 3354 2007 3420 sed
2029 3354 2095 3420 hae
2118 3354 2191 3438 lege

190 3461 274 3519 mos,
312 3439 364 3503 ubi
403 3439 561 3520 propheta
594 3437 747 3503 mandato
783 3437 847 3503 Dei
885 3442 976 3521 quasi
1014 3440 1160 3507 coelestis
1213 3449 1251 3504 ut
1282 3460 1363 3522 pure
1395 3440 1556 3507 coleretur
1585 3464 1604 3506 a
1631 3443 1760 3525 populo.
1817 3440 1927 3522 Quum
1957 3451 2071 3506 autem
2102 3440 2192 3506 iacta

188 3547 304 3609 praeco
328 3525 436 3588 hostes
459 3527 546 3606 ipsos
563 3529 726 3601 convocat,
750 3531 783 3589 et
798 3526 954 3607 praecipit
970 3525 1047 3607 quid
1063 3547 1160 3611 agere
1212 3537 1297 3591 esset
1330 3525 1529 3610 lerosolyma
1561 3530 1718 3610 spelunca
1749 3527 1930 3605 latronum,
1968 3526 2063 3592 Deus
2095 3526 2191 3593 illinc

189 3612 337 3688 debeant,
360 3631 476 3691 nempe
498 3621 535 3673 ut
558 3609 750 3675 exscindant
772 3621 873 3676 totam
890 3609 1012 3676 urbem.
1046 3612 1160 3677 Primo
1212 3612 1368 3688 discessit,
1399 3612 1671 3695 quemadmodum
1695 3613 1814 3679 dicitur
1835 3612 2016 3678 Ezechielis
2042 3613 2093 3677 14.
2118 3632 2191 3696 cap.

189 3696 274 3774 dicit,
298 3696 461 3759 Ascendite
482 3716 589 3759 muros
615 3698 697 3761 eires:
726 3695 843 3778 quibus
865 3696 973 3762 verbis
996 3697 1161 3782 significat
1212 3699 1276 3764 Hic
1295 3718 1373 3781 ergo
1390 3700 1551 3781 propheta
1568 3701 1684 3766 refellit
1703 3699 1836 3765 stultam
1855 3698 2102 3778 confidentiam,
2127 3720 2193 3782 qua

188 3782 309 3846 frustra
331 3782 463 3864 gloriari
483 3782 622 3845 Iudaeos
644 3783 677 3845 in
696 3781 866 3847 altitudine
885 3803 1060 3862 murorum,
1083 3787 1161 3866 quia
1212 3805 1246 3848 se
1287 3784 1441 3849 fallebant
1477 3785 1607 3865 Iudaei,
1645 3806 1745 3869 quum
1783 3796 1938 3867 putarent
1974 3784 2088 3850 Deum
2129 3785 2192 3851 sibi

189 3868 279 3932 Deus
302 3868 428 3932 attollet
450 3867 569 3944 hostes,
593 3869 639 3930 ita
661 3877 784 3931 utnon
803 3869 846 3932 ιιι
865 3867 929 3933 illis
948 3868 1088 3934 difficilis
1110 3872 1159 3934 in·
1211 3868 1446 3951 quodammodo
1483 3870 1674 3937 obstrictum
1711 3891 1798 3949 esse,
1836 3892 1876 3934 ne
1912 3890 2060 3952 unquam
2099 3871 2192 3937 urbis

190 3973 332 4034 gressus.
384 3952 567 4035 Sperabant
597 3954 683 4015 euim
716 3962 803 4018 tutos
831 3973 867 4017 se
896 3955 973 4033 fore,
1007 3957 1160 4036 quoniam
1212 3955 1391 4020 custodiam
1415 3955 1595 4019 desereret:
1618 3965 1717 4041 negat
1738 3977 1849 4021 muros
1867 3965 1900 4020 et
1916 3956 2052 4021 illorum
2071 3957 2191 4022 funda·

189 4039 269 4101 urbs
297 4038 378 4103 bene
413 4038 542 4103 munita
569 4049 648 4101 erat.
692 4037 783 4102 Dicit
811 4038 913 4122 igitur
940 4060 994 4104 eos
1022 4040 1101 4119 falli,
1128 4052 1160 4106 et
1212 4051 1325 4105 menta
1352 4060 1422 4104 esse
1446 4040 1516 4104 Dei.
1561 4042 1686 4108 Locum
1715 4043 1804 4107 enim
1833 4042 1926 4106 illum
1955 4043 2003 4108 sic
2035 4045 2191 4125 profana·

190 4125 337 4205 coarguit
359 4144 471 4188 eorum
494 4124 678 4198 stultitiam,
701 4122 777 4204 qnia
797 4124 886 4187 muri
912 4145 966 4190 eos
996 4147 1061 4190 non
1091 4148 1161 4209 pro-
1213 4135 1330 4191 verant
1350 4124 1465 4190 Iudaei
1486 4126 1554 4192 suis
1569 4127 1754 4207 sceleribus,
1776 4138 1894 4193 utnon
1909 4135 2019 4211 posset
2043 4130 2080 4194 in
2096 4136 2192 4195 tanto

190 4216 313 4291 tegent.
347 4209 466 4272 Postea
483 4209 583 4288 addit,
606 4208 721 4274 Finem
739 4229 777 4274 ne
791 4209 934 4290 secerite’a
968 4210 1040 4276 Hoc
1058 4233 1160 4276 mem·
1212 4211 1334 4275 foetore
1357 4208 1448 4276 Deus
1471 4211 1628 4279 habitare.
1675 4214 1840 4298 Sequitur,

190 4295 285 4361 brum
310 4294 459 4357 bifariam
481 4296 667 4377 exponitur,
690 4295 768 4376 quia
789 4295 844 4358 alii
863 4295 1025 4378 accipiunt
1047 4298 1082 4361 in
1104 4297 1160 4362 bo-

191 4402 267 4444 nam
308 4388 450 4462 partem,
490 4402 527 4444 ac
561 4380 588 4443 si
623 4381 714 4445 Dens
752 4379 918 4462 mitigaret
956 4382 1160 4447 atrocitatem
1299 4382 1346 4445 11.
1385 4381 1537 4462 Quonam
1565 4386 1817 4467 boasprediendo
1844 4386 2037 4467 transpreesa'
2058 4392 2138 4452 mest
2157 4388 2191 4450 ιιι

191 4488 322 4549 poenae,
345 4463 618 4547 quemadmodum
641 4464 871 4548 aquibusdem
890 4466 992 4549 accipi
1011 4468 1161 4549 proximo
1211 4487 1259 4530 me
1280 4467 1389 4532 ἀιιιιιιι
1410 4467 1522 4548 Israel,
1544 4476 1573 4534 et
1593 4470 1703 4535 dornaa
1725 4468 1876 4554 Iebadob,
1897 4471 1974 4537 dicit
1991 4469 2148 4538 Ieltcealt.

191 4553 297 4635 capite
319 4552 469 4617 vidimus.
518 4551 601 4614 Nam
631 4553 781 4633 quamvis
810 4549 877 4615 illic
905 4550 996 4616 Deus
1026 4561 1162 4617 terreret

191 4638 338 4714 Iudaeos,
363 4647 471 4701 tamen
495 4636 673 4700 seeundum
700 4636 829 4702 eosdem
859 4638 1067 4702 correctionis
1091 4638 1161 4705 vice
1297 4650 1353 4704 Ὶιΰ
1373 4637 1534 4721 significat
1549 4641 1701 4706 fraudare
1713 4650 1745 4706 et
1760 4642 1882 4725 perfide
1894 4661 2000 4726 agere.
2025 4642 2124 4728 Ergo
2139 4643 2188 4709 hic

192 4724 344 4805 addebat,
377 4724 449 4805 Ego
482 4730 591 4785 temen
623 4744 688 4787 non
722 4722 837 4786 faciam
870 4724 1159 4804 consumptionem,
1211 4723 1302 4788 Deus
1325 4723 1463 4789 Iudaeos
1486 4727 2036 4810 condemnatperfidiae,quoniam
2058 4730 2188 4812 abipso

193 4809 254 4875 hoc
277 4821 335 4884 est,
359 4808 480 4890 aliquid
510 4808 655 4871 manebit
684 4807 859 4873 residuum.
904 4807 950 4870 Et
979 4807 1085 4872 solent
1114 4811 1160 4873 ita
1211 4807 1411 4873 defecerant:
1443 4832 1547 4893 neque
1570 4813 1657 4876 enim
1678 4821 1809 4878 tantum
1832 4814 2053 4896 conqueritur,
2077 4815 2187 4897 aliqua

192 4896 279 4976 loqui
302 4895 480 4979 prophetae
511 4893 564 4957 ubi
592 4891 706 4957 docere
728 4893 843 4958 volunt
872 4913 999 4974 semper
1029 4893 1159 4975 aliquod
1211 4894 1246 4956 in
1275 4904 1367 4975 parte
1394 4895 1479 4976 ipsos
1509 4918 1665 4979 peccasse,
1700 4908 1733 4962 et
1765 4901 1811 4963 ita
1844 4922 1877 4964 se
1911 4900 2011 4964 fuisse
2047 4900 2090 4965 ab
2126 4902 2187 4965 illis

192 5003 302 5046 semen
322 4980 392 5046 fore
410 4980 548 5057 salvum,
567 5000 607 5042 ne
627 4988 694 5042 tota
712 4979 845 5044 ecclesia
863 4978 992 5060 penitus
1010 4979 1159 5044 intereat.
1212 4978 1388 5043 offensum:
1418 4980 1475 5045 sed
1498 4984 1680 5065 generalem
1706 4985 1916 5050 defectionem
1946 4987 1979 5049 in
2011 4986 2081 5052 illis
2114 5008 2186 5052 con·

191 5067 246 5131 Ita
267 5068 365 5132 etiam
396 5088 482 5131 nunc
512 5075 680 5146 exponunt
713 5063 811 5127 iidem
838 5065 1043 5147 interpretes,
1074 5086 1110 5129 ac
1133 5066 1159 5128 si
1213 5063 1355 5128 demunt.
1401 5066 1489 5131 Dicit
1518 5088 1595 5152 ergo
1625 5079 1692 5133 tam
1722 5071 1888 5136 Israelitas
1918 5091 2017 5152 quam
2047 5072 2185 5138 Iudaeos

193 5150 314 5218 diceret
337 5153 427 5217 Deus
456 5173 521 5216 non
551 5152 648 5215 talem
679 5149 747 5213 lore
777 5150 903 5214 ruinam
933 5149 1159 5232 lerosolymae,
1212 5150 1311 5213 fuisse
1335 5151 1473 5233 perfidos
1503 5165 1534 5216 et
1564 5165 1735 5234 apostatas.
1780 5156 1909 5222 Scimus
1939 5171 2020 5222 tunc
2044 5158 2186 5225 divisum

193 5239 273 5318 quin
296 5249 462 5320 superstes
484 5246 614 5302 maneat
636 5234 778 5312 ecclesia,
806 5235 956 5317 quoniam
981 5254 1044 5297 non
1069 5237 1162 5299 fieret
1213 5233 1313 5299 fuisse
1347 5238 1502 5318 populum
1531 5241 1565 5302 in
1595 5239 1657 5304 duo
1686 5263 1796 5325 regna.
1846 5243 2046 5326 Quanquam
2079 5259 2187 5312 autem
