4784 5970
1064 378 1114 444 IN
1137 377 1302 447 ISAIAM
2124 374 2189 440 128

1209 573 1284 633 runt
1311 569 1431 653 lipuum
1459 568 1616 667 sculptilis
1641 569 1702 647 sui,
1733 572 1761 632 et
1791 571 1880 666 orant
1900 566 2007 666 Deum
2036 565 2096 648 qui
2124 582 2187 629 non

501 707 688 789 CAPUT
719 708 846 788 xnv.
1098 782 1102 789 .
1134 757 1136 761 =
1209 659 1321 804 {tlt
1346 655 1419 820 e.
1439 655 1655 822 terrm
1674 653 1998 820 ubuum
2014 650 2188 801 m

1210 825 1393 891 nuntiauit?
1418 845 1521 890 aunon
1542 846 1594 908 epo
1617 823 1758 894 Iebena?
1788 828 1816 887 et
1836 843 1898 889 uon
1918 827 1964 888 est
1984 822 2075 887 ultra
2096 819 2187 886 Deus

276 913 305 975 1.
337 910 390 976 Sic
418 911 494 976 dicit
522 911 636 976 Ieltooa
665 910 823 977 Mosellae
849 931 907 976 suo
935 911 1030 995 Opro,
1068 914 1159 977 euius
1207 921 1332 992 practer
1352 931 1409 986 me,
1431 910 1527 976 Deus-
1542 912 1655 992 iustus,
1685 914 1713 973 et
1740 914 1878 974 seruator
1901 928 1963 973 mon
1990 912 2039 973 eet
2060 911 2187 988 praeter

188 997 380 1080 apprehendi
399 998 559 1062 deuuram
581 998 623 1061 ad
647 997 837 1079 subipendas
857 1017 962 1063 ooram
986 1018 1020 1063 eo
1039 1004 1158 1081 pentes:
1210 1018 1265 1061 me.
1310 996 1361 1060 22.
1386 996 1541 1079 Respieite
1561 996 1604 1061 ad
1625 1015 1682 1075 me,
1711 1000 1739 1059 d
1766 994 1848 1061 salui
1868 994 1957 1059 eritis
1981 1012 2089 1057 omues
2107 990 2186 1072 lines

189 1084 294 1165 itaque
315 1081 432 1148 lumbos
452 1102 558 1165 repum
578 1082 757 1163 dissolvam,
787 1084 830 1147 ad
850 1084 1023 1163 aperienda
1052 1102 1159 1148 eoram
1211 1087 1326 1146 terrae:
1350 1082 1427 1164 quia
1447 1101 1500 1163 epo
1522 1079 1621 1161 Deus,
1648 1086 1677 1146 et
1704 1100 1766 1145 non
1786 1084 1831 1145 eet
1850 1078 1999 1160 amplius.
2045 1076 2099 1143 23.
2125 1076 2186 1142 Per

190 1190 223 1234 eo
244 1171 338 1234 ostia:
359 1168 427 1233 ideo
442 1173 554 1248 portae
572 1188 634 1233 non
649 1169 841 1233 claudentur.
881 1168 911 1232 2.
935 1168 1005 1250 Epo
1023 1175 1051 1234 te
1067 1190 1160 1251 prae
1210 1188 1258 1232 me
1278 1168 1398 1232 iuraui:
1425 1185 1580 1250 opressum
1609 1171 1655 1231 est
1675 1185 1713 1230 ec
1733 1185 1785 1230 ore
1803 1184 1870 1229 meo
1896 1166 1933 1229 in
1962 1164 2090 1229 iustitia
2119 1182 2184 1227 uer·

189 1255 304 1332 cedam,
332 1259 360 1317 et
379 1258 518 1318 tortuosa
546 1253 693 1336 diruam,
720 1254 800 1318 ostia
829 1274 927 1319 aenea
956 1254 1158 1338 confrinpam,
1211 1252 1291 1331 bum,
1320 1253 1402 1333 quod
1429 1272 1492 1317 nou
1517 1256 1692 1327 revertetur,
1723 1250 1805 1333 quod
1832 1250 1912 1314 milri
1934 1250 2074 1329 dautem
2100 1268 2184 1313 aneu

189 1343 331 1404 etoeetes
349 1338 467 1421 ferreos
489 1341 704 1403 comminuam.
748 1340 776 1404 3.
799 1338 844 1403 Er
861 1339 940 1404 dabo
960 1339 1017 1404 tibi
1038 1340 1161 1404 tbesau·
1210 1359 1300 1421 penu,
1331 1338 1448 1402 iurabit
1479 1338 1579 1402 omnis
1611 1338 1730 1420 liupua.
1781 1336 1833 1400 24.
1866 1334 1976 1417 Utique
2002 1335 2040 1398 in
2070 1332 2184 1432 lebona

189 1444 241 1489 ros
261 1423 503 1488 tenebrarumet
529 1444 647 1489 arooua
676 1424 879 1490 latebrarum:
907 1431 943 1490 ut
967 1427 1051 1490 scias
1079 1426 1160 1507 quod
1210 1424 1290 1488 mili
1311 1425 1396 1500 dicet,
1419 1423 1559 1488 iustitiae
1586 1429 1614 1487 et
1627 1422 1751 1505 robur:
1779 1422 1823 1487 ad
1849 1441 1919 1486 eum
1932 1439 2045 1507 ,resque
2073 1424 2183 1483 amiel:

188 1531 241 1593 epo
262 1511 324 1573 sim
346 1509 469 1589 Iebooa,
496 1530 608 1575 uocaus
629 1515 656 1574 te
684 1511 805 1575 umniue
834 1516 902 1575 tuo:
929 1531 1043 1592 uerupe,
1071 1511 1161 1576 Deus
1206 1509 1365 1592 pudefient
1394 1513 1497 1573 autem
1525 1527 1629 1573 omues
1656 1509 1712 1590 qui
1736 1511 1905 1589 mouerant
1933 1526 2013 1571 euru.
2064 1504 2117 1571 25.
2144 1502 2184 1569 In

191 1595 306 1659 Israel.
360 1594 391 1657 4.
423 1594 554 1676 Propter
584 1616 707 1660 suuum
739 1616 842 1659 meum
874 1595 966 1661 Iacob
998 1602 1026 1660 et
1058 1595 1161 1660 Israel
1213 1595 1326 1660 Iebooa
1357 1593 1607 1674 instituebantur
1644 1600 1671 1658 et
1702 1591 1921 1675 pleriabuntur
1952 1596 2051 1657 mum
2083 1608 2183 1655 menen

190 1682 316 1745 electum
336 1700 438 1744 meum
458 1680 574 1759 vocabo,
600 1682 739 1762 inquam,
765 1687 792 1745 te
812 1683 936 1747 nomine
957 1686 1024 1746 tuo:
1051 1701 1159 1764 eopnc·
1213 1680 1327 1745 Israel.

189 1764 314 1830 minabo
336 1771 372 1844 te,
399 1766 543 1847 quamuis
564 1786 626 1831 uou
647 1768 768 1832 noueris
788 1786 844 1831 ine.
889 1767 918 1832 5.
943 1767 1013 1850 Epo
1036 1767 1159 1847 Ieboua,

191 1857 219 1917 et
239 1850 348 1916 nudus
365 1856 489 1932 praeter
515 1870 578 1915 me:
604 1872 664 1917 non
686 1858 731 1917 est
753 1857 878 1934 praeter
905 1872 954 1916 me
974 1853 1081 1918 Deus:
1109 1872 1160 1916 ac-
1522 1866 1572 1931 ῙΝ
1595 1866 1745 1935 CAPUT
1767 1865 1876 1932 XLV,

192 1937 280 2002 cinei
295 1941 332 2015 te,
349 1942 499 2017 meumque
517 1956 580 2002 nou
597 1939 720 2003 noveris
735 1958 790 2002 me.
825 1939 854 2002 6.
880 1938 1047 2019 Propterea
1064 1939 1162 2002 scient

193 2022 233 2087 ab
253 2027 324 2086 ortu
344 2021 430 2104 solis,
452 2027 481 2086 et
501 2021 541 2086 ab
561 2042 678 2099 occasu,
708 2024 788 2104 quod
807 2043 871 2087 uon
891 2024 932 2088 sit
954 2027 1082 2105 praeter
1103 2043 1160 2086 me.
1301 2021 1329 2085 1.
1360 2019 1428 2102 (Sia
1448 2020 1524 2084 dicit
1545 2019 1728 2103 Dominus.)
1772 2019 1986 2101 Prosequitur
2008 2038 2182 2103 argumen-

193 2107 261 2191 Epo
284 2107 406 2183 lebera,
436 2111 570 2171 etuemo
585 2113 713 2188 praeter
733 2128 789 2171 me.
835 2109 863 2172 7.
888 2109 1043 2174 Formans
1065 2110 1162 2172 lucem
1215 2115 1284 2170 tum
1311 2105 1396 2188 quod
1427 2115 1565 2170 tractare
1594 2108 1708 2187 eoepit.
1759 2103 1911 2171 Ostendit
1940 2105 2028 2169 enim
2056 2124 2092 2170 se
2121 2124 2183 2168 nen

50 2250 60 2265 ,
193 2199 220 2257 et
248 2213 357 2257 ereans
384 2192 531 2269 tenebras,
559 2193 680 2274 faciem
701 2212 812 2272 paoeru
842 2201 869 2259 et
894 2214 1004 2258 creans
1029 2194 1163 2258 malum.-
1214 2192 1335 2256 lrustra
1371 2191 1593 2256 liberationem
1636 2190 1756 2274 populo
1795 2189 1989 2274 promisisse,
2030 2189 2183 2273 quoniam

193 2277 265 2360 Epo
300 2276 415 2342 Ieltoua
444 2278 564 2359 facimus
596 2279 701 2343 omnia
733 2278 815 2343 laec.
874 2279 905 2342 8.
939 2278 1057 2343 Roratc
1087 2278 1163 2344 coeli
1214 2279 1283 2342 eius
1305 2278 1388 2341 ratio
1410 2276 1495 2358 apud
1518 2278 1625 2358 ipsum
1649 2276 1778 2345 decreta
1799 2278 1931 2340 omnino
1953 2285 1987 2340 et
2007 2275 2184 2341 constitute

192 2384 332 2444 superne,
361 2368 389 2428 et
415 2363 510 2427 nubes
535 2363 650 2427 stillent
678 2364 848 2428 iustitiam:
876 2365 1040 2444 aperiatur
1068 2369 1162 2442 terra,
1215 2372 1274 2427 est.
1318 2362 1403 2426 Nam
1426 2362 1480 2425 ubi
1503 2363 1614 2444 agitur
1635 2361 1675 2425 de
1696 2361 1802 2427 salute
1822 2370 1942 2435 nostra,
1964 2380 2095 2445 semper
2117 2380 2183 2424 mo·

193 2458 221 2514 et
247 2450 432 2536 proveniant
459 2448 549 2513 salus
577 2454 604 2512 et
635 2449 771 2514 iustitia.-
796 2450 940 2531 proferat
970 2469 1024 2513 eas
1056 2449 1161 2513 simul.
1216 2446 1293 2511 dum
1327 2457 1360 2511 et
1394 2449 1551 2512 rationem
1583 2448 1786 2530 inquirimus.
1841 2447 1913 2511 Etsi
1947 2455 2057 2510 autem
2090 2464 2184 2527 smpe

195 2534 263 2617 Epo
286 2533 400 2598 Ieboua
419 2534 521 2599 creavi
542 2554 619 2598 cum.
664 2534 693 2599 9.
718 2533 782 2598 Hei
803 2535 939 2617 litipanti
966 2554 1034 2598 cum
1061 2536 1164 2614 poure
1216 2554 1274 2597 nos
1296 2532 1388 2597 Deus
1409 2554 1583 2615 suspensos
1612 2546 1722 2597 tenere
1752 2532 1887 2607 mavult,
1916 2546 2014 2615 atque
2043 2532 2090 2595 ita
2119 2550 2184 2595 mo·

192 2640 259 2685 suo.
306 2619 399 2684 Testa
420 2619 463 2684 ad
483 2624 577 2684 testas
598 2625 707 2684 terrae.
752 2620 806 2683 An
833 2620 912 2684 dicet
941 2621 1040 2684 lutum
1064 2620 1163 2700 fictori
1216 2619 1293 2683 dum
1317 2639 1413 2701 quem
1435 2618 1468 2682 in
1492 2630 1645 2700 promptu
1675 2617 1773 2682 habet
1804 2617 1895 2681 nobis
1917 2615 2097 2698 abscondit,
2126 2616 2184 2680 boe

192 2726 258 2784 suo,
289 2703 354 2769 Dur
373 2704 477 2785 fuisti
497 2706 570 2769 me?
601 2710 629 2770 et
658 2707 742 2787 operi
768 2726 826 2770 suo
851 2726 912 2769 uon
940 2711 1014 2769 suut
1040 2725 1162 2769 mortus.
1215 2713 1325 2768 temen
1347 2703 1416 2769 loeo
1434 2724 1565 2768 suorum
1587 2702 1734 2787 indulget
1756 2702 1976 2781 imbesillitati‚
1997 2710 2095 2785 atque
2117 2721 2184 2766 me·

195 2792 244 2855 10.
269 2790 331 2855 Hei
352 2792 407 2871 qui
424 2790 500 2854 dicit
515 2792 614 2872 patri,
639 2789 704 2855 Gur
717 2791 877 2871 penuisti?
900 2792 1076 2870 etmulieri,
1098 2790 1164 2855 Gur
1216 2790 1292 2854 dum
1316 2789 1538 2871 declaratque
1556 2789 1644 2871 ipsos
1666 2788 1863 2852 liberaturus
1883 2796 1941 2866 est,
1965 2807 2108 2871 eumque
2129 2806 2185 2851 ne·

188 2876 359 2957 parturis?
412 2877 462 2940 11.
494 2875 547 2941 Sic
576 2877 651 2940 dicit
676 2876 800 2953 Ieboca,
832 2875 965 2942 Sanetus
995 2876 1107 2953 Israel,
1136 2881 1164 2939 et
1216 2876 1317 2940 minat
1338 2877 1430 2940 euius
1454 2894 1552 2938 manu
1573 2876 1662 2956 ipsos
1691 2872 1831 2939 reducet.
1880 2872 1965 2937 Nam
1988 2892 2092 2954 quum
2115 2871 2184 2936 eliis

192 2962 281 3041 fictor
313 2960 395 3023 eius:
427 2962 465 3023 de
495 2962 615 3040 futuris
648 2962 830 3044 interropate
863 2982 927 3026 me:
957 2983 1053 3044 super
1083 2962 1163 3040 filiis
1216 2960 1451 3024 tentationibus
1470 2962 1548 3024 satis
1566 2961 1684 3024 aeriter
1701 2959 1920 3023 examinanda
1937 2971 2023 3023 esset
2040 2958 2184 3040 ipserum

194 3046 287 3121 mue,
327 3050 354 3107 et
384 3065 481 3122 super
514 3066 602 3123 opere
638 3066 789 3110 marinum
821 3067 960 3109 mearum
991 3048 1164 3127 praecipite
1215 3046 1306 3123 fides,
1328 3045 1389 3108 hae
1411 3047 1444 3109 in
1469 3056 1560 3125 parte
1586 3065 1756 3110 oaeurrere
1778 3045 1882 3109 voluit
1911 3042 2119 3126 dubitationi,
2146 3063 2185 3106 ne

195 3130 298 3226 milei..
329 3130 378 3192 12.
409 3128 479 3228 Epo
500 3131 561 3209 teci
590 3136 715 3209 terram,
743 3137 770 3194 et
797 3132 947 3195 bomimm
975 3151 1068 3211 super
1096 3150 1164 3227 eam
1215 3128 1256 3194 ob
1278 3129 1440 3228 difficilem
1463 3131 1685 3195 relevantem
1707 3128 1916 3195 labascerent.
1959 3130 2005 3194 Et
2026 3147 2091 3211 qno
2113 3126 2185 3212 plus

194 3236 328 3397 titt.
344 3234 659 3380 buu...
679 3216 1165 3384 &limitabit
1216 3216 1525 3383 ἰῗζῗῗῖἒᾛὲἒδῖῗ
1544 3216 1769 3384 litt.
1784 3215 2185 3383 “tribulabunt

195 3386 327 3458 iustitia,
360 3390 387 3449 et
416 3405 519 3449 antius
546 3386 617 3449 cias
642 3386 710 3449 eius
738 3386 884 3468 diripam.
929 3385 1004 3467 Ipse
1031 3390 1166 3451 exstruet
1216 3407 1349 3450 manum
1383 3397 1489 3460 tuam,
1527 3395 1624 3468 atque
1656 3398 1771 3468 gentes
1802 3387 1836 3450 in
1870 3396 2064 3468 potestatem
2097 3396 2185 3448 tuam

193 3470 298 3535 urbem
315 3490 425 3549 meam,
443 3475 470 3533 et
486 3471 692 3550 captiuitatem
709 3492 810 3536 meam
826 3471 965 3551 dimittet,
986 3491 1047 3536 non
1063 3472 1165 3551 pretio
1216 3471 1377 3555 redigam:
1407 3472 1454 3536 ita
1475 3485 1511 3536 ut
1538 3472 1596 3535 tibi
1626 3471 1751 3536 aditum
1779 3471 1978 3554 patefacient
2006 3490 2046 3535 ae
2072 3480 2186 3552 sponte

194 3576 248 3622 uec
277 3575 420 3630 munere,
450 3556 525 3619 dicit
553 3554 669 3620 lebona
695 3558 891 3622 euercimum.
938 3556 987 3620 14.
1011 3556 1064 3622 Sic
1091 3557 1166 3622 dicit
1216 3578 1251 3622 se
1274 3556 1404 3622 dedant.
1449 3558 1540 3622 Haee
1563 3558 1650 3621 enim
1674 3558 1774 3623 verba
1797 3557 1901 3640 magis
1918 3556 2067 3621 afficiunt
2088 3574 2185 3637 quam

196 3641 322 3718 Ieltoea,
354 3641 456 3705 Labor
477 3640 617 3723 Aepppti
644 3663 758 3708 uterees
779 3642 963 3725 Aethiopiae
992 3648 1019 3706 et
1041 3643 1165 3723 proceri
1216 3644 1243 3706 ei
1262 3642 1423 3708 Dominus
1441 3643 1595 3725 populum
1614 3663 1710 3707 suum
1730 3643 1956 3724 alloqueretur.
1996 3638 2186 3705 Absurdum

197 3725 314 3790 Sabaei
335 3725 377 3789 ad
398 3731 427 3789 te
455 3726 639 3802 bausibunt
668 3733 696 3792 et
724 3729 772 3792 tui
794 3733 897 3792 erunt:
923 3727 1011 3792 ibunt
1033 3733 1107 3809 post
1127 3731 1164 3804 tc,
1216 3737 1325 3793 tamen
1347 3728 1453 3793 videri
1474 3740 1592 3810 posset,
1622 3728 1707 3810 quod
1731 3727 1912 3792 Meeehiam
1934 3734 2028 3792 voest
2050 3724 2185 3810 Oyrum.

195 3811 231 3875 iu
251 3810 445 3891 compedibus
467 3812 651 3890 transibunt,
677 3819 704 3876 et
725 3812 907 3892 adorabunt,
929 3811 1046 3898 (atque)
1068 3818 1096 3877 te
1117 3813 1164 3877 ob·
1216 3813 1273 3878 Sic
1302 3814 1389 3877 enim
1419 3816 1523 3879 vocati
1553 3824 1631 3878 sunt
1661 3834 1754 3895 reges
1780 3812 1884 3877 Israel
1912 3821 1946 3876 et
1973 3810 2075 3890 Iuda,
2103 3809 2186 3893 quod

197 3896 366 3961 sacrabunt.
419 3895 532 3977 Utique
544 3897 565 3975 ¹)
595 3898 630 3961 in
659 3903 752 3963 least
772 3898 877 3964 Deus:
904 3903 933 3962 et
953 3898 1059 3962 nullus
1080 3897 1165 3961 ultra
1189 3970 1192 3991 Ι
1217 3899 1340 3964 Christi
1368 3916 1537 3980 personam
1568 3899 1783 3963 sustinerant:
1814 3898 1950 3980 ideoque
1978 3897 2112 3980 proprie
2140 3895 2185 3960 lo·

190 3986 317 4064 praeter
348 3981 460 4047 Deum.
524 3981 574 4046 15.
612 3981 688 4046 Vere
720 3989 754 4046 tu
786 3983 875 4047 Deus
911 3982 1098 4048 abscondens
1129 3987 1164 4055 u.
1217 3983 1346 4063 quenda
1373 3985 1489 4049 unicus
1518 3994 1567 4047 eet
1590 3984 1742 4049 Christus
1764 3982 1908 4048 Domini.
1952 3982 2119 4065 Egressus
2140 3990 2188 4046 est

197 4064 287 4130 Deus
317 4066 420 4131 Israel
447 4072 594 4132 servator.
648 4069 698 4132 16.
720 4066 846 4133 Pudore
873 4068 1051 4150 afficientur
1078 4073 1167 4149 atque
1217 4068 1390 4144 Dominus,
1419 4067 2188 4154 inquitHabaaue(3,13),eum0hristosue

197 4153 292 4216 etiam
313 4151 484 4216 erubescent
512 4173 614 4217 omues
642 4154 715 4235 ipsi,
742 4153 837 4216 simul
864 4173 934 4218 cum
954 4154 1077 4236 pudore
1103 4152 1167 4217 abi·
1218 4156 1252 4216 in
1282 4153 1421 4218 salutem
1449 4154 1559 4236 populi
1591 4155 1650 4218 sui.
1701 4154 1786 4219 Nam
1816 4156 1851 4218 in
1880 4172 2018 4236 persons
2050 4152 2187 4217 stidie

197 4236 270 4301 bunt
291 4257 394 4302 omnes
421 4238 623 4319 fabricatores
650 4237 849 4318 sculptilium.
894 4238 1167 4304 17.1sroelser-
1219 4250 1362 4302 ereetum
1386 4240 1490 4303 fuerat
1517 4261 1666 4322 regnum,
1693 4239 1777 4321 quod
1807 4240 1982 4322 imaginem
2004 4236 2133 4304 Ohristi
2155 4247 2187 4302 et

196 4328 288 4388 uatus
315 4328 359 4386 est
387 4323 422 4385 iu
448 4322 564 4388 Iolcoca
592 4322 691 4387 salute
717 4328 856 4387 aduno:
895 4344 957 4388 uon
985 4324 1168 4407 efficiemini
1218 4325 1358 4406 figuram
1382 4326 1671 4405 praeseferebat.
1709 4324 1805 4390 Unde
1827 4336 1860 4389 et
1881 4321 2060 4407 prophetae
2079 4324 2187 4406 ipsum

190 4409 436 4490 pudoremque
456 4407 637 4472 erubescetis
663 4409 816 4490 usquein
837 4408 969 4473 saecula.
1015 4409 1064 4472 18.
1086 4409 1168 4488 Quia
1219 4410 1339 4490 passim
1360 4408 1519 4474 Davidem
1548 4423 1581 4475 et
1599 4412 1703 4475 filium
1725 4408 1863 4474 Davidis
1886 4407 2061 4492 appellant.
2105 4407 2186 4491 Spe-

196 4495 242 4558 sie
263 4495 339 4559 dicit
362 4492 476 4557 Iebooa
496 4512 606 4557 ereans
627 4493 729 4568 coelos,
752 4494 819 4574 ipse
840 4492 929 4558 Deus
948 4494 1036 4573 [ictor
1057 4498 1167 4570 terrae,
1218 4494 1308 4559 eialis
1341 4494 1469 4577 quidem
1502 4496 1564 4559 luit
1595 4497 1722 4578 unetio,
1760 4498 1841 4577 quae
1873 4492 2074 4560 sacerdotale
2107 4492 2185 4557 illud

197 4580 445 4729 tblllblll’
464 4578 1169 4745 tlttt⁶ttt⁰ttttu⁶⁷ttutt
1219 4580 2032 4731 {iltuitritib⁸..1’ttt³2.tt.fbtt⁶tt
2061 4578 2185 4741 dett

192 4755 319 4830 praeter
341 4768 399 4812 mc.
445 4747 493 4812 19.
518 4749 588 4812 Nou
611 4748 645 4810 in
670 4749 845 4814 abscondito
867 4712 1011 4830 loqnulus
1031 4768 1111 4829 sum,
1133 4749 1168 4811 in
1219 4686 1394 4814 abburdum
1425 4751 1529 4816 videri
1560 4688 1671 4834 posedb
1696 4749 1781 4834 quod
1814 4751 1867 4815 hie
1896 4749 2026 4816 ethnieo
2055 4750 2127 4834 regi
2155 4759 2185 4812 et

201 4835 264 4900 loeo
286 4841 386 4900 terrae
407 4832 618 4897 tenebrarum.-
647 4854 707 4896 nou
734 4835 856 4914 trustra
881 4834 952 4897 diui
978 4834 1090 4896 semini
1113 4834 1169 4896 Io·
1218 4834 1304 4898 idola
1336 4834 1453 4900 colenti
1488 4837 1652 4902 tribuitur.
1708 4836 1792 4901 Nam
1826 4837 1886 4900 etsi
1919 4834 2052 4899 edoctus
2084 4843 2135 4899 est
2166 4854 2185 4897 a

197 4919 257 4998 cab,
290 4920 434 5001 Quaerite
455 4938 519 4981 me:
548 4938 601 4999 epo
623 4917 737 4982 Iebooa
766 4918 889 4999 loquens
918 4919 1081 4994 iustitiam,
1110 4938 1167 4981 au-
1192 4922 1194 5045 p
1218 4919 1357 4984 Daniele
1379 4921 1501 5004 Cyrus,
1531 4943 1596 4986 non
1621 4923 1760 5005 legimus
1783 4933 1891 4985 tamen
1921 4923 2029 5003 ipsum
2056 4919 2182 5004 religio·

150 5086 153 5091 Ι
198 5006 347 5069 nuntians
378 5009 470 5068 reeta.
529 5003 580 5066 20.
617 5002 862 5085 Conprepamiui,
899 5005 1004 5079 berrue,
1037 5003 1168 5067 accedite
1220 5026 1295 5067 nem
1319 5019 1471 5072 mutasse.
1518 5009 1623 5072 Deum
1654 5006 1781 5088 quidem
1806 5008 1936 5072 Israelis
1965 5005 2185 5082 reverebatur,

196 5090 301 5169 simul,
332 5088 472 5173 abiecti2)
497 5089 645 5172 pentium.
693 5087 786 5152 Nihil
815 5088 997 5173 iutellipunt‚
1025 5090 1080 5169 qui
1100 5090 1167 5169 effe·
1191 5066 1194 5147 l
1218 5111 1355 5171 eumque
1377 5113 1541 5157 summum
1565 5113 1635 5157 esee
1652 5093 1816 5157 censebat:
1840 5112 1954 5157 verum
1976 5092 2062 5156 serio
2085 5091 2184 5156 animi

1191 5156 1336 5240 laffeetu
1367 5176 1408 5241 ad
1436 5199 1510 5241 eum
1540 5176 1710 5243 colendum
1740 5177 1898 5259 impulsus
1927 5196 1993 5241 non
2026 5185 2093 5241 est:
2127 5197 2185 5241 nee

152 5318 158 5331 .
285 5278 307 5344 ¹)
325 5275 386 5342 Vel,
404 5282 517 5329 mutum.
553 5276 577 5342 ²)
594 5275 656 5340 Vel,
675 5275 779 5327 remoti.
1190 5238 1194 5323 l
1218 5280 1359 5343 unquam
1382 5283 1418 5327 eu
1440 5284 1630 5346 progressus
1659 5275 1709 5327 est
1730 5276 1767 5327 ut
1787 5263 2033 5345 superstitiones
2062 5274 2096 5328 et
2124 5262 2185 5328 im·
