4784 5970
188 351 250 415 347
1065 347 1113 411 IN
1136 345 1301 414 ISAIAM
2121 349 2182 417 348

188 540 347 622 propheta
369 547 526 621 sequutus
552 550 611 603 est.
656 539 801 603 Primum
830 539 915 603 enim
939 537 1077 602 Iudaeos
1105 556 1159 602 co·
1183 548 1188 633 ί
1211 537 1355 619 gentiam
1380 542 1524 603 nostram
1548 537 1722 619 quominus
1743 537 1899 605 ecclesiae
1920 558 2000 605 suae
2019 537 2184 605 Dominus

189 625 282 709 argui
305 646 435 691 necesse
458 625 529 705 luit,
561 634 598 688 ut
626 624 827 706 poenitentia
850 624 927 689 tacti
950 632 982 686 et
1005 622 1159 705 prostrati
1212 643 1306 705 opem
1330 623 1421 688 ferat.

189 709 375 775 desinerent
403 709 608 793 expostulare
630 732 705 775 cum
727 710 815 774 Deo:
845 707 960 773 deinde
983 708 1159 791 mitigatio·
1297 707 1422 794 (Itaque
1450 707 1603 794 cauum)
1646 708 1820 793 Significat
1848 708 1901 774 his
1930 708 2041 775 verbis
2070 708 2183 792 despe-

189 817 263 860 nem
287 817 464 878 poenarum
492 818 564 861 oum
595 796 699 861 salute
728 794 886 878 promitti,
916 815 956 858 ne
983 793 1161 859 abiicerent
1212 793 1350 858 randum
1376 814 1544 872 nauseae,
1568 797 1696 859 tametsi
1720 793 1804 859 nihil
1832 795 1946 860 auxilii
1974 794 2017 859 ab
2046 795 2182 860 bomini·

188 881 324 955 animos,
354 881 410 946 sod
438 881 594 945 auxilium
626 881 809 946 aDomino
837 888 1075 962 exspectarent,
1103 878 1159 960 qui
1212 879 1272 943 bus
1295 882 1427 944 feratur.
1471 878 1602 944 Interea
1631 879 1783 944 omuibus
1810 879 1881 946 aliis
1911 879 2120 947 adminiculis
2151 883 2181 945 in

188 967 356 1032 ecclesiam
380 987 472 1033 suam
496 968 601 1050 perire
625 987 688 1030 non
711 966 793 1031 vult.
829 965 884 1031 Sic
906 965 991 1028 enim
1016 964 1056 1030 ad
1080 973 1160 1028 tem·
1213 963 1350 1029 nihilum
1374 965 1512 1029 redactis
1536 968 1656 1047 primas
1678 979 1711 1029 et
1739 965 1868 1031 ultimas
1889 978 2000 1050 partes
2022 966 2183 1051 gratuitae

124 1118 130 1132 ,
188 1074 249 1135 pus
272 1052 504 1117 animadvertit
524 1053 558 1115 iu
589 1074 665 1117 suos
696 1059 734 1115 ιιι
762 1053 850 1134 ipsos
879 1051 979 1115 deleri
1008 1072 1045 1116 ac
1067 1049 1160 1132 perdi
1214 1050 1275 1114 Dei
1299 1050 1436 1115 bonitati
1458 1060 1492 1115 et
1513 1071 1622 1116 merae
1645 1052 1809 1133 potentiae
1838 1053 1984 1136 assignat
2013 1052 2048 1117 in
2066 1052 2183 1127 ¹„salute

188 1158 254 1202 non
278 1139 372 1203 sinat.
413 1138 606 1220 Quanquam
629 1138 657 1203 si
680 1138 752 1219 quis
774 1137 916 1201 taedium
940 1135 1001 1200 hoc
1022 1133 1083 1199 Dei
1108 1133 1161 1199 vel
1212 1138 1318 1220 gentis
1341 1158 1428 1214 suae,
1450 1149 1546 1217 atque
1568 1136 1647 1201 adeo
1671 1138 1771 1202 totius
1793 1139 1921 1220 generis
1944 1138 2094 1202 humani.
2132 1137 2183 1205 Si·

190 1223 428 1306 displicentiam
463 1225 658 1307 restringere
687 1223 728 1287 ad
756 1223 912 1288 iudicium
942 1222 1044 1297 malit,
1074 1219 1160 1302 quod
1212 1222 1280 1287 cuti
1302 1242 1380 1304 ergo
1403 1222 1507 1285 Deum
1531 1222 1593 1285 sibi
1615 1221 1742 1288 abunde
1766 1223 1915 1289 sulficere
1945 1224 2115 1288 affirmans
2136 1246 2184 1289 sa-

189 1311 363 1374 scelestum
387 1309 542 1391 populum
565 1310 679 1373 merito
701 1309 744 1373 sit
771 1308 987 1384 abominatus,
1018 1329 1085 1370 non
1114 1328 1161 1370 re·
1213 1307 1318 1388 tisque
1353 1306 1460 1372 valida
1492 1308 1639 1391 potentia
1678 1310 1871 1374 instructum
1905 1307 1946 1373 ad
1978 1307 2184 1375 redimendos

189 1414 318 1479 pugno:
355 1395 446 1476 quasi
471 1395 603 1476 diceret,
626 1393 734 1458 Deum
769 1392 854 1458 nihil
886 1394 920 1457 in
953 1391 1072 1476 populo
1106 1390 1161 1455 illo
1214 1391 1360 1468 Iudaeos,
1381 1392 1540 1456 debilibus
1560 1415 1694 1458 manum
1714 1393 1870 1478 porrigit:
1891 1395 1938 1459 ita
1959 1393 2044 1459 nihil
2067 1394 2183 1460 afferre

188 1482 310 1545 vidisse
334 1492 462 1562 praeter
485 1480 550 1544 odii
573 1481 755 1544 materiam.
794 1478 890 1545 Unde
912 1478 1071 1560 sequitur,
1095 1498 1160 1541 non
1214 1476 1360 1543 homines
1383 1498 1476 1561 posse
1499 1478 1609 1544 disens
1632 1479 1665 1542 in
1684 1479 1801 1544 salutis
1818 1499 1896 1545 suae
1913 1480 2096 1545 subsidium
2117 1501 2184 1546 om·

189 1565 254 1630 elia
276 1587 373 1630 causa
394 1566 492 1630 fuisse
515 1565 692 1629 adductum
714 1564 755 1629 ad
782 1585 876 1647 opem
905 1563 1071 1629 ferendam
1100 1563 1161 1626 nisi
1214 1585 1288 1627 nam
1311 1562 1518 1628 altitudinem
1544 1567 1729 1646 prosternit,
1757 1572 1793 1628 ut
1814 1564 1933 1631 fiducia
1953 1586 2088 1648 opernm
2112 1587 2184 1632 suo

190 1653 266 1733 quia
289 1673 341 1716 res
364 1662 456 1715 erant
480 1671 612 1732 prorsus
634 1650 789 1734 perditae.
1214 1671 1286 1712 rum
1309 1650 1467 1714 exinaniti
1489 1649 1529 1713 ad
1554 1650 1660 1714 Deum
1689 1651 1852 1716 accedant
1895 1653 2005 1733 Atque
2027 1650 2090 1717 boo
2112 1673 2184 1734 pro·

277 1738 327 1802 16.
362 1735 491 1821 (Vidit.)
553 1736 644 1801 Idem
685 1744 915 1821 argumentum
954 1732 1162 1818 prosequitur
1214 1734 1331 1817 phetae
1352 1734 1523 1800 consilium
1546 1735 1787 1801 observandum
1809 1747 1876 1801 est:
1905 1758 1965 1803 neo
1995 1740 2084 1801 enim
2108 1738 2184 1803 dum

188 1823 308 1887 Isaias:
338 1821 393 1887 sed
416 1823 522 1905 magis
545 1822 700 1905 exprimit
722 1835 755 1886 et
784 1828 915 1886 enarrat
943 1820 1046 1885 fusius
1074 1820 1162 1901 quod
1214 1820 1388 1902 prophetas
1418 1832 1451 1884 et
1483 1821 1647 1902 apostolos
1680 1823 1828 1905 legimus,
1862 1821 2065 1887 solummodo
2099 1821 2184 1905 quid,

189 1909 334 1973 breviter
357 1909 521 1989 attigerat.
566 1908 701 1972 Poterat
730 1908 817 1971 enim
840 1907 1014 1972 obscurum
1037 1926 1107 1969 esse
1130 1902 1162 1966 id
1214 1906 1270 1971 sed
1293 1926 1387 1988 quem
1410 1905 1444 1969 in
1468 1907 1566 1970 finem
1589 1922 1623 1971 et
1644 1928 1709 1990 quo
1730 1908 1864 1972 consilio
1885 1908 2005 1983 dicant,
2034 1920 2184 1990 spectan-

189 1994 273 2075 quod
304 1993 432 2057 dixerat
461 1993 625 2074 superiore
649 2014 757 2076 versu,
787 1991 990 2076 displicuisse
1019 1990 1163 2055 Domino
1215 1991 1292 2056 dum
1315 2000 1374 2056 est.
1419 1990 1484 2057 Hic
1502 1993 1602 2076 igitur
1620 1994 1824 2075 potissimum
1843 1991 2013 2058 attendere
2031 1992 2184 2059 debemus

189 2079 273 2162 quod
298 2079 424 2143 nullum
448 2091 532 2143 esset
553 2079 721 2144 iudicium.
765 2079 899 2159 Repetit
922 2078 983 2142 boo
1004 2077 1072 2141 loco
1094 2075 1161 2139 Do·
1215 2076 1385 2143 consilium
1405 2076 1590 2159 prophetae,
1612 2080 1692 2143 satis
1709 2080 1743 2142 in
1763 2098 1827 2143 uno
1843 2078 1915 2143 Deo
1929 2077 1971 2143 sd
1986 2077 2185 2160 implendam

189 2165 317 2229 minum
349 2162 469 2229 vidisse
497 2164 583 2246 quod
619 2185 713 2228 nemo
743 2175 828 2229 esset
857 2164 913 2246 qui
941 2182 1034 2245 opem
1065 2162 1166 2225 ferret
1215 2163 1354 2227 salutem
1377 2167 1520 2226 nostram
1544 2183 1614 2228 esse
1638 2165 1777 2241 virtutis,
1806 2184 1847 2229 ne
1867 2164 1934 2228 huo
1956 2174 1988 2228 et
2017 2164 2098 2229 illuc
2124 2165 2185 2229 cir·

189 2250 352 2324 ecclesiae,
376 2259 409 2313 et
430 2248 625 2313 admiratum
648 2271 727 2314 esse.
764 2250 878 2315 Utitur
897 2249 995 2312 verbo
1016 2246 1163 2328 hithpael,
1215 2258 1493 2330 cumspectemus:
1522 2248 1600 2331 quia
1626 2251 1667 2314 ad
1697 2251 1881 2316 extrinsece
1909 2247 2111 2315 adminicula
2140 2251 2185 2313 ni·

193 2356 256 2419 quo
279 2336 440 2419 significat
457 2335 635 2400 Dominum
657 2334 718 2399 sibi
737 2355 868 2401 causam
888 2332 1029 2415 stuporis
1046 2332 1162 2398 fuisse:
1216 2335 1316 2397 mium
1339 2354 1453 2405 sumus
1479 2335 1650 2416 propensi:
1681 2334 1738 2400 sed
1759 2356 1851 2419 spem
1873 2335 1991 2400 salutis
2013 2355 2081 2400 non
2111 2334 2186 2401 alibi

190 2444 228 2487 ao
250 2421 278 2485 si
301 2422 433 2502 diceret,
455 2421 551 2486 Fecit
572 2442 607 2486 se
624 2421 860 2503 obstupescere.
901 2431 993 2496 abab
1014 2417 1163 2482 nonnulli
1217 2439 1313 2501 quam
1335 2419 1370 2482 in
1394 2418 1456 2483 Dei
1481 2418 1611 2484 brachio
1632 2420 1802 2487 locandam
1823 2441 1910 2486 esse:
1939 2436 1972 2485 et
1995 2440 2110 2485 verum
2136 2441 2186 2486 ee·

190 2507 431 2590 deprecatorem
454 2513 603 2571 vertunt:
635 2504 692 2572 sed
714 2517 794 2588 puto
817 2505 906 2571 hunc
928 2525 999 2570 esse
1022 2524 1162 2582 sensum,
1215 2504 1332 2570 clesiae
1365 2503 1622 2569 stabilimentum
1664 2507 1697 2570 in
1731 2507 1801 2573 eius
1832 2507 1976 2571 iustitia:
2016 2527 2187 2589 perperam

190 2592 276 2676 quod
300 2612 396 2656 nemo
424 2597 510 2659 esset
539 2592 595 2674 qui
623 2613 717 2674 opem
748 2592 865 2656 afferre
893 2591 1039 2655 studeret
1066 2590 1164 2655 rebus
1216 2591 1322 2655 lacere
1344 2590 1401 2671 qui
1422 2589 1553 2655 aliunde
1575 2591 1729 2674 pendent,
1758 2592 1887 2675 quando
1917 2590 2001 2657 nihil
2029 2605 2128 2657 extra
2153 2613 2186 2657 se

190 2678 340 2743 afflictis:
376 2677 487 2742 nullus
519 2687 606 2742 esset
637 2677 791 2753 modicus,
834 2677 889 2760 qui
922 2696 1053 2740 manum
1087 2673 1163 2739 huic
1215 2683 1384 2740 mutuatus
1406 2685 1456 2741 est
1479 2677 1577 2740 Deus.
1621 2678 1671 2742 Aa
1698 2677 1795 2742 latius
1824 2686 1915 2760 patet
1939 2677 2042 2743 huius
2071 2677 2186 2743 doctri·

189 2763 302 2829 morbo
336 2763 534 2842 admoveret,
571 2774 742 2845 propterea
775 2761 882 2827 Deum
917 2761 1039 2826 mirari.
1094 2758 1163 2825 Cur
1217 2782 1279 2826 nae
1299 2761 1434 2838 utilitas,
1457 2761 1534 2843 quia
1558 2764 1685 2827 tametsi
1712 2764 1823 2828 omnia
1845 2763 1989 2828 remedia
2009 2782 2110 2845 saepe
2131 2785 2187 2829 noc

190 2869 270 2915 vero
314 2849 397 2913 banc
441 2848 687 2914 admirationem
728 2846 800 2912 Deo
844 2847 968 2913 tribuat
1010 2845 1164 2929 colligere
1217 2846 1381 2922 deficiant,
1405 2859 1512 2910 tamon
1536 2849 1616 2913 satis
1637 2849 1750 2913 auxilii
1773 2850 1808 2913 in
1838 2848 1970 2913 braobio
1992 2868 2054 2914 suo
2077 2848 2187 2914 Domi·

189 2945 378 3020 promptum
406 2943 464 2998 est.
507 2934 581 2998 Hac
611 2935 696 2998 enim
727 2933 976 3015 exprobratione
1005 2930 1164 3015 pudorem
1194 2952 1279 3015 ‚nus
1300 2932 1456 2997 inveniet.
1502 2932 1637 3012 Quoties
1658 2934 1760 3017 igitur
1788 2934 1955 3000 hominum
1986 2934 2113 2999 auxilio
2134 2934 2187 3000 de·

190 3020 341 3102 infligere
365 3019 467 3082 voluit
488 3017 626 3094 Iudaeis,
656 3034 696 3083 ne
717 3040 777 3083 suo
800 3039 891 3083 more
912 3017 1020 3083 fucum
1050 3017 1162 3082 obten·
1217 3017 1324 3082 stituti
1342 3038 1465 3097 sumus,
1486 3019 1657 3101 omnisque
1679 3020 1808 3103 generis
1826 3021 1992 3085 aerumnis
2008 3020 2187 3097 obruimur,

192 3105 307 3169 dorent
330 3104 478 3185 tegendis
500 3105 568 3168 suis
589 3103 738 3187 peccatis.
776 3103 862 3185 Quia
885 3125 962 3168 vero
984 3123 1037 3167 res
1059 3104 1164 3167 inore·
1219 3124 1277 3168 neo
1299 3102 1474 3186 quidquam
1496 3103 1584 3169 aliud
1606 3126 1703 3187 quam
1726 3106 1895 3171 interitum
1918 3105 2096 3181 cernimus,
2118 3125 2189 3171 con·

191 3188 300 3256 dibilis
323 3197 356 3253 et
378 3196 530 3272 portento
551 3189 668 3254 similis
698 3198 778 3268 erat,
809 3187 935 3252 nullum
966 3187 1101 3269 reperiri
1130 3187 1164 3251 in
1218 3189 1380 3272 fugiamus
1402 3188 1442 3253 ad
1471 3189 1566 3254 istam
1591 3190 1787 3256 doctrinam:
1815 3211 1853 3256 ao
1881 3191 1961 3257 certi
1982 3191 2089 3256 simus
2110 3193 2189 3256 saus

193 3288 306 3341 sancto
330 3287 363 3338 et
384 3275 486 3339 electo
517 3274 646 3356 populo,
677 3275 790 3356 quise
819 3273 998 3337 iniustitiae
1026 3293 1166 3354 oppone·
1218 3295 1290 3338 esse
1311 3274 1464 3355 praesidii
1494 3276 1528 3338 in
1550 3275 1623 3341 Deo
1653 3288 1690 3340 ut
1719 3298 1778 3342 uos
1806 3287 1995 3342 conservet:
2026 3287 2061 3342 et
2090 3297 2188 3359 quum

192 3371 254 3443 ret,
287 3359 394 3424 Deum
429 3359 575 3423 novitate
609 3360 782 3424 attonitum
811 3356 944 3436 inducit,
973 3367 1009 3421 ut
1029 3355 1167 3422 Iudaeos
1218 3360 1325 3424 aliena
1346 3380 1408 3442 ope
1430 3381 1493 3424 non
1516 3361 1671 3444 indigeat,
1694 3373 1764 3428 tuto
1782 3363 1818 3426 in
1835 3362 1904 3428 eius
1921 3382 1982 3443 ope
2000 3363 2189 3428 recumbere

194 3448 330 3511 tandem
353 3446 404 3510 sui
428 3445 537 3528 pigeat
565 3466 602 3511 ac
625 3444 797 3526 poeniteat.
843 3442 947 3509 Ouius
977 3442 1064 3507 enim
1093 3463 1167 3524 pro·
1218 3456 1252 3510 et
1270 3445 1472 3526 acquiescere
1500 3445 1671 3513 discamus.
1714 3448 1853 3513 Interim
1876 3446 2018 3512 tenenda
2045 3458 2098 3513 est
2119 3448 2189 3513 nni·

192 3532 319 3597 tersiae
342 3541 428 3596 esset
451 3552 516 3595 non
539 3530 706 3612 pudefieri,
729 3551 828 3613 quum
844 3550 904 3594 sua
919 3529 1043 3594 malitia
1058 3528 1166 3593 Deum
1219 3530 1354 3596 versalia
1388 3528 1549 3596 doctrina:
1593 3554 1709 3615 nempe
1748 3531 2004 3616 redemptionem
2035 3534 2190 3600 ecelesias

192 3619 226 3681 in
259 3617 508 3680 admirationem
539 3615 733 3700 impellant?
779 3614 887 3682 Simul
920 3636 1033 3680 eorum
1066 3615 1168 3698 hypo·
1218 3615 1408 3681 admirabile
1430 3617 1531 3682 solius
1556 3618 1616 3682 Dei
1640 3640 1710 3683 esse
1732 3618 1937 3696 beneficium,
1967 3618 2112 3702 nequid
2134 3618 2191 3685 bo·

194 3703 295 3766 crisin
318 3703 519 3784 perstringit,
548 3702 576 3765 si
604 3703 733 3784 fingant
765 3701 851 3784 apud
880 3721 915 3766 se
947 3701 1099 3784 pietatem
1134 3709 1168 3764 et
1218 3703 1344 3765 minum
1360 3703 1485 3768 viribus
1501 3713 1557 3766 aut
1572 3703 1753 3769 industriae
1768 3704 1961 3770 tribuamus.
1988 3704 2192 3770 Detestanda

195 3788 444 3851 sanctimoniam
461 3788 580 3869 vigere,
603 3808 703 3868 quum
720 3787 811 3852 Deus
827 3786 965 3853 sollicite
980 3786 1166 3868 quaerendo
1219 3788 1305 3851 enim
1329 3786 1460 3851 illorum
1483 3791 1670 3871 arrogantia
1699 3793 1825 3872 estqui
1848 3801 1972 3872 partem
1996 3789 2102 3855 ullam
2123 3791 2191 3854 eius

196 3893 239 3935 ne
257 3893 360 3935 unum
379 3871 509 3952 quidem
529 3882 652 3935 rectum
671 3871 836 3937 hominem
856 3873 1031 3936 invenerit.
1065 3871 1168 3936 Poma
1218 3872 1323 3938 laudis
1339 3894 1422 3954 quae
1437 3874 1478 3936 ad
1493 3873 1603 3938 Deum
1620 3876 1769 3956 pertinet,
1788 3875 1829 3940 ad
1846 3898 1880 3941 se
1896 3876 2041 3958 rapiunt:
2062 3874 2191 3959 quando

195 3955 274 4021 hinc
297 3957 424 4019 extollit
453 3966 549 4038 atque
579 3957 721 4020 illustrat
751 3960 920 4040 ingentem
949 3956 1012 4020 Dei
1041 3957 1166 4020 miseri·
1218 3959 1253 4023 in
1275 3958 1345 4040 ipso
1367 3958 1434 4021 solo
1456 3969 1488 4022 et
1510 3979 1605 4022 causa
1627 3971 1660 4024 et
1682 3962 1816 4026 effectus
1839 3971 1890 4027 est
1911 3970 2044 4026 nostrae
2067 3961 2190 4027 salutis.

196 4040 350 4122 cordiam,
373 4041 458 4123 quod
486 4042 638 4124 populum
670 4054 735 4104 tam
764 4040 978 4124 deploratum,
1006 4040 1096 4123 quasi
1127 4062 1167 4105 ex
1219 4042 1395 4109 Brachium
1413 4043 1467 4106 hic
1489 4046 1665 4124 potentiam
1685 4056 1718 4110 ot
1735 4047 1891 4111 virtutem
1912 4047 2080 4130 designat:
2101 4047 2192 4112 iusti·

197 4125 368 4210 profundis
405 4127 517 4190 inferis
555 4127 679 4208 eripere
716 4126 876 4208 dignetur.
931 4126 1046 4208 Neque
1079 4126 1167 4190 enim
1218 4130 1264 4193 tia
1286 4127 1524 4210 rectitudinem,
1553 4150 1616 4212 qua
1646 4133 1749 4197 utitur
1771 4133 1805 4195 in
1829 4130 2034 4215 procuranda
2055 4152 2189 4212 suorum

198 4212 333 4277 dubium
367 4223 416 4275 est
449 4211 501 4275 his
536 4212 642 4276 verbis
675 4211 856 4278 admonitos
896 4213 996 4277 fuisse
1028 4211 1168 4277 Iudaeos
1219 4214 1335 4291 salute,
1357 4232 1456 4294 quum
1480 4225 1530 4279 est
1552 4217 1696 4297 ipsorum
1720 4218 1852 4292 vindex,
1875 4229 1973 4300 atque
1991 4216 2033 4281 ab
2056 4218 2192 4283 interitu

197 4296 358 4380 quomodo
392 4296 554 4377 speranda
586 4309 671 4360 esset
704 4297 898 4380 redemptio:
940 4318 1057 4380 nempe
1090 4299 1168 4379 quia
1220 4299 1344 4364 liberat.
1390 4297 1486 4378 Quod
1517 4299 1594 4364 dicit
1622 4300 1755 4367 brachio
1777 4301 1840 4368 Dei
1869 4304 2002 4370 salrdem
2030 4305 2061 4368 ei
2091 4304 2192 4369 fnisse

199 4386 290 4449 Deus
313 4382 353 4445 ad
376 4381 575 4446 servandum
599 4382 684 4464 quod
707 4383 857 4464 perierat,
882 4381 1073 4446 mirabiliter
1096 4403 1166 4446 sur·
1219 4395 1357 4466 partam,
1387 4383 1447 4448 hoc
1469 4384 1509 4448 ad
1534 4386 1640 4450 Deum
1665 4389 1929 4472 restringendum
1952 4409 2019 4453 non
2042 4398 2109 4455 est:
2132 4409 2191 4454 neo

198 4492 275 4554 gere
298 4468 388 4533 velit.
432 4465 483 4530 Ad
507 4467 586 4532 haec
609 4468 747 4531 mirandi
772 4468 869 4532 verbo
899 4476 1068 4549 paternam
1091 4487 1167 4547 quo·
1220 4469 1349 4551 passive
1376 4469 1440 4551 legi
1470 4470 1572 4549 debet,
1602 4474 1692 4554 quasi
1715 4474 1805 4540 Deus
1834 4495 1869 4539 se
1897 4475 2005 4556 ipsum
2034 4479 2191 4540 servarit:

198 4577 260 4636 que
295 4554 357 4618 Dei
391 4551 639 4617 sollicitudinem
673 4552 830 4634 designat.
883 4552 1017 4617 Certum
1051 4565 1101 4616 est
1134 4553 1166 4617 in
1220 4553 1277 4618 sed
1310 4554 1423 4631 active,
1457 4567 1494 4620 ut
1525 4557 1613 4623 salus
1645 4559 1708 4624 ista
1741 4560 1781 4624 ad
1815 4560 1983 4626 ecclesiam
2016 4560 2191 4637 referatur,

197 4640 307 4705 Deum
331 4661 395 4703 non
426 4637 540 4703 eadere
568 4639 647 4702 istos
679 4638 823 4712 affectus,
858 4651 895 4701 ut
923 4636 1045 4718 aliquid
1077 4639 1168 4718 quasi
1219 4660 1318 4720 quam
1341 4639 1381 4704 ab
1403 4639 1546 4705 hostium
1569 4645 1721 4709 manibus
1744 4646 1903 4711 liberavit.

198 4748 321 4791 novum
338 4737 394 4788 arrt
410 4722 553 4787 insolens
570 4726 715 4799 miretur,
731 4723 786 4788 sed
803 4723 848 4786 ita
871 4744 906 4786 se
928 4721 1023 4786 nobis
1045 4742 1170 4787 accom-
1308 4725 1357 4788 17.
1380 4723 1437 4809 (Ει
1458 4725 1584 4812 induit.)
1617 4729 1682 4795 Hic
1706 4731 1811 4795 Deum
1834 4730 1968 4795 iustruit
1989 4732 2093 4797 armis
2113 4734 2191 4809 suis,

198 4812 307 4876 modat
330 4819 366 4874 ut
390 4809 547 4873 malorum
571 4821 752 4873 nostrorum
777 4830 873 4873 seusu
897 4809 979 4871 serio
1002 4809 1079 4873 tacti
1101 4830 1168 4871 sor·
1222 4819 1290 4872 tum
1314 4822 1350 4874 ut
1372 4812 1475 4893 magis
1499 4834 1536 4877 ac
1558 4816 1661 4896 magis
1689 4818 1812 4896 piorum
1836 4816 1986 4881 fiduciam
2009 4820 2192 4897 confirmet,

199 4912 265 4961 tem
291 4908 432 4961 nostram
456 4895 697 4958 exhorreamus.
736 4893 845 4973 Quum
870 4893 970 4975 igitur
992 4895 1036 4956 ait
1060 4892 1170 4956 Domi·
1194 4916 1197 4921 ·
1221 4907 1290 4958 tum
1315 4907 1352 4959 ut
1373 4896 1461 4959 omni
1484 4900 1633 4981 propriae
1651 4901 1783 4966 virtutis
1805 4903 1923 4968 fiducia
1940 4912 2041 4966 exuat
2058 4914 2193 4970 cunctos

199 5006 278 5047 num
303 4982 432 5057 vidisse,
458 4980 620 5062 significat
642 4978 723 5042 nihil
746 4980 816 5060 opis
840 5000 908 5041 esse
929 4979 963 5040 in
988 4986 1098 5041 nostra
1121 4980 1167 5041 iu·
1221 4981 1385 5044 mortales.
1430 4981 1566 5047 Summa
1595 4985 1678 5047 enirn
1710 4987 1773 5051 huo
1803 4989 1914 5066 tendit,
1939 4988 2009 5053 Dec
2037 4989 2122 5054 nihil
2152 4990 2193 5056 ad

200 5066 340 5132 dustria:
374 5088 473 5148 quum
504 5066 675 5142 admirari,
704 5064 868 5146 signifieat
898 5085 955 5128 nos
977 5064 1052 5146 plus
1074 5084 1168 5144 quam
1222 5065 1330 5129 hostes
1359 5066 1564 5131 debellandos
1595 5081 1628 5133 et
1658 5073 1842 5151 pariendum
1867 5072 2036 5138 victoriam
2065 5076 2193 5142 deesse:

199 5151 333 5217 hebetes
367 5174 437 5216 esse
471 5173 508 5215 ac
541 5151 696 5233 stupidos,
731 5149 815 5231 quod
849 5148 934 5212 mala
968 5157 1079 5212 nostra
1113 5170 1171 5214 nec
1222 5152 1296 5231 quia
1319 5174 1358 5215 ex
1381 5173 1441 5216 sua
1464 5153 1598 5231 iustitia,
1623 5155 1742 5220 virtute
1769 5167 1801 5221 et
1824 5158 1938 5242 gratia,
1969 5168 2003 5223 et
2030 5159 2193 5226 ardentis·

200 5240 409 5322 agnoscimus
431 5258 490 5303 uec
509 5257 669 5303 curamus.
704 5234 772 5299 Nec
794 5245 902 5297 tamen
922 5234 1050 5298 obstare
1069 5234 1169 5316 negli·
1223 5235 1304 5299 simo
1323 5238 1431 5320 populi
1448 5239 1500 5303 sui
1523 5259 1630 5303 amore
1653 5243 1829 5308 πανοπλίαν
1851 5246 1912 5310 sibi
1934 5247 2095 5312 conficiat.
2131 5248 2194 5312 At·
