4784 5970
188 324 250 387 251
1063 319 1113 384 IN
1134 317 1300 387 ISAIAM
2120 318 2181 385 252

190 512 283 586 tinet,
317 511 373 592 qui
395 509 493 573 111111
522 508 631 591 regale
653 508 870 575 sacerdotium
892 519 1062 574 vooantur:
1095 528 1155 574 nee
1206 508 1273 585 het,
1302 507 1435 590 opponit
1462 506 1599 571 miserae
1620 515 1653 572 et
1675 505 1819 573 abieotae
1847 504 2027 572 eonditioni
2057 505 2181 590 populi,

190 608 318 660 tantum
348 596 434 660 vasis
468 592 580 675 templi
613 593 755 658 ferendis
786 593 940 659 destinati
972 602 1064 670 eunt,
1098 592 1155 658 sed
1206 593 1262 675 qui
1280 612 1380 676 prope
1402 592 1547 656 animum
1570 590 1800 674 despondebat.
1831 591 1943 675 Atque
1960 591 2052 658 buno
2067 613 2179 676 regem

190 682 261 763 ipsa
281 690 358 745 sunt
380 678 502 762 templa
524 678 596 743 Dei.
640 678 719 742 Ideo
749 678 909 760 praedixit
931 676 1082 744 Ezechiel
1105 679 1155 742 fu·
1206 677 1318 761 populi
1339 685 1438 757 eaput
1458 677 1526 741 fore
1547 677 1719 759 promittit,
1740 679 1786 742 ita
1803 691 1841 743 ut
1858 678 1930 760 ipso
1951 675 2034 743 duee
2055 679 2178 754 floreat,

191 782 312 842 turum,
334 768 426 831 utin
448 764 652 829 restitutione
670 763 822 829 eoolssiae
844 764 981 829 Levitae
1001 764 1069 828 sint
1089 783 1156 827 ma·
1207 764 1336 828 tametsi
1357 783 1445 827 nuno
1467 762 1698 829 afflietissimus
1719 763 1763 828 sit
1785 784 1823 831 ao
1844 763 2069 830 miserrimus:
2096 784 2178 847 quo·

190 853 274 916 iores
306 850 500 927 saoerdotes,
532 858 620 914 totus
642 869 719 913 vero
749 849 888 932 populus
921 859 1087 930 oooptetur
1119 848 1155 913 in
1207 851 1296 913 niam
1325 848 1542 931 prosperrime
1574 849 1685 913 omnia
1715 849 1777 931 ipsi
1806 847 1992 915 suooedent.
2044 847 2180 915 8111111

190 935 339 1001 ordinem
356 936 558 1001 Levitsrum.
590 933 701 1014 Quum
723 935 822 1018 igitur
845 954 957 999 omnes
975 936 1008 998 in
1027 930 1506 1010 11111111111011111111,
1539 932 1581 998 ob
1608 953 1729 998 munus
1762 934 1790 999 ei
1819 956 1840 999 a
1869 932 1941 1000 Deo
1973 935 2175 1016 impositum.

190 1020 360 1106 dignitatis
382 1019 520 1106 gradum
542 1019 696 1083 extulerit
706 1020 879 1098 Dominus,
901 1020 1048 1101 sequitur
1069 1019 1154 1084 hane
1179 1012 1183 1105 1
1206 1018 1275 1085 Neo
1297 1020 1385 1084 enim
1406 1016 1558 1084 Christus
1588 1029 1624 1083 ut
1654 1021 1799 1101 privatus
1830 1021 2031 1087 oonsiderari
2065 1019 2179 1086 debet:

190 1107 383 1172 munditiem
418 1105 459 1170 ab
494 1106 645 1170 omnibus
685 1105 754 1170 sine
793 1104 982 1186 exeeptione
1022 1104 1153 1186 requiri.
1178 1114 1182 1191 1
1206 1104 1264 1169 111
1285 1125 1358 1170 oum
1381 1124 1519 1187 persona
1540 1124 1623 1186 quae
1645 1106 1707 1186 ipsi
1728 1106 1882 1188 imposita
1901 1118 1953 1171 est
1974 1126 1994 1170 a
2016 1115 2121 1188 patre,
2144 1121 2179 1170 ut

191 1191 299 1273 Quam
329 1194 426 1258 etiam
454 1192 493 1255 ob
520 1211 650 1255 eausam
679 1190 802 1255 Paulus
830 1189 918 1254 hune
945 1189 1051 1255 loaum
1081 1191 1154 1254 uni·
1178 1198 1182 1271 1
1206 1191 1250 1256 111
1278 1189 1388 1273 111111
1418 1189 1485 1253 dux
1512 1201 1544 1254 et
1570 1190 1769 1255 instaurator
1797 1211 1909 1257 rerum
1941 1192 2109 1256 omnium:
2144 1204 2180 1255 ut

191 1298 305 1344 versae
327 1276 480 1343 eeclesiae
502 1274 763 1341 aoeommodavit
1178 1274 1181 1363 1
1208 1294 1418 1358 quaeeunque
1447 1273 1487 1338 de
1509 1277 1578 1356 ipso
1606 1275 1781 1360 praedicat,
1810 1275 1852 1342 ad
1874 1296 1933 1342 nos
1955 1296 2085 1359 quoque
2106 1297 2179 1360 per·

278 1363 329 1427 12.
355 1361 525 1446 (Quoniam
547 1381 606 1425 111
628 1360 662 1423 in
681 1359 898 1445 festinatione.)
936 1360 1064 1426 Rursus
1087 1381 1155 1424 am·
1179 1382 1181 1399 ¹
1208 1362 1313 1425 tinere
1335 1360 1563 1444 intelligamus.
1596 1359 1698 1426 Nobis
1720 1364 1809 1426 enim
1827 1362 1924 1428 datus
1942 1374 1992 1428 est
2008 1360 2179 1428 Christus:

192 1448 313 1531 plifieat
335 1447 493 1530 propheta
514 1446 704 1511 benefieium
723 1445 803 1511 illud
821 1446 1059 1527 redemptionis,
1080 1465 1156 1527 quo·
1179 1506 1182 1555 Ι
1206 1447 1416 1528 quamobrem
1446 1446 1515 1511 eius
1542 1446 1758 1513 ministerium
1788 1447 1830 1513 ad
1859 1468 1918 1512 nos
1947 1468 2075 1530 quoque
2106 1468 2178 1530 per·

192 1534 280 1598 niam
312 1532 503 1597 inoredibile
536 1531 720 1612 videbatur,
759 1532 839 1596 adeo
873 1531 1019 1596 omnium
1056 1551 1156 1613 prope
1207 1532 1297 1597 tinet.
1343 1530 1427 1596 Nam
1456 1540 1584 1613 poterat
1612 1552 1675 1596 uuo
1706 1534 1803 1599 verbo
1832 1532 1971 1613 dixisse,
2005 1531 2177 1599 Christum

191 1620 317 1683 animos
345 1624 560 1699 oooupaverat
589 1617 779 1698 desperatio.
823 1617 888 1681 Eos
910 1616 998 1680 enim
1028 1616 1155 1697 potissi·
1207 1616 1421 1694 evehendum,
1449 1617 1626 1682 ethonore
1648 1616 1855 1684 afficiendum
1877 1637 1965 1685 esse:
1994 1617 2054 1684 sed
2075 1638 2175 1701 quum

191 1725 280 1768 mum
303 1702 474 1785 oompellat
496 1704 551 1784 qui
569 1703 687 1783 eaptivi
710 1703 812 1766 futuri
830 1713 931 1775 eraut,
953 1723 994 1766 ne
1012 1701 1155 1765 animum
1208 1705 1238 1767 ei
1260 1701 1410 1767 attribuit
1430 1703 1572 1767 ministri
1596 1723 1724 1781 nomen,
1751 1726 1826 1770 eum
1849 1716 1959 1770 nostra
1980 1722 2082 1770 eausa
2103 1722 2175 1769 eve·

192 1791 228 1853 in
249 1789 369 1854 misero
390 1788 447 1851 illo
469 1798 557 1853 statu
580 1785 826 1870 desponderent.
859 1787 1026 1851 Promittit
1047 1800 1156 1852 autem
1208 1785 1353 1853 bendum
1376 1807 1446 1852 esse
1468 1789 1638 1870 signifieat.

193 1878 340 1940 futurum
357 1882 395 1938 ut
411 1873 467 1937 illa
484 1873 632 1938 liberatio
650 1893 716 1938 non
734 1875 777 1938 sit
794 1873 889 1956 fugae
906 1872 1032 1950 similis,
1051 1872 1156 1955 qualis
1179 1918 1183 1947 ,
1294 1873 1344 1937 14.
1367 1872 1668 1958 (Qroeutodewdum.)
1709 1873 1819 1940 Utitur
1840 1875 2081 1958 1111111111111,
2103 1873 2177 1957 qnia

193 1961 385 2045 aegyptiaca
407 1959 477 2024 fuit.
522 1959 583 2022 Est
606 1958 693 2023 enim
722 1961 820 2023 taeita
845 1959 1041 2041 eomparatio
1070 1960 1157 2021 inter
1179 1955 1183 2039 1
1208 1979 1272 2022 111
1294 1959 1469 2040 apparebat
1490 1959 1596 2039 primo
1613 1970 1746 2041 aspeotu
1763 1961 1820 2024 illa
1838 1959 1963 2027 Christi
1985 1960 2177 2036 sublimitas,

193 2046 447 2127 redemptionem
480 2065 522 2109 ex
552 2047 704 2127 Aegypto
736 2054 770 2108 et
801 2046 897 2109 istam
930 2066 948 2108 e
977 2043 1155 2126 Babylone.
1180 2068 1183 2119 1
1208 2051 1305 2126 atque
1332 2043 1392 2109 hoo
1422 2052 1592 2124 praetextu
1622 2046 1711 2109 reiioi
1740 2057 1875 2128 poterat.
1920 2044 1998 2111 Ideo
2026 2044 2178 2111 admonet

193 2132 299 2197 Noetu
328 2132 415 2195 enim
445 2130 602 2213 fugerunt
623 2151 665 2194 ex
686 2132 847 2212 Aegypto,
877 2150 975 2211 quum
998 2151 1033 2193 se
1056 2129 1155 2193 tridui
1180 2122 1183 2187 1
1207 2149 1283 2193 sum
1306 2130 1396 2210 11111
1414 2128 1630 2194 abiioiendum
1649 2143 1746 2213 atque
1769 2129 2009 2196 humiliandum
2030 2151 2120 2197 esse:
2142 2147 2177 2194 ao

194 2226 325 2282 tantum
346 2216 408 2280 iter
431 2234 527 2298 agere
550 2214 636 2278 velle
657 2215 858 2288 simularent,
882 2225 918 2277 ut
938 2215 1157 2279 saorifieareut
1179 2194 1183 2291 1
1207 2214 1377 2294 praevenit
1396 2213 1485 2278 illam
1506 2213 1749 2295 dubitationem,
1772 2237 1854 2299 quae
1877 2217 1997 2282 oboriri
2018 2216 2178 2301 potuisset

194 2305 275 2368 Deo.
313 2301 478 2365 Exierunt
499 2309 607 2363 autem
630 2320 702 2364 oum
725 2299 928 2364 festinatione
949 2309 983 2363 et
1005 2299 1156 2378 tumultu,
1207 2301 1241 2363 in
1265 2308 1331 2363 tam
1353 2299 1476 2365 abieoto
1507 2309 1540 2363 et
1568 2299 1704 2366 deformi
1732 2303 1802 2367 eius
1830 2310 1927 2368 statu.
1973 2304 2022 2369 Ae
2045 2302 2074 2369 si
2094 2300 2178 2367 diee-

195 2387 290 2454 siouti
322 2387 403 2468 ipsis
436 2385 556 2450 dietum
579 2393 657 2449 erat
700 2385 866 2450 Abeuntes
888 2383 1016 2448 Pharao
1048 2404 1156 2465 perse-
1207 2394 1267 2466 ret,
1292 2405 1355 2449 non
1377 2405 1447 2449 esse
1468 2405 1526 2450 eur
1555 2385 1753 2452 abhorreant
1781 2388 1928 2453 homines
1949 2388 1990 2453 ab
2010 2408 2051 2453 ea
2072 2386 2177 2452 defor-

195 2484 317 2556 quutus
340 2479 405 2547 est,
434 2470 527 2553 quasi
550 2490 661 2534 omnes
683 2469 861 2535 deleturus.
905 2469 968 2534 Η11
990 2489 1067 2534 1111
1091 2490 1156 2535 111
1208 2471 1322 2534 mitate
1344 2481 1376 2533 ot
1396 2471 1585 2553 ignominia,
1611 2491 1709 2552 quam
1732 2486 1888 2556 perpetua
1909 2472 2047 2538 felioitas
2068 2472 2178 2539 statim

194 2558 281 2624 idem
303 2558 372 2621 fore
395 2555 570 2640 signifieat:
599 2554 656 2620 sed
678 2554 950 2641 triumphantium
977 2555 1010 2619 in
1034 2576 1157 2619 morem
1208 2556 1444 2637 subsequutura
1476 2567 1534 2620 est.
1585 2570 1615 2653 12
1645 2559 1728 2622 verti
1756 2558 1856 2624 Adeo.
1901 2558 1987 2623 Nam
2020 2558 2177 2625 falluntur

195 2645 348 2721 abituros,
378 2642 425 2706 ita
446 2654 481 2706 ut
504 2662 600 2706 nemo
622 2641 700 2722 ipsis
721 2642 888 2725 negotium
915 2640 1074 2706 faoessere
1102 2662 1157 2705 au·
1208 2641 1265 2722 qui
1287 2639 1533 2722 applioationem
1556 2642 1780 2709 similitudinis
1806 2665 1876 2710 esse
1905 2649 2033 2727 putant.
2078 2656 2177 2723 1111,

196 2731 280 2795 1111.
324 2728 433 2811 Vulgo
454 2727 561 2793 dieere
588 2726 746 2807 solemus,
779 2726 833 2792 Its
860 2726 924 2791 111
951 2727 1032 2791 irent
1060 2726 1082 2790 1
1109 2747 1158 2790 11-
1209 2727 1250 2790 11
1272 2725 1474 2791 hominibns:
1499 2748 1558 2792 neo
1579 2729 1666 2792 enim
1686 2744 1709 2795 1
1732 2731 1952 2814 eomparative
1982 2730 2117 2813 aoeipio,
2145 2744 2179 2793 ut

193 2817 299 2897 111111
316 2813 475 2895 deophylis
493 2813 578 2877 unde
597 2812 807 2877 exoallentior
826 2824 921 2894 atque
938 2811 1157 2877 admirabilior
1209 2812 1265 2875 alii
1287 2824 1473 2893 exponunt:
1496 2812 1558 2878 hoo
1575 2825 1633 2890 111,
1656 2814 1737 2880 Ρ111
1755 2836 1863 2897 quam,
1887 2815 1938 2880 vel
1953 2815 2092 2880 Praeter
2113 2813 2174 2879 hu·

194 2900 276 2965 haee
303 2899 482 2980 redemptio
511 2897 620 2961 futura
648 2908 706 2963 est.
751 2896 916 2963 Praecedet
942 2918 1006 2977 111,
1039 2897 1070 2960 11
1098 2910 1159 2974 111,
1209 2917 1341 2962 manum
1370 2917 1512 2962 morem:
1543 2898 1600 2962 sed
1630 2901 1859 2983 simpliciorem
1887 2920 2020 2967 sensum
2050 2921 2178 2984 sequor,

196 2987 258 3049 erit
290 2984 358 3047 dux
387 2985 513 3046 itineris
543 2983 654 3047 vestri.
706 2984 801 3048 Dieet
833 2983 1010 3064 quispiam,
1044 2982 1157 3048 dueem
1209 2981 1378 3046 Christum
1403 2982 1551 3048 videlieet
1573 2985 1750 3050 deformem
1779 2989 1865 3051 inter
1892 2987 2042 3053 homines
2064 2987 2178 3051 fuisse:

196 3089 323 3150 quoque
352 3068 450 3131 111111
481 3068 586 3130 Deum
620 3067 738 3148 populo
769 3067 886 3143 veteri,
919 3088 1017 3148 quum
1051 3067 1157 3148 ipsum
1182 3078 1441 3165 ι11111111111
1470 3068 1637 3134 hominum
1667 3071 1785 3137 iudieio
1811 3071 1952 3137 deletam
1981 3073 2082 3138 fuisse
2110 3071 2179 3135 eius

196 3153 310 3219 eduxit
337 3174 378 3215 ex
400 3153 560 3234 Aegypto.
605 3151 677 3215 Η11
704 3151 833 3232 quidem
862 3172 975 3215 verum
1004 3163 1069 3216 eet:
1102 3151 1158 3216 sed
1210 3154 1355 3217 formam.
1413 3151 1648 3234 obstupuerunt.
1702 3157 1800 3224 Hono
1832 3170 1997 3241 stuporem
2031 3154 2179 3222 nonnulli

196 3260 262 3304 non
285 3238 330 3301 ita
350 3237 459 3318 palam
488 3237 689 3299 maiestatem
718 3237 785 3300 illio
813 3257 905 3301 suam
934 3235 1090 3316 ostendit,
1125 3249 1160 3298 ut
1183 3200 1186 3291 1
1211 3237 1372 3319 aeeipiunt
1394 3258 1451 3318 pro
1474 3238 1686 3306 admiratione
1708 3243 1741 3306 in
1763 3264 1862 3325 quam
1884 3243 2034 3311 homines
2057 3243 2098 3308 ob
2121 3241 2180 3305 mi·

195 3324 258 3401 hio,
292 3343 391 3404 quum
415 3322 502 3385 velut
529 3322 706 3401 imperator
730 3321 866 3386 devietis
896 3321 1042 3386 hostibus
1067 3343 1159 3386 exer·
1184 3316 1187 3387 1
1211 3322 1322 3387 111111
1343 3343 1363 3385 1
1384 3323 1516 3387 Christo
1543 3324 1630 3390 edita
1659 3327 1782 3410 abrepti
1811 3339 1904 3393 suut:
1934 3327 2053 3393 deiude
2081 3345 2180 3410 quum

198 3411 298 3476 eitum
327 3429 423 3472 sunm
453 3406 591 3472 reduxit
637 3407 1403 3489 1111111111111111111111-1111111111
1425 3408 1622 3475 veniendum
1651 3408 1720 3492 fuit,
1747 3414 1858 3478 statim
1887 3414 1927 3479 ab
1957 3414 1997 3478 iis
2024 3413 2181 3478 reieotum

197 3493 372 3579 gregandi,
401 3493 478 3573 quia
500 3491 590 3556 nulla
611 3494 673 3556 erit
695 3493 851 3574 dispersio
880 3484 1291 3587 (111111111111-11111.
1346 3491 1412 3559 Sed
1444 3493 1491 3556 illi
1526 3508 1666 3562 mentem
1708 3499 1882 3582 prophetae
1914 3498 2085 3581 assequuti
2117 3517 2182 3561 uon

199 3581 328 3645 datione
361 3600 430 3643 esse
459 3578 555 3652 solet,
589 3598 691 3660 neque
723 3577 871 3659 palantes
903 3576 1070 3653 errabunt,
1105 3577 1160 3642 sed
1186 3592 1190 3651 ι
1213 3587 1299 3642 sunt.
1343 3576 1433 3644 Dioit
1465 3581 1552 3644 enim
1587 3583 1683 3646 talem
1712 3586 1777 3649 fore
1807 3584 1975 3652 Christum
2005 3595 2042 3649 ut
2071 3601 2183 3650 omnes

200 3664 366 3730 turmatim
390 3678 422 3727 et
444 3663 597 3745 disposito
627 3664 739 3728 ordine
772 3665 864 3746 quasi
892 3662 952 3728 sub
974 3664 1076 3745 signis
1100 3664 1161 3728 iter
1187 3656 1573 3745 ι1111111111111111.
1618 3666 1674 3734 Sio
1695 3671 1783 3734 enim
1814 3670 1930 3753 prodiit
1958 3671 1993 3734 in
2022 3667 2184 3735 mundum

199 3751 326 3815 faoient.
365 3751 413 3811 Ae
435 3751 463 3813 si
486 3749 614 3826 dioeret,
637 3750 740 3813 veluti
761 3750 927 3815 oolleotam
949 3769 1083 3812 manum
1105 3758 1163 3813 ant
1187 3734 1191 3835 1
1215 3759 1251 3813 11
1273 3752 1391 3831 passim
1418 3753 1666 3833 contemptibilis
1693 3768 1791 3819 esset:
1821 3756 1952 3820 delituit
1980 3756 2051 3820 eius
2082 3753 2185 3838 gloria

199 3837 376 3900 exereitum
394 3833 485 3897 Deus
506 3833 631 3915 edueet,
655 3855 719 3899 non
738 3843 891 3916 sequetur
912 3855 996 3898 unus
1018 3833 1163 3913 alterum,
1189 3868 1192 3909 ς
1215 3834 1274 3898 111
1313 3833 1496 3899 humilitate
1534 3839 1649 3924 earnis.
1706 3839 1791 3904 Nam
1820 3842 1881 3906 etsi
1914 3841 2044 3905 refulsit
2076 3843 2111 3906 in
2145 3857 2182 3904 eo

201 3920 315 4002 utqui
337 3920 447 3983 furtim
477 3940 512 3982 11
535 3918 734 3999 subripiunt:
768 3919 824 3983 sed
850 3920 957 4000 palam
987 3921 1164 4002 aggregati,
1189 3928 1192 3961 ¹
1216 3920 1365 3984 maiestas
1388 3920 1488 4003 digna
1509 3923 1678 4005 unigenito
1702 3924 1763 3988 Dei
1786 3927 1863 4008 filio,
1886 3946 1951 3991 111
1973 3936 2084 3991 tamen
2107 3945 2185 3989 non·

200 4007 270 4072 sino
301 4003 366 4067 ullo
398 4014 487 4069 metu
521 4003 701 4068 diseedetis.
757 4005 861 4068 Nemo
895 4003 1165 4086 impedimentum
1189 3970 1193 4089 1
1216 4017 1327 4086 specta
1349 4005 1410 4068 fuit
1431 4026 1451 4069 a
1473 4006 1569 4089 vulgo
1598 4007 1784 4074 hominum:
1813 4012 1869 4077 sed
1897 4011 2006 4092 potius
2033 4012 2186 4093 dospeota

201 4092 324 4170 afferet,
347 4088 423 4168 quia
438 4087 509 4153 Deo
524 4088 604 4153 duee
622 4088 888 4172 aggregabimini‚
911 4088 1003 4153 utin
1026 4090 1164 4171 patriam
1190 4096 1194 4193 1
1216 4089 1274 4154 illa
1295 4089 1480 4166 exinanitio,
1509 4112 1592 4173 quae
1620 4092 1726 4158 velum
1756 4098 1816 4161 fuit
1840 4097 1890 4161 vel
1921 4098 2184 4180 integumentum

202 4175 350 4243 redeatis.
1190 4198 1194 4231 ι
1217 4174 1339 4258 gloriae
1360 4175 1438 4239 eius.
1485 4178 1593 4259 Atque
1614 4177 1694 4244 haee
1715 4200 1812 4247 eausa
1839 4183 1980 4264 stuporis
2002 4182 2074 4264 fuit,
2097 4176 2184 4263 quod

288 4259 338 4324 13.
368 4256 459 4341 (Eece
475 4257 687 4342 prosperum.)
730 4258 909 4339 Postquam
928 4259 1031 4324 lsaias
1052 4260 1092 4324 de
1115 4280 1165 4324 re·
1217 4261 1287 4324 sins
1309 4259 1376 4323 ullo
1404 4261 1575 4342 splendore
1603 4264 1689 4329 inter
1716 4267 1865 4332 homines
1895 4279 2092 4342 versaretur,
2124 4285 2193 4330 nso·

202 4346 370 4412 stitutione
388 4343 540 4408 ecelesiae
557 4343 712 4425 loquutus
726 4354 784 4417 est,
803 4344 922 4407 transit
936 4342 976 4407 ad
989 4343 1166 4424 Christum,
1218 4343 1453 4426 redemptorem
1482 4368 1519 4411 eo
1548 4359 1636 4413 statu
1665 4360 1698 4414 et
1727 4352 1841 4417 babitu
1866 4364 2040 4417 venturum
2069 4349 2184 4417 Iudaei

202 4435 237 4496 in
256 4451 320 4512 quo
338 4430 448 4493 omnia
469 4428 674 4511 eolliguntur.
706 4415 805 4504 bum,
829 4427 978 4492 nonnulli
999 4442 1167 4510 exponunt
1192 4484 1195 4519 ,
1218 4429 1454 4495 existimarent.
1494 4431 1604 4512 Quum
1633 4433 1675 4499 ad
1703 4457 1833 4502 oruoem
1864 4449 1998 4502 ventum
2028 4449 2090 4516 est,
2119 4436 2187 4501 illie

201 4516 387 4583 Prudenter
408 4525 495 4596 aget:
518 4512 574 4577 sed
597 4515 673 4595 quia
695 4514 841 4597 sequitur
862 4516 973 4593 postea
988 4512 1166 4591 Evehetur,
1219 4516 1315 4597 longe
1338 4514 1411 4597 plus
1433 4520 1573 4600 stuporis
1595 4520 1664 4584 fuit
1704 4520 1800 4588 Hane
1822 4523 1946 4589 Christi
1968 4522 2187 4588 humilitatem

203 4608 374 4668 contextus
402 4599 484 4663 mihi
506 4597 632 4662 videtur
662 4600 822 4680 postulare
844 4606 882 4662 ut
904 4598 1009 4678 potius
1032 4596 1071 4661 de
1092 4618 1166 4680 pro·
1219 4618 1256 4664 11
1278 4600 1394 4664 deinde
1421 4602 1653 4669 sublimitatem
1683 4605 1823 4672 declarat
1845 4607 1977 4685 Paulus,
2008 4629 2111 4691 quum
2141 4606 2187 4671 ait

203 4709 298 4770 spero
321 4705 471 4751 sueeessu
494 4683 727 4766 intelligamus:
750 4705 851 4766 quum
869 4684 965 4747 etiam
983 4668 1052 4751 13111
1071 4684 1168 4766 signi·
1192 4714 1195 4775 2
1219 4683 1316 4768 (Phil.
1340 4685 1369 4763 2,
1392 4686 1442 4771 6):
1476 4687 1541 4768 Qui
1574 4711 1673 4771 quum
1703 4693 1737 4754 in
1771 4695 1876 4758 forma
1903 4692 1968 4758 Dei
2000 4704 2086 4759 esset
2120 4711 2187 4757 non

204 4777 279 4839 fieot
311 4790 462 4853 prospere
491 4789 597 4851 agere.
641 4770 804 4850 Loquitur
837 4790 913 4853 ergo
944 4765 983 4832 de
1013 4788 1166 4850 prospero
1192 4796 1196 4847 t
1220 4771 1395 4834 arbitratus
1428 4781 1478 4837 est
1510 4778 1666 4856 rapinam,
1700 4799 1734 4842 se
1767 4779 1874 4844 faeere
1905 4780 2075 4861 aequalem
2098 4778 2186 4845 Deo:

204 4853 738 4937 11111111111111111,11111111
760 4850 1274 4936 (111111111111111,1111111
1308 4857 1445 4921 inanivit
1478 4862 1702 4943 semetipsum,
1732 4863 1835 4928 forma
1863 4867 1950 4929 servi
1978 4880 2121 4947 sumpta,
2152 4868 2187 4930 in

205 4956 335 5008 revoeat
355 4941 396 5005 ad
414 4960 577 5005 summum
595 4959 704 5022 regem
723 4961 742 5002 a
760 4960 821 5020 quo
840 4940 950 5003 omnia
967 4938 1168 5003 restituenda
1192 4944 1195 5009 1
1219 4940 1431 5006 similitudine
1450 4943 1618 5009 homiuum
1636 4951 1840 5026 eonstitutus,
1863 4963 1895 5014 et
1912 4950 2016 5032 figura
2035 4960 2186 5032 repertus

205 5041 293 5107 sunt,
323 5048 461 5109 eumque
490 5026 670 5106 exspectari
699 5026 797 5088 iubet.
843 5024 887 5087 Et
907 5023 1068 5088 notandae
1095 5021 1167 5087 dili·
1192 5024 1195 5087 1
1220 5037 1255 5090 ut
1287 5025 1394 5103 homo,
1434 5028 1588 5094 humilem
1629 5032 1777 5112 praebuit
1816 5037 2041 5118 semetipsum,
2082 5037 2189 5103 fautus

206 5126 320 5196 genter
344 5113 395 5177 hie
417 5125 495 5177 sunt
517 5110 694 5177 antitheses
724 5109 839 5192 quibus
870 5108 971 5173 utitur
1001 5109 1165 5191 propheta.
1192 5106 1197 5215 1
1219 5110 1371 5174 obediens
1395 5132 1497 5194 usque
1519 5114 1560 5179 ad
1589 5129 1736 5196 mortem,
1766 5133 1902 5185 mortem
1932 5132 2040 5185 autem
2071 5127 2188 5189 erneis.

207 5199 292 5263 Nam
314 5198 544 5263 sublimitatem
567 5197 665 5262 buius
687 5197 773 5280 regis
795 5215 890 5277 quem
915 5194 1073 5261 Dominus
1096 5214 1167 5260 evo·
1220 5195 1425 5279 Quapropter
1446 5211 1478 5264 11
1501 5197 1592 5264 Deus
1613 5201 1705 5266 illum
1728 5206 1762 5268 in
1784 5223 1945 5270 summam
1967 5205 2088 5272 extulit
2109 5208 2190 5273 sub-
