4784 5970
142 364 206 428 569
867 365 917 432 IN
939 366 1189 431 tunsarum.
1234 366 1334 433 sAP.
1358 367 1421 432 111.
2083 368 2149 433 570

143 555 274 639 quidem
291 555 337 618 sis
352 554 526 637 gemebant
543 553 725 632 Israelitas,
744 561 782 618 ut
799 553 1008 618 ostenderent
1026 574 1123 620 verae
1174 554 1394 619 eonversisne.
1426 554 1487 619 Est
1498 556 1601 637 igitur
1616 552 1749 637 quidam
1766 554 1914 638 dialogus
1932 554 2018 618 inter
2034 551 2152 634 Deum,

145 640 366 725 poenitentiae
384 641 496 722 signa:
519 639 575 704 sed
588 638 744 722 propheta
758 638 810 705 his
823 659 889 703 nsn
908 637 1021 703 laudat
1038 641 1123 722 ipss·
1175 649 1208 704 et
1230 639 1408 704 Israelitas.
1455 641 1544 705 Deus
1565 641 1635 722 ipse
1658 640 1745 704 ultro
1765 641 1886 705 invitat
1904 659 1959 704 eos
1981 639 2021 704 ad
2044 640 2153 723 poeni-

144 748 217 793 rum
251 725 422 801 affectum,
463 726 517 790 vel
551 725 725 807 pietatem,
766 722 823 788 sed
856 725 1021 807 signifieat
1054 735 1122 789 tam
1175 726 1331 807 tentiam,
1366 724 1589 809 Resertt'mt'm',
1618 725 1741 807 inquit,
1773 725 1835 806 filii
1864 723 2003 790 rebelles:
2037 724 2153 789 deinde

144 812 270 877 duriter
304 811 425 893 affligi,
458 811 614 893 qusniam
649 811 754 875 Deum
789 831 887 874 suum
921 809 1122 891 reliquerint.
1175 810 1338 891 promittit
1357 832 1391 875 se
1410 811 1478 874 lore
1497 809 1658 875 medicam
1674 811 1714 874 ad
1731 810 1893 875 sanandos
1909 831 2023 875 omnes
2041 831 2152 875 eorum

152 898 221 962 Vsa
242 914 320 978 ergo
343 895 455 961 obdita
476 901 522 960 est
540 897 577 960 ia
599 895 737 978 arcebis,
764 895 886 977 inquit:
909 895 970 960 boo
993 904 1051 974 est,
1071 915 1123 959 res
1175 896 1321 960 morbos:
1365 895 1498 975 Sanetus,
1532 897 1649 979 inquit,
1682 897 1945 980 transgressiones
1978 901 2058 974 tuos,
2094 896 2154 961 boe

145 984 225 1048 haes
247 982 327 1047 satis
349 981 471 1064 passim
495 992 572 1046 nota
594 992 653 1064 est,
680 1001 778 1062 quam
806 978 982 1046 crudeliter
1012 981 1123 1045 alflisti
1175 990 1235 1060 est,
1257 979 1369 1046 dolebo
1392 992 1524 1064 peooata
1547 992 1666 1061 vestra,
1688 991 1722 1046 et
1743 1001 1802 1047 vos
1820 982 1988 1047 absolvam
2012 1002 2031 1044 a
2049 991 2152 1046 reatu.

145 1068 267 1133 tuerint
302 1065 472 1131 Israelitas
505 1067 546 1131 ab
579 1064 735 1131 hostibus.
791 1066 888 1132 Nune
921 1086 1000 1150 ergo
1035 1067 1122 1131 voei-
1175 1065 1268 1130 Deus
1291 1087 1369 1150 ergo
1393 1067 1491 1132 sumit
1513 1066 1576 1131 sibi
1595 1066 1655 1132 has
1674 1077 1793 1149 partes,
1816 1087 1933 1149 nempe
1955 1066 2062 1149 primo
2084 1066 2153 1131 lsso

145 1155 306 1230 ferantur,
325 1173 412 1216 nuno
431 1172 466 1215 se
482 1157 602 1217 vosant
618 1153 765 1216 omnium
782 1153 992 1217 miserrimos.
1026 1151 1123 1217 Unde
1175 1151 1322 1216 stimulat
1344 1152 1510 1217 Israelitas
1533 1151 1574 1215 ad
1600 1153 1869 1235 resipiscentiam,
1900 1150 2017 1216 deinde
2039 1151 2153 1215 adiun-

146 1239 227 1304 haoo
256 1236 468 1302 lamentatio?
506 1258 621 1319 nempe
650 1239 799 1320 quoniam
818 1238 1026 1317 perverterint
1053 1236 1124 1301 viss
1175 1239 1224 1320 git
1253 1258 1343 1320 spem
1369 1239 1498 1303 veniae:
1534 1247 1568 1301 st
1597 1236 1675 1303 dioit
1701 1237 1882 1303 remedium
1913 1238 1984 1301 sore
2018 1237 2083 1301 illis
2117 1239 2153 1300 in

144 1344 232 1402 suas,
255 1323 372 1405 inquit.
406 1322 549 1388 Perinde
571 1322 672 1405 igitur
695 1336 744 1388 est
766 1344 803 1388 as
826 1325 853 1387 si
872 1322 993 1388 dioerst
1016 1323 1124 1405 prodi·
1175 1335 1345 1405 promptu,
1386 1322 1484 1387 modo
1526 1344 1567 1387 ne
1601 1323 1827 1388 obdurescant.
1882 1323 1953 1388 Iam
1983 1321 2154 1388 Israelitae

145 1411 270 1494 giosam
293 1429 364 1474 essa
387 1407 476 1472 illam
500 1408 692 1487 socordiam,
724 1429 808 1491 quas
830 1418 902 1473 erat
923 1410 956 1472 in
981 1407 1123 1486 Iudaeis,
1176 1408 1373 1491 respondent
1402 1430 1442 1472 ex
1476 1409 1632 1492 opposito,
1666 1408 1746 1474 Esse
1774 1428 1831 1473 ass
1859 1409 1903 1475 sd
1931 1413 1959 1472 te
1987 1409 2165 1473 eruamus:

145 1495 231 1578 quod
265 1499 331 1558 non
364 1493 590 1576 resipisoerent
623 1494 782 1558 admoniti
818 1496 954 1558 fratrum
988 1514 1123 1558 suorum
1175 1492 1240 1558 His
1263 1496 1455 1577 perstringit
1477 1493 1636 1560 Ieremias
1659 1494 1911 1558 obstinationem
1935 1493 2043 1576 gentis
2065 1513 2152 1576 suae,

145 1593 258 1663 poena
315 1579 400 1643 Nam
433 1579 600 1645 salamitae
635 1600 718 1662 quae
758 1578 920 1644 assideret
953 1579 1123 1660 Israelitis,
1175 1601 1275 1661 quum
1299 1579 1378 1646 dioit
1399 1580 1578 1656 Israelitas,
1601 1580 1657 1644 ubi
1680 1580 1727 1645 ita
1749 1579 1841 1645 Deus
1863 1600 1918 1645 eos
1951 1580 2090 1662 benigne
2112 1577 2152 1642 ad

145 1665 297 1731 omnibus
319 1666 502 1729 incusserat
530 1677 697 1729 terrorem.
741 1666 917 1730 Florusrat
949 1665 1036 1728 onim
1068 1662 1123 1729 diu
1176 1686 1209 1729 ss
1233 1667 1446 1744 revocaverit,
1470 1686 1536 1731 non
1555 1665 1623 1730 lore
1642 1666 1834 1747 obstinatos,
1858 1665 1915 1730 sed
1934 1665 2044 1746 potius
2062 1665 2153 1729 floxi-

145 1771 285 1834 regnum
307 1750 406 1814 illud:
437 1760 526 1814 tarra
553 1752 722 1815 exinanita
744 1751 806 1815 fuit
827 1750 950 1827 insolis,
974 1761 1007 1814 et
1030 1771 1123 1815 ossu-
1175 1750 1257 1817 biles
1275 1751 1316 1815 ad
1335 1752 1538 1833 obsequium.
1569 1751 1641 1816 Hos
1655 1750 1786 1834 quidem
1805 1770 1871 1814 non
1889 1751 1950 1815 luit
1968 1748 2152 1832 impletum,

146 1848 222 1919 pata
243 1856 263 1899 a
285 1836 363 1900 feris
394 1835 514 1916 bestiis,
543 1835 645 1900 dones
676 1837 768 1902 missi
798 1846 876 1900 sunt
905 1857 945 1900 ex
977 1835 1123 1914 Perside,
1176 1834 1254 1900 dum
1277 1835 1410 1900 libertas
1433 1834 1591 1902 redeundi
1620 1837 1696 1902 data
1725 1836 1786 1900 fuit
1816 1835 1945 1919 populo,
1974 1835 2038 1899 nisi
2068 1834 2153 1916 quod

145 1932 179 1985 et
209 1922 282 1985 aliis
315 1921 464 2004 partibus
493 1920 717 2002 orientalibus,
744 1923 799 2004 qui
828 1942 900 1985 eam
931 1922 1123 1986 incolerent.
1176 1922 1269 2003 pausi
1293 1922 1372 1986 tasti
1393 1932 1479 1999 sunt,
1502 1935 1534 1987 et
1557 1921 1786 2004 praetulerunt
1807 1921 1945 2004 gloriam
1967 1919 2031 1985 Dei
2055 1929 2153 1985 terre-

146 2009 249 2071 Terra
268 2015 335 2070 tam
352 2025 492 2070 amoena
507 2014 541 2069 et
560 2005 688 2082 fertilis,
709 2007 870 2089 quomodo
885 2009 992 2089 potuit
1007 2005 1125 2070 similis
1176 2007 1227 2072 nis
1248 2008 1439 2072 sommodis:
1463 2006 1521 2072 sed
1543 2007 1607 2071 tuit
1624 2007 1678 2071 ille
1698 2008 1836 2091 exiguus
1856 2026 2026 2070 numerus:
2050 2025 2154 2087 neque

147 2113 218 2156 osse
241 2090 393 2156 deserto?
418 2111 535 2174 nempe
553 2092 629 2172 quia
650 2091 741 2158 Deus
760 2093 808 2157 ita
824 2091 1042 2175 praedixerat,
1062 2092 1125 2155 Ne·
1177 2092 1308 2171 mirum,
1330 2093 1526 2176 quinetiam
1550 2113 1617 2156 non
1639 2093 1761 2157 frustra
1784 2090 1869 2156 dixit
1891 2090 2031 2155 antehae
2053 2091 2153 2172 Deus,

148 2177 306 2260 glexistis,
340 2177 463 2258 inquit,
495 2176 629 2242 sabbata
659 2198 748 2242 mea:
785 2178 876 2260 atqui
905 2185 994 2241 terra
1016 2187 1126 2242 vestra
1178 2178 1205 2241 si
1228 2199 1314 2243 unus
1338 2179 1465 2243 venerit
1488 2199 1529 2242 ex
1551 2178 1641 2255 urbe,
1669 2184 1703 2242 et
1725 2176 1788 2242 duo
1811 2198 1852 2241 ex
1876 2175 1963 2240 tribu
1993 2196 2068 2253 una,
2098 2173 2153 2239 ad-

147 2264 305 2344 quiescet,
336 2282 443 2343 neque
472 2262 612 2343 amplius
641 2262 832 2346 fatigabitur
854 2283 873 2327 s
895 2263 998 2328 vobis.
1043 2263 1126 2327 Erat
1178 2263 1315 2328 missum
1339 2271 1447 2328 mmen
1470 2263 1521 2339 iri,
1545 2263 1694 2344 quamvls
1724 2263 1779 2327 alii
1803 2260 1901 2327 defixi
1925 2271 2095 2325 manerent
2117 2260 2152 2323 in

149 2347 368 2430 speotaeulum
392 2346 474 2411 illud
497 2346 715 2412 formidabile:
746 2359 779 2413 et
801 2359 916 2431 gentes
939 2349 1050 2430 procul
1075 2368 1124 2412 re·
1178 2370 1237 2413 sua
1263 2349 1454 2432 pervieasia.
1505 2347 1672 2431 Quidquid
1702 2347 1755 2423 sit,
1785 2348 1877 2412 Deus
1907 2345 1960 2410 hio
1989 2345 2154 2428 signifieat

148 2447 256 2497 motae
277 2443 431 2515 poterant
461 2432 547 2514 apud
578 2454 613 2498 se
644 2432 829 2516 expendere
860 2443 983 2514 quanta
1010 2434 1126 2498 luisset
1178 2433 1344 2498 Israelitas
1368 2455 1433 2498 non
1455 2433 1525 2497 lora
1548 2444 1615 2497 tam
1645 2432 1855 2515 praefractos,
1887 2432 1965 2514 quin
1988 2451 2066 2496 suae
2096 2429 2150 2498 ad.-

147 2517 259 2602 pspuli
292 2517 381 2583 illius
415 2519 574 2600 impietas,
609 2516 649 2582 de
679 2540 742 2601 qua
765 2519 857 2584 Deus
885 2533 950 2582 tam
980 2524 1124 2584 atrooem
1178 2520 1352 2582 monitioni
1384 2517 1555 2592 obediant,
1596 2539 1698 2601 quum
1730 2517 1797 2583 illis
1826 2517 2030 2600 proposuerit
2062 2535 2153 2598 spem

147 2603 328 2668 vindietam
362 2615 557 2685 sumpserat.
612 2603 726 2667 Iudaei
764 2604 819 2684 qui
860 2603 1026 2668 habebant
1064 2602 1125 2668 sub
1178 2606 1347 2667 venisset
1370 2602 1495 2668 salutis.
1539 2604 1612 2669 Hos
1634 2613 1744 2668 ostem
1766 2603 1853 2680 faoit,
1882 2623 1946 2684 quo
1970 2603 2075 2684 magis
2097 2600 2153 2665 de·

147 2689 250 2753 oeulis
279 2687 370 2751 illam
402 2685 622 2768 solitudinem,
650 2701 683 2751 et
705 2690 895 2753 vastitatem
925 2701 1040 2766 terrae,
1068 2688 1125 2769 qui
1178 2689 1338 2754 testabilis
1360 2690 1403 2754 sit
1425 2688 1482 2752 illa
1504 2689 1689 2767 obstinatio,
1720 2710 1784 2770 qua
1813 2687 2006 2752 laborabant
2027 2684 2153 2750 Iudaei.

147 2775 304 2837 videbant
330 2773 447 2836 fratres
477 2792 552 2837 suos
580 2773 681 2837 luisse
711 2773 883 2855 dispersos,
912 2793 1022 2838 nonne
1051 2771 1125 2854 plus
1177 2772 1246 2837 Alii
1279 2784 1387 2838 autem
1422 2784 1540 2857 putant
1574 2774 1627 2838 his
1653 2774 1844 2856 exprobrari
1867 2771 2036 2850 Israelitis,
2069 2770 2153 2853 qnod

147 2878 242 2940 quam
266 2857 386 2939 stupidi
410 2867 516 2940 erant,
547 2877 648 2938 quum
671 2858 732 2921 hoo
762 2869 866 2923 totum
898 2855 1124 2942 negligerent?
1179 2859 1330 2923 simulate
1359 2869 1590 2942 praetexerent
1617 2880 1651 2923 se
1674 2860 1782 2924 Deum
1811 2878 1939 2941 semper
1967 2858 2153 2939 quaesiisse.

147 2945 238 3026 Ergo
273 2943 419 3007 videmus
452 2962 516 3025 quo
549 2943 662 3007 tendat
689 2945 864 3025 propheta:
902 2943 979 3022 Vox,
1009 2945 1125 3025 inquit,
1178 2943 1325 3009 Elisiunt
1357 2944 1461 3027 igitur
1487 2945 1575 3010 huno
1601 2965 1750 3009 sensum:
1784 2943 1853 3008 Vos
1886 2952 1995 3007 autem
2029 2941 2151 3021 diaetis,

147 3049 243 3111 saper
264 3026 384 3093 essedas
405 3029 516 3093 aedito
540 3033 594 3111 eet,
622 3030 891 3111 quemadmodum
915 3030 942 3093 si
971 3030 1007 3092 in
1035 3050 1126 3092 mon·
1178 3028 1257 3096 ane
1286 3049 1343 3094 ass
1370 3030 1413 3094 sd
1440 3035 1469 3094 te
1495 3031 1613 3094 reuersi
1644 3050 1763 3108 sumas,
1796 3034 1830 3092 tu
1858 3049 1891 3094 aa
1919 3027 2010 3093 Deua
2041 3033 2154 3108 noem,

147 3115 229 3177 dum
258 3114 397 3196 fastigiis
424 3116 605 3178 clamarent
632 3113 814 3181 Israelitas.
860 3113 979 3195 Fletus,
1008 3113 1124 3196 inquit,
1178 3115 1269 3196 quasi
1292 3136 1405 3180 esrum
1430 3114 1618 3199 hypocrisin
1638 3113 1818 3194 damnaret,
1840 3115 1994 3196 quoniam
2018 3113 2154 3178 meutie-

145 3201 377 3278 preosts'oaam:
405 3198 551 3263 sednon
579 3200 734 3285 intelligit
762 3221 884 3283 preses,
914 3220 997 3281 qnae
1027 3198 1124 3263 fidem
1178 3200 1298 3265 bantur
1330 3222 1364 3266 se
1393 3202 1502 3284 ipsum
1531 3220 1660 3282 semper
1689 3200 1876 3283 quaesiisse.
1926 3197 1993 3265 Sed
2025 3197 2154 3264 videtur

148 3293 327 3349 testentur:
355 3285 606 3350 lamentationes
628 3285 819 3368 simpliciter
847 3285 1012 3369 intelligit,
1042 3305 1125 3368 quae
1178 3284 1259 3350 mihi
1284 3285 1345 3350 hoo
1366 3306 1498 3368 prorsus
1521 3307 1591 3351 esse
1622 3286 1766 3350 alienum
1797 3305 1815 3349 a
1845 3284 2022 3368 prophetae
2045 3305 2154 3348 seusu.

148 3369 313 3434 declarent
336 3370 502 3434 miseriam
525 3380 558 3434 et
579 3369 714 3436 sladem.
746 3370 788 3435 ln
811 3392 928 3437 causae
945 3369 1125 3436 redditione
1177 3371 1293 3452 ltaque
1316 3392 1381 3435 non
1405 3371 1515 3436 dubito
1538 3373 1616 3453 quin
1645 3371 1708 3450 hio,
1736 3370 1829 3435 velut
1849 3372 1882 3433 in
1905 3373 2041 3451 pistura,
2064 3369 2152 3433 Iere-

149 3476 214 3519 non
237 3455 352 3519 reoitat
369 3456 530 3537 propheta
547 3454 625 3538 quid
644 3456 785 3522 confossi
807 3457 929 3522 fuerint
947 3456 1126 3535 Israelitas,
1177 3458 1260 3521 mias
1282 3466 1446 3539 proponat
1467 3456 1598 3520 Iudaeis
1621 3455 1707 3537 quod
1730 3457 1818 3538 Ipsos
1837 3475 1966 3519 movere
1985 3454 2090 3531 debet,
2113 3474 2154 3518 ne

148 3540 205 3604 sed
229 3561 360 3606 eausam
382 3539 526 3605 ostendit
547 3562 605 3607 sur
623 3544 668 3606 ita
687 3541 839 3607 flebiliter
857 3541 1029 3624 deplorant
1050 3563 1126 3608 suas
1178 3553 1245 3606 tam
1268 3546 1334 3606 sint
1356 3543 1589 3607 esutumaoitor
1611 3540 1733 3606 addisti
1756 3541 1824 3605 suis
1846 3538 2038 3605 sceleribus:
2064 3536 2153 3618 Esse,

148 3647 333 3701 aerumnas,
350 3627 425 3707 quia
440 3626 564 3692 soiliset
580 3628 789 3707 perverterint
805 3628 877 3691 sias
895 3645 981 3705 suas,
998 3632 1026 3691 et
1042 3627 1126 3692 obliti
1177 3627 1294 3708 inquit,
1318 3626 1410 3692 Deus
1432 3630 1569 3709 paratus
1586 3629 1637 3691 est
1657 3626 1800 3708 resipere
1822 3624 1856 3687 in
1876 3624 2016 3707 gratIam
2036 3623 2154 3690 fratres

147 3712 265 3791 fuerint
288 3709 420 3776 Ialessos
441 3710 505 3776 Dei
526 3714 588 3778 sui.
634 3712 754 3776 Postea
777 3712 937 3795 adiungit,
1178 3722 1314 3787 vestros,
1349 3713 1404 3794 qui
1427 3721 1537 3775 tamen
1560 3719 1639 3776 sant
1667 3710 1797 3794 perditi,
1830 3720 1863 3774 et
1893 3709 2071 3791 desperati:
2104 3709 2153 3774 illi

1178 3805 1286 3861 autem
1311 3795 1366 3859 ubi
1389 3794 1578 3861 audiverint
1599 3816 1710 3861 vooem
1733 3794 1808 3873 Dsi,
1838 3816 1902 3878 qua
1925 3807 1991 3858 tam
2020 3796 2155 3860 somiter

234 3882 286 3945 22.
310 3881 516 3946 Revertatur·
535 3880 599 3962 fili-t
616 3881 751 3961 rebelles,
768 3883 885 3947 aurudo
904 3884 1125 3966 traaspressio-
1177 3891 1211 3946 et
1233 3883 1422 3946 humaniter
1450 3881 1522 3946 illos
1555 3881 1596 3945 ad
1629 3901 1664 3945 se
1677 3882 1824 3977 ‘invitat
1856 3880 2010 3946 redibunt
2041 3879 2154 3962 prooul

147 3988 202 4033 aes
222 3971 352 4031 vestros.
397 3965 478 4032 Esse
499 3985 555 4031 ass
572 3968 714 4032 venimus
731 3968 1125 4049 adte,qaistu1ebossb
1178 3965 1291 4031 dubio:
1314 3967 1391 4049 quid
1414 3986 1491 4049 ergo
1514 3967 1672 4032 oessatis?
1716 3967 1761 4030 Et
1783 3965 1895 4031 eodem
1919 3986 2017 4030 sensu
2039 3973 2154 4047 postea

148 4054 239 4119 Deus
259 4057 372 4116 noas.
1177 4051 1336 4137 adiudgit,
1367 4052 1453 4117 Certe
1471 4052 1605 4132 follares
1627 4073 1648 4115 s
1669 4050 1806 4130 redibat,
1836 4056 1863 4116 et
1884 4051 2049 4116 maddado
2070 4070 2156 4115 mon·

234 4137 285 4201 23.
312 4136 397 4202 sete
418 4136 549 4218 sodada
571 4157 592 4200 o
613 4136 749 4216 collibus,
772 4138 938 4203 multitudo
960 4140 1127 4204 montium:
1177 4140 1257 4203 tiam
1296 4136 1361 4222 (vel
1399 4157 1419 4201 a
1450 4137 1662 4203 multitudine
1694 4140 1874 4214 montium,
1915 4147 1954 4200 ut
1987 4147 2154 4218 repetatur

148 4229 226 4288 terte
247 4224 281 4286 in
305 4221 441 4287 Iettssslt
463 4220 532 4287 Deo
553 4228 658 4287 nostro
679 4222 768 4288 solas
790 4223 905 4289 Israel.
1178 4224 1273 4288 litera
1298 4222 1346 4308 m).
1391 4223 1455 4289 His
1485 4223 1634 4305 pluribus
1665 4223 1773 4287 verbis
1806 4221 1961 4303 exprimit
1994 4219 2152 4303 propheta

1179 4309 1403 4373 testimonium
1436 4308 1673 4390 poenitentias:
1707 4308 1799 4389 quas'i
1829 4306 1980 4381 dicerent,
2013 4307 2154 4371 Fuimus

237 4393 301 4458 Ilio
325 4396 388 4458 iam
412 4393 564 4458 hortatur
586 4394 677 4457 Deus
699 4393 864 4458 Israelitas
887 4394 928 4458 ad
957 4395 1125 4477 poeniten·
1179 4392 1304 4477 decepti
1328 4414 1347 4458 a
1368 4393 1504 4458 eollibus
1522 4403 1556 4458 et
1578 4392 1788 4458 multitudino
1808 4392 1986 4457 montium:
2011 4391 2072 4456 bos
2094 4403 2153 4466 est,

151 4478 239 4554 tiam,
261 4487 298 4542 nt
321 4498 432 4543 eorum
462 4479 612 4562 exemplo
642 4487 845 4544 commoveat
867 4478 1015 4544 Iudaeos.
1061 4480 1125 4545 Po·
1178 4479 1368 4561 putavimus
1401 4480 1470 4543 fore
1503 4479 1578 4562 plus
1611 4477 1765 4561 praesidii
1798 4479 1832 4542 in
1866 4496 1985 4560 magns
2019 4477 2152 4541 deornm

151 4563 215 4628 tuit
235 4563 367 4643 quidem
386 4563 510 4630 utilitas
533 4564 633 4628 huius
651 4562 817 4629 doetrinae
839 4564 1127 4648 etiampsrvenire
1178 4586 1326 4641 numero,
1359 4586 1457 4647 quam
1491 4566 1519 4629 si
1553 4583 1655 4628 unum
1686 4562 1795 4627 Deum
1828 4563 2016 4628 soleremus.
2061 4560 2153 4625 Haeo

150 4646 192 4712 ad
214 4650 349 4713 miseros
371 4649 527 4732 saptivss,
547 4659 581 4713 et
603 4649 749 4714 exsules:
780 4651 835 4714 sed
865 4653 1018 4731 qusniam
1038 4649 1125 4715 Iere—
1178 4650 1360 4732 impostura
1392 4651 1492 4733 igitur
1525 4669 1586 4713 nss
1620 4649 1721 4714 traxit
1753 4647 1794 4713 ad
1827 4648 2009 4712 interitum.
2063 4647 2152 4730 Ergo

150 4736 232 4797 miss
255 4734 427 4817 peculiaris
445 4744 516 4799 erat
533 4735 646 4800 dootsr
667 4736 774 4818 gentis
796 4754 881 4814 suae,
905 4755 972 4799 non
991 4735 1126 4801 dubium
1179 4755 1268 4800 nuno
1289 4736 1451 4801 lacessant
1472 4735 1583 4800 omnia
1604 4733 1661 4798 illa
1683 4733 1869 4799 mandaria:
1897 4732 2042 4797 contenti
2064 4735 2152 4796 enim

152 4830 218 4901 est,
259 4821 337 4900 quin
371 4819 437 4885 hus
476 4821 618 4885 maxime
651 4839 783 4903 operam
816 4840 910 4884 suam
943 4822 1126 4900 contulerit,
1178 4821 1300 4885 erimus
1322 4830 1354 4885 te
1378 4820 1472 4884 unios
1494 4818 1575 4886 Deo.
1622 4820 1772 4902 Denique
1802 4819 1853 4882 his
1878 4817 1985 4883 verbis
2007 4818 2152 4884 latentur

151 4903 426 4985 quemadmodum
454 4906 552 4969 etlam
584 4905 706 4971 dietum
737 4911 797 4970 est.
848 4904 938 4970 Deus
965 4927 1043 4992 ergo
1072 4907 1127 4972 hie
1178 4906 1349 4972 Israelitas
1382 4926 1416 4969 so
1447 4903 1546 4969 luisse
1580 4905 1730 4989 pessimis
1763 4903 1929 4968 erroribus
1963 4912 2082 4968 traotos
2116 4903 2151 4966 in

151 4989 296 5055 deelarat
317 5010 352 5053 se
375 4990 444 5055 sore
461 4990 652 5073 plasabilem
671 4990 840 5070 Israelitis,
858 4991 1037 5073 quamlibet
1055 5013 1127 5076 gra·
1176 4991 1364 5074 pernisiem,
1387 4990 1465 5055 dum
1488 4990 1549 5055 sibi
1572 4991 1767 5056 assisterent
1788 4989 1907 5054 multos
1926 4986 2024 5066 Deos,
2048 5008 2151 5070 neque

152 5075 238 5140 viter
254 5077 470 5156 pausaverint.
498 5075 618 5140 Postea
632 5077 759 5141 indusit
775 5077 866 5161 ipsos
881 5077 1126 5161 respondentes,
1178 5077 1420 5159 aequiesoerout
1441 5076 1476 5139 in
1499 5096 1564 5139 uno
1586 5076 1665 5142 Des.
1700 5073 1838 5139 Addunt
1861 5074 1970 5152 stiam,
1997 5073 2152 5154 Qasaism

151 5159 231 5224 ane
251 5180 307 5225 ass
330 5159 373 5224 od
399 5166 427 5225 te
451 5161 568 5225 reversi
595 5181 714 5241 sumus,
738 5161 801 5240 vel,
829 5164 996 5228 seramus.
1040 5163 1125 5228 Nam
1178 5167 1255 5228 certe
1283 5163 1319 5226 ia
1345 5159 1492 5241 Iebosatt,
1519 5166 1546 5225 et
1573 5160 1642 5226 Deo
1667 5166 1770 5226 aestro
1797 5165 1841 5225 est
1866 5159 1963 5225 solus.
2008 5159 2074 5225 His
2095 5178 2150 5243 op·

152 5243 207 5309 hio
223 5246 332 5327 potius
349 5244 479 5311 disserit
495 5247 653 5329 propheta
668 5246 708 5311 de
726 5247 837 5312 lutura
852 5247 962 5314 desem
981 5249 1127 5314 tribuam
1179 5258 1305 5330 ponunt
1339 5247 1469 5312 anisum
1506 5244 1615 5311 Deum
1648 5247 1800 5310 omnibus
1834 5245 1942 5310 idolis:
1977 5246 2070 5326 quasi
2104 5246 2151 5309 di·
