4784 5970
2130 354 2197 421 208

190 371 254 438 aot
1067 366 1117 432 uu
1140 328 1306 434 1sa1su

188 559 315 624 unitate
337 559 371 623 in
394 577 512 641 corpus
537 578 638 624 unum
663 555 859 621 coalescunt.
903 554 1061 637 Quisquis
1082 575 1160 638 ergo
1211 554 1264 631 sit,
1288 576 1329 619 ne
1350 554 1466 619 saltem
1489 574 1530 619 ex
1560 553 1715 621 ecclesiae
1744 552 1850 617 ruinis
1879 570 2018 635 regnum
2042 545 2192 614 Satanae

188 645 224 709 in
246 662 381 709 numero
399 642 544 709 filiorum
562 643 626 708 Dei
646 639 757 707 haberi
775 639 872 718 volet,
893 641 937 706 sit
954 640 1041 706 filius
1058 639 1160 705 eccle·
1211 652 1380 706 cresceret.

187 730 264 796 siae.
309 728 449 811 Semper
471 729 559 794 enim
583 727 679 794 alieni
702 734 801 792 erunt
817 750 838 791 a
856 727 927 792 Deo
949 726 1004 809 qni
1026 725 1067 790 ab
1090 725 1161 808 ipsa
1297 725 1347 791 20.
1377 724 1504 811 (Adbuc
1531 724 1653 808 dhaet.)
1696 723 1789 789 Idem
1812 732 2046 807 argumentum
2077 740 2190 804 prose·

188 828 415 900 segregantur.
1212 812 1322 892 quitur
1344 812 1465 878 Isaiae:
1495 823 1589 895 atquc
1612 810 1852 875 restitutionem
1874 808 2028 874 ccclesiae
2052 808 2117 873 sub
2140 806 2190 872 di·

273 899 392 985 (Quasi
420 899 621 983 maereo.)
664 896 817 963 Ostendit
842 897 1000 980 propheta
1022 897 1095 980 quis
1118 896 1161 961 sit
1214 917 1308 962 versa
1330 898 1436 980 figora
1461 898 1629 979 promittit.
1674 896 1759 960 Eam
1781 908 1891 960 antem
1913 893 2045 961 mulieri
2068 892 2190 958 vidum

189 1006 289 1052 verns
320 986 473 1052 ecclesiae
499 995 647 1050 ornatus:
682 1005 808 1067 nempe,
841 986 870 1049 si
897 983 1016 1048 liberos
1046 1002 1161 1065 quam·
1212 993 1269 1046 aut
1298 985 1405 1064 potius
1427 983 1530 1048 sterili
1552 995 1729 1064 comparat,
1759 993 1795 1046 ut
1816 981 1973 1045 miserum
1996 991 2031 1045 et
2053 978 2190 1045 calami·

189 1072 346 1156 plurimos
370 1071 496 1150 habeat,
525 1072 580 1153 qui
602 1070 665 1135 fide
688 1070 729 1134 ad
751 1071 855 1152 ipsam
878 1079 1106 1218 aggregentur,
1129 1076 1162 1131 et
1212 1079 1319 1133 tosum
1342 1069 1410 1133 eius
1433 1068 1543 1152 populi
1565 1081 1687 1134 statum
1709 1067 1862 1133 declaret.
1907 1066 1972 1130 'Iot
1992 1067 2084 1130 enim
2115 1084 2191 1147 pre-

190 1169 347 1242 regantur
375 1156 494 1239 spiritu
524 1156 594 1220 Dei.
650 1156 715 1221 Hic
744 1176 842 1220 verns
876 1155 969 1238 splen
992 1173 1044 1218 or:
1083 1153 1164 1218 haec
1213 1152 1362 1218 mebatur
1382 1155 1552 1237 angustiis,
1575 1166 1610 1219 ut
1629 1154 1785 1217 memoria
1803 1152 1911 1237 gentis
1928 1151 2064 1234 penitus
2082 1148 2190 1216 deleta

190 1242 344 1309 ecclesiae
365 1242 469 1325 gloria
495 1253 560 1306 est:
595 1240 710 1323 quibus
737 1242 765 1305 si
792 1252 910 1317 careat,
941 1239 1095 1304 deformis
1125 1260 1162 1302 ac
1214 1239 1387 1304 videretur.
1432 1240 1517 1304 Nam
1541 1240 1703 1322 permixta
1725 1237 1915 1316 Chaldaeis,
1946 1238 2001 1319 qui
2023 1238 2189 1320 captivam

191 1327 348 1410 squalida,
370 1329 435 1391 imo
459 1327 559 1391 veluti
583 1327 687 1392 lacera
709 1348 746 1391 ac
769 1325 928 1409 discerpta
950 1327 1022 1390 erit.
1066 1323 1162 1390 Unde
1212 1323 1303 1389 illam
1326 1325 1489 1401 tenebant,
1512 1326 1547 1389 in
1570 1324 1658 1391 aliud
1682 1322 1917 1407 propemodum
1938 1342 2058 1405 corpus
2081 1333 2189 1387 bans

192 1414 405 1495 perspicimus
427 1433 525 1495 qnam
556 1411 638 1477 belle
668 1422 801 1476 teneant
830 1413 976 1494 papistae
1005 1408 1162 1492 quomodo
1213 1409 1306 1474 ierat.
1350 1410 1424 1475 Non
1447 1412 1567 1477 mirum
1589 1411 1692 1495 igitur
1715 1411 1741 1475 si
1764 1431 1837 1475 eam
1858 1409 1960 1475 sterili
1984 1408 2085 1473 matri
2107 1426 2191 1472 com·

191 1501 253 1563 rite
277 1499 380 1580 ipsam
404 1501 512 1563 ornari
536 1508 693 1580 oporteat.
734 1499 806 1562 Τοιί
830 1500 916 1562 enim
939 1497 973 1561 in
996 1496 1090 1578 pictis
1113 1503 1162 1558 ta-

191 1584 286 1666 bulis,
306 1585 341 1648 in
360 1585 484 1662 statuis,
502 1584 537 1647 in
556 1583 699 1665 lapidum
718 1591 892 1660 structura,
911 1584 945 1647 in
964 1600 1053 1659 auro,
1074 1600 1163 1664 gem·

191 1670 265 1747 mis,
288 1684 322 1734 et
343 1670 487 1734 vestibus
509 1669 669 1752 pretiosis,
698 1668 758 1735 hoc
780 1676 840 1747 est,
869 1670 904 1733 in
933 1668 1058 1751 puppis,
1089 1679 1163 1731 tan·

191 1776 288 1838 qnam
310 1754 413 1837 pueri,
435 1768 641 1837 occupantur.
677 1758 723 1818 At
738 1776 816 1820 vera
838 1754 992 1820 ecclesiae
1010 1752 1163 1836 dignitas,

192 1851 353 1923 quatenus
375 1841 509 1922 spiritus
531 1841 635 1906 sancti
659 1840 751 1906 donis
778 1849 915 1918 constat,
945 1838 1080 1903 interior
1102 1849 1162 1902 est.

193 1925 321 1991 Deinde
343 1927 377 1990 in
400 1925 476 1990 fidei
498 1936 531 1991 ct
556 1927 686 2009 pietatis
715 1927 859 2008 profectu
881 1925 944 1990 sita
966 1933 1024 1990 est.
1070 1923 1164 1989 Unda

192 2013 347 2094 sequitur,
371 2013 438 2075 suis
460 2013 659 2077 ornamentis
680 2011 1062 2094 praeclare'instructam
1084 2028 1164 2084 esse,

193 2118 295 2180 qnnm
318 2097 454 2179 populns
475 2095 539 2162 fida
562 2099 751 2162 coniunctus
778 2098 817 2162 ad
843 2095 950 2160 Deum
972 2096 1035 2160 rite
1055 2094 1165 2158 colen-

193 2183 272 2247 dnm
294 2183 329 2247 in
351 2184 421 2246 eins
442 2186 514 2247 sinu
536 2183 699 2248 convenit.
744 2183 818 2262 Quo
847 2191 953 2246 antem
976 2181 1049 2263 plns
1071 2179 1166 2245 certi·

1214 1512 1318 1578 parat,
1348 1517 1449 1578 qnnm
1472 1497 1555 1561 nulli
1577 1498 1612 1562 in
1635 1497 1782 1560 futurum
1804 1503 1935 1578 tempus
1956 1493 2051 1559 liberi
2075 1494 2188 1578 gigne·

1214 1594 1338 1647 rantur.
1383 1582 1480 1647 Prius
1501 1584 1680 1648 floruerant
1701 1580 1833 1646 Iudaei:
1858 1579 1916 1646 sed
1937 1579 2120 1664 collapsum
2142 1591 2189 1644 est

1214 1687 1353 1750 regnum
1386 1683 1419 1731 et
1451 1667 1592 1733 concidit
1624 1676 1715 1733 totus
1747 1667 1858 1750 vigor:
1892 1686 2013 1732 nomen
2047 1664 2189 1747 deniqne

1214 1752 1282 1818 lere
1304 1754 1501 1818 exstinctum
1524 1764 1587 1834 est,
1617 1773 1717 1836 quum
1738 1753 1775 1817 in
1797 1752 1949 1818 exsilium
1974 1752 2072 1818 eiecti
2100 1764 2189 1816 sunt.

1215 1839 1385 1904 Promittit
1421 1860 1498 1921 ergo
1536 1842 1680 1904 futurum
1715 1850 1753 1903 nt
1784 1848 1931 1922 emergat
1963 1858 2006 1901 ex
2040 1835 2191 1921 squalore

1215 1925 1359 2002 ecclesia,
1382 1933 1521 2005 atquae
1544 1946 1631 1989 nunc
1653 1925 1799 1989 solitaria
1821 1936 1871 1987 est
1893 1944 1967 1987 eum
1992 1931 2118 1987 statum
2142 1941 2191 1984 re·

1215 2020 1348 2092 cuperet
1369 2030 1467 2091 quem
1489 2012 1579 2092 prins
1603 2011 1769 2075 habuerat.
1803 2009 1915 2091 Atque
1933 2007 1996 2073 hoc
2012 2006 2194 2074 includitur

1216 2098 1277 2161 sub
1300 2117 1376 2162 voce
1406 2094 1522 2173 addua
1556 2118 1598 2160 ne
1625 2095 1778 2160 diffidant
1806 2097 1841 2160 in
1869 2093 2004 2159 arbitrio
2027 2093 2095 2159 Dei
2123 2112 2194 2158 esse

1218 2181 1354 2247 reddere
1386 2181 1472 2264 qnod
1505 2182 1582 2246 olim
1616 2181 1766 2261 dederat,
1804 2180 1954 2264 quamvis
1987 2178 2029 2244 ad
2063 2188 2194 2261 tempus

195 2268 319 2333 tudinis
342 2268 460 2332 habeat
490 2268 570 2333 haec
601 2269 783 2350 promissio,
815 2269 977 2332 Dominus
1006 2266 1166 2331 iusiuran-
1218 2267 1364 2332 ablatum
1389 2267 1497 2347 luerit.
1542 2266 1638 2348 Quod
1662 2265 1812 2332 nonnulli
1842 2288 1900 2348 per
1926 2264 2012 2347 filios
2041 2262 2194 2330 orbitatis

195 2355 274 2418 dum
297 2353 460 2418 adhibuit:
484 2375 611 2436 nempe,
634 2363 670 2418 ut
692 2374 752 2419 nos
774 2375 794 2419 a
816 2352 999 2418 diffidentia
1021 2361 1166 2416 revocet:
1218 2354 1303 2418 filios
1325 2353 1455 2417 orbatos
1475 2353 1680 2436 intelligunt,
1710 2374 1775 2418 non
1797 2354 1878 2417 satis
1899 2350 2079 2418 convenire
2102 2362 2195 2435 puto.

194 2449 228 2504 et
250 2459 350 2520 quum
372 2439 543 2503 interitum
562 2440 630 2504 eius
652 2440 776 2504 instare
793 2438 989 2522 putabimus,
1013 2436 1052 2501 de
1074 2436 1167 2501 rosti-
1219 2439 1305 2503 Nam
1335 2438 1456 2503 orbitas
1485 2455 1518 2501 et
1540 2439 1694 2503 sterilitas
1726 2439 1833 2522 potius
1862 2436 1904 2503 ad
1930 2437 2088 2502 ecclesiae
2122 2454 2193 2518 per·

195 2525 323 2590 tutione
341 2524 441 2606 ipsius
460 2534 558 2606 atque
576 2526 812 2590 instauratione
827 2525 907 2590 certi
924 2524 1036 2589 simus.
1071 2521 1145 2602 Quo
1220 2545 1334 2589 sonam
1357 2524 1504 2588 refertur.
1549 2524 1628 2588 Ideo
1651 2523 1869 2606 amplificandi
1899 2542 1998 2589 causa
2026 2523 2077 2587 sic
2099 2534 2195 2586 vocat

194 2612 222 2677 si
239 2631 383 2692 unquam
400 2610 480 2675 haec
495 2611 643 2675 doctrina
659 2610 840 2676 necessaria
856 2610 925 2686 luit,
949 2610 1011 2674 hoc
1026 2608 1167 2672 maxima
1220 2612 1277 2692 qui
1313 2620 1442 2692 praeter
1478 2630 1569 2692 spem
1606 2612 1704 2675 orbae
1740 2621 1774 2674 et
1806 2609 1909 2675 sterili
1946 2607 2015 2672 dati
2053 2608 2194 2673 inerunt

195 2711 340 2779 tempore
374 2697 555 2761 necessaria
588 2712 645 2760 est.
703 2695 905 2777 Quocunque
937 2696 1025 2760 enim
1059 2694 1167 2759 oculos
1222 2694 1333 2761 Secede
1353 2695 1417 2760 ate
1438 2694 1532 2775 mibi,
1566 2696 1686 2770 idest,
1720 2696 1754 2759 in
1784 2696 1922 2778 gratiam
1956 2713 2075 2758 meam
2120 2690 2194 2757 Non

195 2783 426 2858 convertimus,
445 2781 528 2847 nihil
546 2784 688 2848 occurrit
705 2793 835 2865 praeter
852 2779 1050 2846 horrendam
1072 2779 1167 2844 vasti·
1221 2782 1308 2865 qnod
1334 2780 1397 2863 piis
1418 2782 1593 2847 conveniat
1615 2784 1733 2847 fratres
1754 2801 1831 2846 suos
1853 2778 2029 2846 extrudere
2051 2777 2107 2845 vel
2130 2798 2194 2843 mo·

196 2879 307 2931 tatem.
353 2866 441 2947 Quid
464 2890 541 2950 ergo
564 2867 656 2934 nobis
682 2868 845 2951 agendum
875 2880 934 2950 est,
964 2868 1027 2932 nisi
1050 2879 1085 2928 nt
1107 2865 1169 2929 hoc
1222 2890 1298 2932 vere
1320 2866 1404 2931 loco:
1428 2866 1483 2931 sed
1505 2866 1656 2950 loquendi
1680 2867 1815 2931 formam
1834 2888 1875 2931 ex
1894 2866 2022 2949 vulgari
2045 2884 2195 2930 sermono

196 2952 260 3016 Dei
280 2952 491 3016 iureiurando
510 2953 637 3017 suffulti
659 2953 839 3017 eluctemur
856 2973 897 3017 ex
920 2948 1169 3034 desperatione?
1223 2962 1391 3017 mutuatus
1413 2965 1462 3017 est
1485 2953 1650 3034 propheta,
1681 2962 1718 3017 ut
1738 2953 1899 3035 significet
1921 2950 2049 3016 nnllam
2071 2951 2196 3016 incom-

198 3059 258 3101 nec
281 3051 460 3099 terreamur
481 3038 643 3118 paucitate
661 3051 773 3103 nostra
791 3058 872 3119 quae
894 3059 954 3101 nos
976 3037 1170 3116 contempti·
1224 3038 1411 3102 moditatem
1432 3038 1501 3102 lore
1518 3039 1683 3104 obstaculo
1701 3039 1781 3120 quin
1800 3037 1897 3103 multi
1914 3035 2043 3101 admitti
2063 3036 2197 3120 cupiant

198 3122 279 3188 biles
301 3121 425 3184 mundo
448 3120 570 3185 reddit:
601 3144 661 3187 neo
689 3122 874 3187 dubitemus
896 3122 974 3203 quin
1004 3119 1099 3184 multi
1129 3141 1171 3182 ex
1224 3136 1256 3187 et
1278 3123 1338 3186 sibi
1362 3124 1468 3187 locum
1491 3124 1632 3205 aliquem
1656 3125 1735 3189 dari.
1765 3124 1839 3189 Hoc
1861 3133 1969 3189 autem
1992 3122 2118 3188 factum
2141 3133 2197 3197 est,

199 3207 312 3272 electis
346 3207 482 3287 dispcrsi
518 3219 695 3288 vagentur,
733 3227 812 3288 quos
846 3208 979 3271 tandem
1013 3206 1104 3268 Deus
1136 3204 1171 3269 in
1225 3229 1324 3290 quum
1352 3206 1515 3273 Dominus
1544 3231 1585 3272 ex
1615 3219 1681 3274 toto
1714 3211 1791 3274 orba
1824 3210 2013 3274 innumeros
2048 3206 2196 3273 homines

199 3292 367 3357 ecclesiam
402 3292 601 3375 aggregabit.
658 3293 748 3376 Ergo
781 3291 928 3374 erigendi
957 3304 1035 3355 sunt
1062 3290 1172 3367 animi,
1224 3294 1365 3375 collegit.
1416 3293 1501 3357 Nam
1534 3294 1641 3360 subito
1674 3308 1707 3360 et
1738 3310 1867 3377 praeter
1899 3314 1991 3377 spem
2025 3293 2197 3359 hominum

199 3392 298 3460 atque
320 3376 489 3442 attollendi
512 3377 576 3442 fide
599 3377 692 3455 oculi,
723 3389 759 3443 nt
788 3399 854 3442 non
876 3378 983 3441 solum
1012 3378 1045 3439 in
1074 3396 1172 3439 unam
1225 3379 1349 3462 repleta
1371 3387 1421 3443 est
1443 3380 1589 3456 ecclesia,
1619 3403 1699 3463 qnae
1723 3383 1814 3465 prius
1836 3400 1940 3446 vacua
1958 3392 2046 3444 erat:
2081 3377 2196 3460 ampli·

199 3476 350 3542 aemtem,
373 3462 428 3527 sed
452 3465 483 3526 in
508 3462 735 3547 longissimum
760 3473 888 3546 tempus
913 3483 1003 3545 spem
1027 3473 1173 3526 nostram
1224 3466 1311 3531 ficati
1334 3465 1403 3528 cius
1424 3466 1505 3530 fines
1528 3466 1686 3549 longeque
1709 3483 1741 3532 et
1763 3469 1828 3531 late
1851 3467 1979 3532 extensi
2002 3474 2091 3531 sunt.

200 3570 423 3633 prorogemus.
1310 3551 1362 3615 21.
1384 3549 1442 3635 (Et
1461 3552 1544 3616 dites
1564 3553 1600 3617 ln
1622 3552 1807 3638 cordetuo.)
1842 3553 1905 3617 His
1923 3550 2033 3617 verbis
2055 3550 2197 3616 admira·

287 3635 336 3699 19.
359 3634 529 3719 (Quoniam
549 3635 754 3700 desolationes
775 3632 869 3718 tuoe.)
902 3634 1084 3699 Confirmat
1102 3632 1175 3697 aliis
1227 3637 1341 3715 bilem,
1373 3636 1413 3700 de
1443 3658 1507 3720 qua
1536 3659 1624 3702 nunc
1653 3642 1737 3720 agit,
1770 3639 1923 3705 ecclesiae
1955 3636 2199 3703 restitutionem

202 3721 309 3783 verbis
340 3719 426 3800 quod
456 3721 522 3784 iam
546 3720 696 3796 vidimus,
726 3721 940 3785 mutationem
971 3739 1068 3802 quam
1100 3738 1174 3801 pro·
1226 3722 1295 3787 lore
1325 3723 1512 3796 denuntiat,
1545 3738 1642 3805 atque
1671 3724 1742 3789 ideo
1769 3722 1947 3788 introducit
1979 3722 2199 3787 admirantem

201 3806 291 3870 misit
313 3805 347 3868 in
367 3824 462 3869 manu
479 3804 543 3868 Dei
559 3824 640 3884 csse,
662 3817 698 3868 ut
711 3805 855 3882 ecclesia,
878 3827 961 3886 quae
977 3806 1031 3871 diu
1049 3814 1175 3870 uastata
1226 3812 1338 3890 ipsam,
1369 3820 1464 3890 atqua
1487 3812 1788 3890 obstupescentem,
1810 3810 1894 3892 quod
1917 3808 2074 3873 inusitata
2102 3816 2200 3889 atque

204 3911 242 3955 ao
265 3889 422 3971 dissipata
444 3890 515 3968 luit,
544 3890 635 3954 brevi
665 3890 783 3954 multos
814 3891 931 3955 habeat
960 3891 1098 3955 incolas:
1129 3893 1175 3954 ita
1226 3894 1393 3976 inopinata
1414 3893 1540 3959 ratione
1562 3895 1712 3960 restituta
1734 3897 1787 3959 sit.
1828 3894 1895 3960 Nec
1918 3892 2201 3976 proiecto-huius·

205 3990 242 4039 ut
263 3977 306 4040 sit
328 3975 495 4058 angustior
517 3974 606 4040 locus
624 3997 719 4057 quam
744 3990 779 4040 nt
797 3996 909 4041 omnes
927 3995 1041 4058 capere
1064 3976 1174 4057 possit.
1227 3979 1314 4043 modi
1348 3977 1520 4061 descriptio
1554 4000 1795 4062 supervacanea
1827 3994 1886 4046 est.
1938 3979 2008 4045 Nec
2041 3982 2134 4044 enim
2164 3987 2201 4041 ut

204 4061 317 4127 Utitur
350 4060 562 4125 similitudine
597 4061 686 4125 urbis
717 4077 870 4137 vastatae,
900 4063 992 4127 cuius
1025 4063 1110 4125 muri
1144 4073 1176 4123 et
1228 4085 1314 4129 nova
1348 4063 1474 4129 soboles
1507 4066 1650 4145 quotidie
1682 4067 1857 4133 succrescit
1888 4064 2096 4148 hominibus,
2136 4082 2200 4145 qna

206 4145 352 4210 aedificia
381 4147 615 4223 instaurantur,
645 4146 686 4210 ad
716 4167 811 4227 quam
839 4149 927 4213 cives
960 4161 1025 4210 tam
1056 4167 1175 4228 magno
1227 4171 1332 4232 genus
1354 4149 1535 4214 humanum
1558 4167 1766 4235 propagatur,
1788 4153 1837 4217 ita
1858 4162 2038 4217 nascuntur
2059 4150 2123 4217 filii
2138 4148 2201 4213 Dei

205 4252 342 4296 numero
375 4232 513 4295 redeunt
541 4242 577 4294 ut
606 4231 773 4296 dilatanda
800 4232 864 4297 sint
897 4234 967 4298 eius
1000 4233 1175 4315 pomoeria,
1227 4245 1261 4300 et
1288 4236 1456 4313 ecclesiae,
1489 4237 1544 4316 qni
1574 4258 1638 4301 non
1669 4259 1710 4301 ax
1740 4259 1838 4303 carne
1869 4246 1901 4301 et
1932 4236 2111 4320 sangnine,
2144 4233 2199 4300 aad

204 4316 289 4399 quod
313 4316 403 4399 prior
426 4318 566 4381 ambitus
589 4337 702 4382 omnes
724 4318 891 4383 continere
913 4330 1060 4399 nequeat.
1101 4317 1175 4381 Non
1228 4340 1348 4385 arcana
1370 4320 1491 4385 virtute
1511 4322 1582 4399 Dei,
1605 4324 1640 4387 in
1658 4345 1759 4389 novas
1780 4335 1945 4391 creaturas
1967 4325 2199 4389 reformantur.

207 4403 312 4467 solum
329 4422 406 4485 ergo
424 4402 578 4484 intelligit
596 4402 815 4469 reductionem
836 4403 948 4485 populi
966 4402 1175 4485 eBabylcne,
1228 4406 1356 4470 Natura
1385 4405 1472 4471 enim
1502 4430 1521 4470 a
1549 4428 1652 4491 regno
1674 4409 1739 4474 Dei
1768 4411 1865 4475 alieni
1898 4429 2021 4473 sumus.
2067 4406 2200 4492 Siquis

206 4489 264 4553 sed
298 4488 536 4552 restitutionem
572 4508 656 4569 quae
693 4509 752 4570 por
785 4487 954 4552 Christum
995 4490 1080 4552 lacta
1112 4501 1177 4553 est:
1228 4513 1306 4574 ergo
1328 4511 1451 4555 novum
1470 4492 1531 4557 hoc
1549 4514 1630 4575 opus
1647 4503 1743 4577 atque
1765 4495 1932 4561 insolitum
1955 4494 2152 4571 consideret,
2170 4506 2201 4556 et

206 4595 308 4657 quum
339 4572 462 4639 scilicet
495 4573 630 4637 ecclesia
664 4595 726 4637 non
762 4584 887 4637 tantum
921 4594 980 4654 per
1012 4572 1176 4653 Iudaeam,
1228 4598 1293 4659 qna
1316 4577 1440 4642 ratione
1470 4590 1667 4660 propagetur
1695 4579 1832 4646 ecclesia
1853 4592 1887 4646 et
1904 4580 2019 4660 duret,
2049 4580 2200 4662 obstupe

207 4658 264 4724 sad
287 4660 384 4723 etiam
407 4679 465 4739 per
488 4660 675 4722 universum
698 4658 808 4723 orbem
831 4658 927 4739 longe
953 4659 1081 4739 lateque
1104 4679 1177 4740 pro·
1229 4683 1318 4726 scere
1351 4669 1494 4745 cogetur.
1549 4664 1643 4728 Hanc
1677 4674 1785 4731 autem
1822 4665 2075 4732 admirationem
2111 4665 2201 4732 hand

206 4755 326 4829 pagata
347 4756 405 4808 est.
450 4743 554 4809 Addit
576 4744 673 4807 etiam
704 4743 901 4825 praesidinm
931 4745 998 4808 fore
1028 4757 1177 4825 paratum
1228 4750 1337 4812 fictam
1360 4748 1438 4823 lore,
1466 4762 1504 4813 ut
1525 4769 1621 4831 saepe
1643 4751 1683 4815 ab
1706 4750 1925 4817 adulatoribus
1951 4753 2202 4834 proficiscuntur

206 4832 234 4897 si
257 4832 312 4913 qui
335 4850 405 4895 earn
437 4828 546 4894 hostes
575 4829 743 4893 infestent:
774 4831 838 4894 imo
868 4830 1011 4911 quietam
1040 4830 1108 4892 fore
1137 4830 1177 4895 ab
1230 4831 1387 4897 eiusmodi
1420 4854 1532 4911 voces,
1573 4836 1630 4900 sed
1664 4858 1705 4901 ex
1737 4838 1847 4902 animo
1878 4838 2098 4921 proiecturam
2132 4857 2202 4903 esse

206 4936 318 4980 eornm
342 4916 470 4980 iniuriis
493 4928 526 4978 et
547 4914 713 4992 molestiis,
741 4917 816 4996 qnia
839 4916 928 4979 Deus
950 4913 1064 4998 procul
1092 4915 1178 4996 ipsos
1230 4918 1386 4983 ostendit:
1410 4921 1562 5002 quoniam
1583 4920 1671 4986 iusta
1693 4924 1756 4987 erit
1777 4943 1875 4989 cansa
1896 4921 2093 5008 admirandi,
2116 4923 2201 5007 qnod

208 5001 334 5083 abiget:
358 5022 420 5064 nou
444 4999 531 5083 quod
554 4999 687 5065 ecclesia
709 5021 854 5081 unquam
879 5000 914 5064 in
937 5010 1043 5064 totum
1066 5010 1180 5081 pacata
1230 5002 1392 5068 Dominus
1409 5005 1548 5071 servarit
1566 5007 1733 5072 ecclesiam
1752 5009 1786 5073 in
1803 5010 1902 5074 tantis
1920 5008 2083 5092 periculis,
2102 5026 2203 5075 nova·

208 5087 316 5165 fuerit,
346 5100 380 5152 et
401 5088 441 5152 ab
471 5085 559 5151 omni
590 5084 699 5150 hostili
731 5085 889 5149 violentia
921 5085 1091 5150 immunis:
1121 5087 1178 5150 sed
1230 5108 1293 5170 que
1315 5097 1349 5152 et
1371 5091 1594 5172 inexspectata
1623 5094 1732 5158 sobole
1760 5096 1959 5178 propagarit.
2004 5094 2090 5176 Quis
2112 5095 2203 5161 enim

208 5182 320 5236 tamen
361 5171 451 5238 Deus
489 5193 622 5237 snorum
666 5170 848 5234 infirmitati
888 5190 1024 5251 parcens
1064 5171 1179 5252 impios
1231 5183 1384 5255 putasset,
1413 5197 1478 5258 quo
1499 5187 1645 5260 tempore
1666 5181 1937 5262 contemptissimi
1960 5193 2056 5246 erant
2077 5181 2204 5259 Iudaei,

209 5257 382 5339 prohibuit,
411 5278 586 5340 eorumque
610 5260 749 5339 impetus
779 5258 943 5340 repressit,
971 5267 1029 5320 aut
1057 5254 1178 5323 discus·
1230 5260 1385 5342 omnique
1413 5261 1607 5344 probrorum
1637 5274 1670 5329 et
1700 5265 1904 5332 miseriarum
1934 5287 2056 5350 genere
2084 5267 2205 5350 obruti,
