4784 5970
194 379 257 445 629
929 376 979 441 IN
1001 373 1250 441 Ianiculum.
1295 375 1393 442 OAP.
1416 377 1458 441 V.
2132 376 2196 444 630

195 589 254 633 cur
276 569 362 650 ipsos
387 575 455 631 tam
477 564 602 629 duriter
625 573 757 642 tractet,
786 585 824 630 ac
845 565 873 630 ei
895 573 1004 629 esseut
1026 563 1164 627 innoxii.
1218 563 1283 627 ficii
1312 564 1399 630 haud
1426 564 1524 629 dubie
1545 564 1587 629 ad
1609 564 1732 631 crimen
1761 564 1895 631 illorum
1926 565 2193 650 amplificandum

196 653 360 734 Quoniam
393 673 470 736 ergo
497 651 558 715 hoo
579 651 613 713 in
636 671 692 714 ore
722 650 843 715 babent
875 649 1076 732 hypocritae,
1111 648 1165 714 hic
1218 649 1317 728 valet,
1348 648 1434 733 quod
1463 650 1534 716 iure
1556 652 1677 733 optimc
1708 650 1917 733 possidebant
1945 651 2194 731 terramillam,
2304 716 2310 727 ,

196 739 356 823 propheta
373 736 522 813 occurrit,
545 734 629 818 Erit,
651 736 766 818 inquit,
788 756 885 818 qaum
902 735 1064 800 dicentis:
1085 733 1167 798 allo·
1218 755 1314 816 quam
1338 745 1446 801 umen
1468 757 1534 800 uon
1556 737 1784 818 acquisierant.
1820 737 1917 818 Dicit,
1937 738 1980 802 Ia
1993 743 2077 802 terra
2091 743 2195 803 techa

196 825 310 907 quitur
331 823 467 889 Iudaeos
489 823 526 885 in
552 841 690 903 persona
711 821 794 887 Dei:
824 833 938 902 postea
964 821 1075 885 statim
1098 841 1165 884 ser·
1217 820 1359 886 evaeus
1384 823 1469 886 deos:
1505 841 1564 887 nec
1593 821 1673 887 dicit
1702 831 1830 887 tantum
1860 822 1938 889 dees
1968 824 2101 901 alienos,
2136 821 2194 889 sed

196 930 326 975 monem
350 910 412 974 Dei
434 906 473 971 ad
497 928 533 971 se
554 907 659 989 ipsum
681 909 852 973 convertit.
895 907 997 987 Quum
1019 887 1193 971 diceriticl
1219 905 1297 971 deos
1330 907 1520 972 alienorum.
1576 906 1683 990 Saepe
1715 909 1762 972 ita
1795 908 1975 992 loquuntur
2008 908 2194 992 prophatae,

196 1016 282 1080 erqo,
316 996 420 1076 Quare
449 993 522 1071 fecit
552 992 643 1057 cotie
674 992 748 1058 haee
776 994 883 1058 omnia
912 991 1048 1056 Ielrocat
1076 990 1167 1057 Deus
1218 1003 1339 1058 vocant
1361 992 1438 1058 deos
1461 992 1567 1068 alieni,
1592 1003 1650 1058 aut
1671 994 1780 1077 populi
1803 995 2024 1079 alienigenae:
2048 993 2105 1060 aed
2128 1015 2194 1059 em·

196 1081 323 1146 acum?
355 1080 420 1145 Hic
442 1079 561 1143 tribuit
583 1078 764 1161 hypocritis
785 1076 872 1161 quod
895 1079 960 1143 lere
983 1097 1111 1159 semper
1133 1078 1166 1140 in
1220 1078 1351 1159 phatica
1369 1089 1419 1144 eat
1436 1079 1590 1161 loquutio,
1614 1079 1788 1161 quiaillud
1808 1081 2014 1163 turpiusest,
2036 1091 2070 1145 et
2085 1080 2195 1144 minus

197 1189 252 1232 ore
278 1171 423 1249 ipsorum
447 1165 563 1228 volitat
594 1165 718 1245 quoties
750 1164 897 1231 citantur
931 1161 971 1227 ad
1000 1161 1165 1228 iudicium.
1219 1164 1414 1247 excusabile,
1449 1162 1534 1247 quod
1557 1164 1684 1244 Iudaei,
1716 1186 1816 1249 quum
1846 1165 1881 1230 in
1911 1164 2017 1231 medio
2047 1167 2195 1248 ipsorum

197 1253 281 1317 Nam
312 1250 445 1334 perinde
477 1250 629 1315 instructi
661 1260 739 1315 sunt
768 1249 808 1314 ad
838 1248 1045 1332 iurgandum,
1075 1269 1111 1312 ac
1139 1249 1166 1312 si
1220 1249 1502 1329 habitaretDeus,
1526 1260 1697 1315 accersunt
1719 1251 1779 1316 sibi
1804 1251 1976 1318 hincinde
1995 1251 2081 1329 dece,
2100 1248 2195 1333 quasi

198 1340 320 1422 optima
348 1348 434 1402 esset
455 1357 567 1400 eorum
590 1355 705 1401 causa:
735 1346 768 1401 ot
790 1337 817 1400 si
841 1334 880 1400 ad
904 1335 1062 1399 rationem
1093 1333 1167 1398 red·
1220 1345 1367 1417 peterent
1397 1336 1475 1402 deos
1504 1338 1690 1420 aprofanis
1722 1337 1874 1420 gentibue
1907 1338 2073 1419 precario:
2106 1336 2195 1400 Date

198 1423 337 1487 dandam
360 1422 534 1487 obstrictus
557 1424 639 1486 toret
662 1421 762 1499 Deus,
786 1432 916 1504 possent
938 1442 1012 1486 eum
1035 1419 1167 1484 convin-
1221 1420 1313 1485 nobis
1335 1422 1411 1487 deos
1433 1432 1569 1488 vestros.
1608 1422 1681 1488 Hoc
1702 1422 1805 1506 igitur
1825 1423 1987 1506 flagitium
2010 1444 2100 1488 nunc
2120 1440 2196 1504 pro·

197 1530 270 1575 cere
299 1507 519 1587 crudelitatis,
552 1507 606 1572 vel
638 1508 802 1574 immodici
835 1507 962 1591 rigoris.
1008 1506 1167 1571 Videmus
1219 1507 1321 1590 pheta
1338 1507 1441 1593 digito
1459 1507 1613 1586 ostendit,
1635 1508 1724 1589 Qraod
1741 1509 1909 1574 aemulat
1926 1509 1992 1574 diis
2009 1507 2195 1574 alienorum.

197 1616 274 1678 ergo
304 1602 340 1658 ut
368 1593 524 1677 depingat
556 1593 609 1658 hic
642 1592 797 1678 graphice
829 1593 987 1676 propheta
1020 1593 1168 1657 homines
1220 1593 1340 1658 Postea
1358 1593 1517 1678 adiungit,
1538 1593 1685 1659 Seraieta's
1703 1594 1832 1659 elbam:
1849 1614 1914 1658 non
1934 1593 2091 1677 intelligit
2108 1592 2196 1673 deos,

197 1681 403 1762 praefractos,
436 1680 492 1760 qni
522 1677 635 1744 cedere
667 1680 825 1756 nesciunt,
858 1691 891 1743 et
913 1680 1043 1761 culpam
1066 1696 1167 1761 agno·
1221 1700 1292 1743 mec
1314 1679 1449 1745 iudicio:
1473 1688 1507 1745 et
1527 1679 1800 1762 quemadmodum
1824 1680 1889 1743 iam
1913 1680 1991 1756 dixi,
2014 1677 2198 1762 depravant

197 1787 300 1831 scere:
335 1765 391 1831 sed
414 1766 520 1829 fronte
543 1765 635 1846 quasi
667 1767 772 1830 ferrea
802 1766 978 1847 insurgunt
1010 1763 1168 1829 adversus
1220 1785 1353 1831 sensum
1375 1766 1431 1848 qni
1454 1766 1516 1832 hoo
1538 1766 1740 1832 transferunt
1769 1764 1810 1830 ad
1834 1765 1929 1831 deos:
1961 1763 2018 1830 sed
2049 1764 2195 1847 loquitur

196 1851 323 1917 Deum:
357 1849 630 1933 quemadmodum
661 1851 782 1916 similes
812 1852 898 1916 locos
926 1850 1002 1915 alibi
1027 1849 1169 1915 vidimus
1221 1849 1261 1915 de
1283 1849 1363 1933 ipsis
1385 1852 1551 1935 tyrannis:
1579 1851 1851 1935 quemadmodum
1874 1852 1951 1916 alibi
1975 1850 2064 1929 dicit,
2087 1848 2196 1914 Dede-

197 1936 282 2020 apud
305 1936 489 2019 prophetae,
519 1937 711 2018 praesertim
734 1937 820 2018 apud
843 1936 1039 2001 Malachiam
1064 1937 1169 2018 primo
1222 1958 1292 2001 ram
1315 1938 1406 2002 vobis
1434 1938 1522 2021 legen
1552 1957 1640 2003 meas
1669 1939 1780 2013 bonae,
1815 1957 1897 2020 quae
1929 1939 1985 2018 qui
2013 1934 2198 2001 servaverit

198 2023 312 2107 capite.
355 2022 440 2086 Nam
462 2021 529 2088 illic
551 2024 682 2104 saepius
702 2023 870 2105 repetebat
891 2022 1052 2105 propbeta
1074 2042 1170 2087 voces
1222 2022 1311 2088 vivet
1332 2023 1367 2086 in
1390 2023 1484 2105 ipsis:
1507 2030 1540 2088 et
1563 2022 1712 2088 noluistis
1735 2021 1972 2106 obtemperare.
2018 2020 2112 2086 Dabo
2135 2020 2197 2104 igi·

198 2109 319 2192 populi,
351 2108 391 2172 In
415 2106 502 2189 quc?
536 2109 571 2172 in
595 2108 681 2191 qno?
714 2107 792 2190 quid
814 2107 875 2174 boc
897 2107 959 2174 eibi
983 2106 1078 2173 vult?
1113 2105 1169 2174 Sic
1223 2118 1277 2172 tur
1313 2108 1401 2191 leges
1438 2130 1502 2173 non
1539 2106 1656 2186 bonas,
1697 2109 1758 2175 hoc
1793 2121 1860 2184 est,
1901 2109 2068 2191 imponam
2103 2104 2197 2172 vobis

200 2196 295 2258 etiam
319 2215 408 2258 nuno
429 2193 602 2272 Ieremias,
635 2194 738 2275 Quem
762 2195 913 2277 attremat,
947 2193 1052 2274 Quare
1080 2192 1170 2258 nobis
1223 2194 1430 2278 tyrannicum
1453 2195 1575 2278 iugum,
1599 2202 1633 2258 et
1655 2191 1808 2276 diripient
1831 2215 1888 2261 vos
1907 2197 2055 2269 victores,
2079 2200 2113 2256 et
2133 2193 2199 2257 for·

197 2281 270 2361 serit
289 2279 363 2345 baec
384 2280 490 2345 omnia
507 2279 654 2362 Iehecab,
677 2301 714 2344 ac
732 2281 759 2344 ei
778 2290 887 2345 essent
904 2283 1058 2345 insontes.
1086 2278 1170 2343 Nam
1223 2288 1321 2344 tunae
1342 2289 1470 2345 vestras
1500 2280 1630 2345 barbari
1651 2279 1699 2343 illi
1722 2298 1860 2361 qnorum
1888 2301 1995 2345 sermo
2020 2277 2111 2344 vobis
2134 2276 2198 2342 erit

200 2364 328 2448 reprobi
359 2367 450 2448 quasi
477 2365 589 2431 omnia
617 2385 677 2431 sua
702 2364 824 2431 seelera
846 2366 1016 2430 abluerent
1037 2385 1093 2429 ore
1115 2365 1170 2430 ab·
1224 2365 1427 2449 incognitus:
1467 2366 1544 2449 quia
1579 2365 1686 2430 fuistis
1722 2366 1923 2451 immorigeri
1961 2374 1995 2431 et
2028 2362 2195 2431 indociles.

200 2461 313 2528 sterso,
344 2453 390 2516 sic
411 2450 572 2533 prodeunt
594 2453 748 2516 audacter
768 2451 803 2516 in
825 2451 979 2531 medium,
1008 2458 1042 2514 ot
1063 2449 1171 2531 requi·
1222 2450 1388 2534 Sequitur,

200 2544 280 2601 runt
301 2556 447 2613 caueam,
478 2557 536 2602 cur
558 2535 649 2601 Deus
682 2538 769 2619 ipsos
802 2539 947 2619 castiget.
991 2535 1049 2602 Sic
1071 2537 1170 2599 etiam

202 2623 253 2688 hic
276 2620 387 2686 eodem
411 2643 510 2686 sensu
533 2642 599 2686 non
623 2621 775 2686 dubitant
797 2642 912 2685 vocare
935 2621 1042 2685 Deum
1065 2641 1171 2698 suum,
1310 2622 1362 2686 20.
1395 2622 1545 2687 Nuntiate
1570 2621 1624 2688 tce
1645 2623 1680 2687 in
1702 2622 1789 2687 dane
1811 2622 1918 2705 Iacob,
1947 2628 1976 2686 et
1999 2622 2198 2705 promulgate

200 2707 292 2790 quasi
316 2728 394 2771 vero
417 2728 481 2771 non
504 2708 568 2770 iam
591 2707 809 2789 abnegassent
823 2706 943 2783 Deum,
965 2706 1174 2788 quemadmc-
1224 2706 1278 2792 (ad
1303 2708 1449 2784 verbum,
1473 2706 1586 2772 audire
1607 2706 1716 2792 facite)
1738 2708 1773 2772 iu
1795 2707 1951 2792 recedat,
1974 2707 2112 2789 diceadc,
2236 2718 2239 2725 '

201 2792 279 2858 dum
311 2792 384 2857 heri
413 2792 519 2858 visum
552 2793 623 2857 luit.
675 2793 761 2857 Nam
793 2812 902 2857 crassa
934 2790 989 2856 illa
1022 2792 1173 2874 impietas
1310 2793 1362 2858 21.
1391 2792 1510 2858 Audite
1529 2793 1661 2878 agedum
1681 2793 1744 2872 boe,
1769 2793 1885 2875 papale
1904 2792 2006 2875 stulta
2034 2793 2200 2875 daboque

201 2878 288 2962 apud
310 2879 398 2962 ipsos
420 2878 593 2962 regnabat,
627 2878 711 2959 qnod
745 2879 855 2942 omnia
883 2889 1075 2961 regerentur
1108 2877 1171 2941 for·
1224 2877 1330 2945 corde:
1362 2878 1444 2945 ocati
1469 2878 1543 2962 tte,
1577 2885 1606 2944 et
1625 2900 1687 2944 aare
1713 2880 1827 2961 vident,
1856 2899 1951 2945 auree
1979 2877 2055 2959 illis,
2083 2884 2110 2943 et
2137 2898 2200 2944 noa

203 2965 296 3043 tuito,
326 2962 411 3046 qnod
433 2965 524 3028 Deus
547 2985 612 3027 non
634 2967 706 3029 iure
732 2964 820 3045 ipsos
851 2963 1016 3046 plecteret.
1061 2962 1172 3043 Quum
1225 2964 1360 3030 audiant
1380 2964 1427 3050 (et
1448 2985 1513 3030 non
1536 2964 1678 3045 audient,
1701 2962 1925 3049 adverbum).

202 3070 279 3134 ergo
302 3070 361 3114 sua
384 3048 519 3132 pertidia
540 3049 649 3114 Deum
682 3049 943 3131 dereliquissent,
978 3057 1086 3113 tamen
1121 3049 1174 3113 hic

203 3134 430 3218 propheta,'ut
448 3133 599 3200 traducat
619 3156 731 3199 eorum
750 3135 958 3217 proterviam,
978 3133 1105 3199 inducit
1119 3154 1174 3200 ece
1312 3135 1495 3200 Oonfirmat
1523 3136 1683 3219 propheta
1704 3136 1905 3219 superiorem
1928 3133 2127 3217 doctrinam,
2157 3156 2200 3201 ne

203 3221 256 3286 hic
279 3220 458 3302 loquentes,
480 3240 517 3284 ao
541 3222 568 3284 ei
589 3219 695 3285 Deum
719 3227 869 3285 tenerent
890 3218 949 3286 sibi
973 3221 1172 3286 obstrictum.
1226 3221 1350 3288 scilicet
1366 3221 1480 3286 Iudaei
1503 3222 1692 3288 existiment
1711 3242 1745 3287 ee
1762 3222 1881 3288 terreri
1899 3221 2062 3286 duntaxat
2080 3222 2200 3302 verbis,

206 3306 293 3370 Tenc
321 3307 414 3388 dices,
444 3307 562 3387 inquit.
607 3305 700 3371 Deus
722 3306 763 3371 ab
785 3328 853 3371 una
878 3317 970 3388 parte
1001 3306 1175 3388 compellat
1226 3314 1259 3372 et
1284 3329 1350 3372 non
1372 3317 1521 3372 metuant
1543 3308 1669 3373 interea
1691 3306 1754 3371 sibi
1775 3309 1815 3373 ab
1836 3308 1964 3372 affectu.
1999 3307 2090 3373 Dicit
2112 3329 2199 3390 ergo,

204 3391 371 3473 populum,
406 3390 447 3456 ab
476 3392 579 3456 altera
611 3404 718 3456 autem
753 3392 957 3474 prophetam.
1002 3392 1066 3459 Ubi
1096 3412 1174 3476 ergo
1228 3394 1389 3460 Nuntiate.
1433 3393 1507 3457 Non
1529 3391 1665 3487 dubium
1688 3405 1739 3457 est
1768 3394 1846 3475 quin
1881 3392 2008 3457 alludat
2041 3392 2201 3476 propbeta

203 3477 369 3561 coeperint
391 3478 437 3541 ita
458 3475 713 3555 obmurmurare,
745 3477 833 3542 Tenc
856 3478 1057 3560 respondeas,
1092 3478 1175 3558 Quia
1228 3480 1269 3545 ad
1288 3499 1409 3544 morem
1431 3488 1630 3544 consuetum.
1663 3477 1780 3544 Solent
1802 3479 1890 3542 enim
1913 3477 1999 3542 bella
2020 3477 2119 3544 indici
2142 3500 2201 3562 per

202 3583 250 3628 rae
271 3563 491 3644 dereliquistis,
523 3584 587 3645 quo
621 3562 693 3645 plus
727 3563 880 3645 ponderis
913 3561 1030 3627 habeat
1063 3565 1174 3642 oratio,
1228 3585 1412 3648 praecones,
1439 3572 1495 3628 aut
1517 3563 1662 3629 feciales:
1693 3584 1758 3628 non
1780 3565 1891 3628 statim
1915 3561 2025 3628 hostes
2048 3585 2202 3648 grassan-

205 3651 295 3712 Deus
317 3650 388 3712 vult
412 3647 603 3731 prophetam
633 3649 723 3731 loqui
752 3670 794 3713 ex
816 3669 955 3731 persona
987 3669 1055 3727 sua,
1089 3648 1175 3728 Quia
1229 3666 1292 3730 tur,
1321 3650 1377 3714 sed
1401 3648 1521 3714 bellum
1550 3649 1754 3727 denuntiant,
1789 3659 1824 3714 ut
1847 3647 1950 3715 videri
1980 3652 2083 3732 possit
2114 3650 2201 3715 iusta

204 3753 283 3817 crgo
313 3754 361 3797 me
388 3735 614 3816 dereliquistis,
648 3753 685 3798 ac
714 3733 742 3798 si
771 3734 928 3799 Ieremias
962 3755 1026 3798 non
1056 3734 1176 3799 laceret
1229 3736 1320 3801 ratio.
1364 3735 1454 3818 Ergo
1478 3734 1530 3799 hic
1552 3735 1645 3800 Deus
1677 3736 1819 3800 affirmat
1851 3735 1936 3800 serio
1969 3734 2137 3818 loquutum
2166 3757 2201 3801 ee

205 3817 306 3883 verba
328 3819 406 3900 ipse,
430 3819 485 3882 sed
509 3817 600 3883 Deus
623 3841 682 3901 per
704 3839 740 3883 cs
763 3820 848 3884 eius:
871 3819 915 3884 Et
935 3820 1090 3885 caelidis
1112 3821 1177 3885 dtis
1229 3823 1328 3886 luisse
1350 3840 1408 3902 per
1429 3841 1466 3885 os
1487 3820 1656 3898 Ieremias,
1686 3819 1959 3902 quemadmodum
1987 3822 2017 3885 si
2039 3841 2128 3885 more
2150 3843 2201 3887 sc·

204 3903 315 3982 alicui,
348 3904 408 3970 hcc
437 3915 501 3979 eet,
535 3905 724 3980 alienorum,
758 3903 800 3969 Ia
829 3910 915 3971 terro
947 3911 1057 3970 vestra.
1111 3906 1176 3971 Hic
1230 3907 1318 3971 lenni
1338 3915 1371 3970 et
1388 3905 1454 3970 ritu
1474 3905 1595 3971 bellum
1618 3919 1703 3972 esset
1721 3904 1890 3985 indictum,
1913 3907 2025 3971 etiam
2042 3906 2205 3972 instarent

205 3988 350 4054 breviter
371 3989 514 4054 ostendit
535 3989 626 4055 Deus
653 3990 730 4072 quid
754 3991 862 4055 meriti
889 3993 957 4056 sint
979 3991 1109 4056 Iudaei:
1143 4002 1177 4056 et
1231 3992 1347 4056 armati
1377 3991 1497 4056 hostes.
1545 3991 1697 4058 Nuntiate
1729 4013 1807 4075 ergo
1839 3992 1902 4058 bec.
1955 3989 2122 4071 Quidnam
2153 4001 2205 4058 est

205 4084 379 4140 contentus
402 4087 452 4140 ost
472 4074 643 4141 ostendere
663 4097 768 4157 genus
791 4098 894 4141 unum
916 4078 1047 4159 peccati.
1077 4077 1176 4141 Vide·
1230 4079 1312 4143 hoc?
1334 4078 1461 4156 Audite,
1478 4078 1594 4160 popule
1613 4080 1708 4161 fatue,
1732 4077 1847 4160 inquit.
1882 4077 1948 4143 Hic
1970 4078 2077 4159 primo
2099 4099 2205 4145 socor-

205 4162 312 4225 bimus
341 4161 428 4235 alibi,
458 4171 491 4225 et
512 4162 577 4226 iam
600 4161 770 4243 aliquoties
792 4161 942 4242 vidimus,
975 4163 1074 4227 fuisse
1104 4163 1177 4228 aliis
1231 4164 1317 4228 diam
1341 4162 1492 4244 obiurgat
1513 4165 1548 4226 in
1570 4162 1700 4229 Iudaeis
1722 4173 1756 4229 et
1776 4163 1945 4240 Israelitis,
1971 4163 2056 4247 quod
2079 4164 2205 4230 scilicet

206 4246 311 4311 modis
332 4248 514 4324 sceleratos,
539 4255 573 4312 et
594 4268 666 4312 reos
688 4268 798 4312 coram
824 4249 901 4313 Deo.
946 4247 1012 4314 Sed
1034 4248 1088 4312 hic
1110 4248 1178 4314 bre·
1231 4259 1363 4315 careant
1385 4251 1482 4312 etiam
1505 4250 1668 4314 communi
1691 4269 1798 4314 sensu.
1836 4248 1922 4314 Nam
1945 4249 2052 4314 cordis
2074 4251 2205 4314 nomine

206 4333 342 4396 vitatem
362 4334 509 4416 sequitur
531 4334 699 4416 propheta,
721 4344 754 4398 et
772 4355 873 4398 unum
893 4355 996 4418 genus
1017 4334 1179 4399 duntaxat
1232 4345 1387 4415 mentem,
1418 4333 1470 4399 vel
1495 4334 1745 4419 intelligentiam
1775 4334 1963 4418 significant
1985 4335 2138 4413 Hebraei,
2168 4343 2206 4399 ut

206 4418 414 4501 perstringit:
456 4419 531 4501 Vos,
565 4419 687 4502 inquit,
721 4420 861 4484 sociate
894 4422 927 4484 in
957 4425 1043 4484 terra
1075 4419 1177 4484 alteim
1232 4421 1309 4485 alibi
1331 4419 1481 4485 vidimus.
1527 4420 1616 4485 Dicit
1645 4440 1724 4503 ergo
1758 4421 1914 4501 populum
1948 4420 2034 4484 huno
2065 4441 2203 4486 vacuum

206 4504 360 4586 tyranice,
394 4505 446 4586 qni
477 4504 651 4571 crudeliter
674 4525 734 4569 vos
763 4505 967 4588 oppriment:
1005 4506 1087 4587 Quia
1117 4527 1179 4571 ser·
1232 4527 1303 4572 esse
1326 4505 1414 4570 omni
1445 4505 1672 4589 intelligentia.
1717 4505 1830 4569 Primo
1859 4518 1955 4570 vocat
1985 4506 2121 4589 fatam,
2153 4506 2205 4571 rel

207 4590 312 4653 citetis
343 4590 410 4655 diis
437 4591 564 4655 illorrca
591 4593 625 4655 ire
647 4596 731 4656 terra
753 4596 865 4655 cestra.
909 4590 975 4655 Hic
1002 4590 1180 4674 exprobrat
1232 4592 1390 4658 stultum:
1420 4589 1655 4673 sedquoniam
1683 4590 1778 4654 multi
1800 4599 1878 4655 sunt
1900 4590 1984 4656 tardi
2007 4596 2041 4654 et
2063 4590 2205 4670 hebetes,

207 4673 272 4737 illie
295 4675 386 4739 Dens
408 4696 504 4739 snum
534 4678 735 4750 beneficium,
766 4677 852 4759 quod
882 4678 1005 4742 scilicet
1034 4678 1180 4760 expulsis
1233 4679 1289 4760 qui
1310 4689 1420 4742 tamen
1441 4697 1506 4741 non
1526 4678 1658 4741 omnine
1677 4680 1790 4740 carent
1810 4677 1977 4742 communi
1995 4695 2109 4742 sensu:
2132 4677 2206 4742 ideo

207 4759 353 4842 profanis
371 4760 522 4844 gentibus
541 4770 662 4827 terram
675 4763 844 4836 Ohanaan,
863 4783 946 4844 quae
962 4776 1028 4828 tam
1044 4782 1180 4827 amoena
1233 4763 1384 4846 adiungit
1405 4782 1475 4828 esee
1499 4763 1653 4844 papulam
1679 4762 1761 4826 tuae
1786 4761 1901 4844 absque
1921 4762 2019 4828 corde.
2066 4761 2208 4829 Videtur

209 4858 241 4909 et
271 4845 387 4911 fertilis
415 4855 499 4927 erat,
533 4847 597 4912 illis
630 4848 764 4914 dederat
792 4847 1035 4930 possidendam,
1069 4850 1114 4912 ita
1145 4859 1181 4914 ut
1233 4850 1365 4932 quidem
1400 4848 1519 4913 addere
1552 4869 1609 4930 per
1631 4847 1762 4912 modum
1795 4849 2013 4928 correctionis,
2047 4847 2113 4913 illis
2136 4869 2206 4914 esse

208 4942 293 4996 esset
322 4932 388 4997 illie
422 4940 555 4996 aeterna
588 4935 727 5015 requies.
771 4933 863 4998 Deus
886 4934 1024 4999 vocabat
1057 4942 1179 4999 terram
1233 4956 1329 5000 aures
1350 4942 1383 4998 et
1405 4935 1531 5000 oculos:
1565 4933 1621 4999 sed
1656 4933 1777 5000 ironice
1811 4934 1990 5016 amplificat
2017 4934 2104 5016 quod
2127 4935 2207 5014 dixi,

209 5016 298 5082 illam
327 5017 471 5101 requiem
501 5037 608 5096 suam,
644 5039 760 5102 nempe
793 5021 868 5102 quia
898 5026 1081 5102 protegeret
1113 5020 1181 5086 illio
1234 5041 1349 5102 nempe
1372 5042 1436 5084 uon
1458 5021 1569 5085 minue
1591 5019 1737 5102 stupidos
1760 5039 1840 5098 esse,
1870 5040 1967 5103 quam
1999 5027 2130 5085 truncos
2153 5021 2208 5086 vel

209 5101 362 5168 Iudaeos:
397 5102 586 5168 accolebat
616 5125 687 5170 esee
709 5107 800 5187 quasi
831 5104 993 5188 legitimos
1023 5105 1180 5170 haeredes
1234 5105 1367 5187 lapides.
1405 5104 1537 5185 Quare?
1561 5106 1712 5171 vosestis
1736 5105 1837 5170 auriti
1858 5105 2037 5182 etoculati,
2060 5106 2208 5171 eadsine

210 5187 300 5254 illius
330 5200 445 5269 terrae,
479 5210 579 5272 usque
609 5188 650 5254 ad
677 5192 775 5255 finem
806 5190 929 5255 mundi.
974 5190 1070 5256 Nunc
1103 5212 1180 5275 ergo
1234 5192 1310 5256 visu
1333 5201 1365 5256 et
1383 5191 1506 5256 auditu.
1539 5191 1665 5257 Alludit
1687 5190 1775 5257 haud
1798 5190 1895 5257 dubie
1913 5192 1954 5257 ed
1972 5191 2069 5269 idola,
2091 5191 2209 5273 quibus

212 5273 303 5338 dicite
327 5275 428 5340 Terra
452 5274 531 5340 haec
554 5287 663 5341 vestra
682 5287 759 5341 erat.
794 5276 887 5341 Haec
910 5277 1065 5341 memoria
1088 5277 1181 5342 bene·
1236 5276 1356 5343 addicti
1386 5277 1525 5343 fuerant.
1572 5277 1702 5344 Dicitur
1724 5278 1812 5342 enim
1836 5277 1870 5341 in
1894 5277 2026 5343 Psalmo
2055 5275 2141 5361 (115,
2165 5279 2209 5359 8),

1951 5378 2003 5434 40*
