<?xml version="1.0" encoding="UTF-8"?>
<!DOCTYPE html PUBLIC "-//W3C//DTD XHTML 1.0 Transitional//EN"
    "http://www.w3.org/TR/xhtml1/DTD/xhtml1-transitional.dtd">
<html xmlns="http://www.w3.org/1999/xhtml" xml:lang="en" lang="en">
 <head>
  <title>
</title>
<meta http-equiv="Content-Type" content="text/html;charset=utf-8" />
  <meta name='ocr-system' content='tesseract 3.04.00' />
  <meta name='ocr-capabilities' content='ocr_page ocr_carea ocr_par ocr_line ocrx_word'/>
</head>
<body>
  <div class='ocr_page' id='page_1' title='image "./corpusreformato04melagoog_0295.png"; bbox 0 0 4784 5970; ppageno 0'>
   <div class='ocr_carea' id='block_1_1' title="bbox 268 377 2274 489">
    <p class='ocr_par' dir='ltr' id='par_1_1' title="bbox 268 377 2274 489">
     <span class='ocr_line' id='line_1_1' title="bbox 268 377 2274 489; baseline 0 -45"><span class='ocrx_word' id='word_1_1' title='bbox 268 379 332 444; x_wconf 77' lang='lat'>559</span> <span class='ocrx_word' id='word_1_2' title='bbox 1072 379 1459 448; x_wconf 78' lang='lat' dir='ltr'>Pasuuauumuas</span> <span class='ocrx_word' id='word_1_3' title='bbox 1584 482 1587 489; x_wconf 21' lang='grc' dir='ltr'>ι</span> <span class='ocrx_word' id='word_1_4' title='bbox 2207 377 2274 444; x_wconf 82' lang='grc'>560</span> 
     </span>
    </p>
   </div>
   <div class='ocr_carea' id='block_1_2' title="bbox 270 567 2337 5371">
    <p class='ocr_par' dir='ltr' id='par_1_2' title="bbox 270 567 2337 5371">
     <span class='ocr_line' id='line_1_2' title="bbox 270 567 2271 653; baseline 0 -22"><span class='ocrx_word' id='word_1_5' title='bbox 270 567 347 633; x_wconf 92' lang='lat' dir='ltr'>dum</span> <span class='ocrx_word' id='word_1_6' title='bbox 376 569 473 632; x_wconf 90' lang='lat' dir='ltr'>etiam</span> <span class='ocrx_word' id='word_1_7' title='bbox 496 568 530 632; x_wconf 93' lang='lat' dir='ltr'>in</span> <span class='ocrx_word' id='word_1_8' title='bbox 554 568 687 633; x_wconf 91' lang='lat' dir='ltr'>Psalmo</span> <span class='ocrx_word' id='word_1_9' title='bbox 717 567 781 652; x_wconf 87' lang='lat'>(30,</span> <span class='ocrx_word' id='word_1_10' title='bbox 804 568 837 653; x_wconf 88' lang='lat'>6)</span> <span class='ocrx_word' id='word_1_11' title='bbox 871 568 999 648; x_wconf 90' lang='lat' dir='ltr'>dicitur,</span> <span class='ocrx_word' id='word_1_12' title='bbox 1033 569 1241 634; x_wconf 82' lang='lat' dir='ltr'><strong>Momentum</strong></span> <span class='ocrx_word' id='word_1_13' title='bbox 1294 591 1328 634; x_wconf 91' lang='lat' dir='ltr'>se</span> <span class='ocrx_word' id='word_1_14' title='bbox 1351 570 1568 652; x_wconf 89' lang='lat' dir='ltr'>prostituunt,</span> <span class='ocrx_word' id='word_1_15' title='bbox 1603 585 1640 634; x_wconf 89' lang='lat' dir='ltr'>ut</span> <span class='ocrx_word' id='word_1_16' title='bbox 1661 570 1701 635; x_wconf 90' lang='lat' dir='ltr'>ab</span> <span class='ocrx_word' id='word_1_17' title='bbox 1726 590 1789 634; x_wconf 92' lang='lat' dir='ltr'>uno</span> <span class='ocrx_word' id='word_1_18' title='bbox 1812 568 1881 636; x_wconf 92' lang='lat' dir='ltr'>loco</span> <span class='ocrx_word' id='word_1_19' title='bbox 1911 568 1951 632; x_wconf 89' lang='lat' dir='ltr'>ad</span> <span class='ocrx_word' id='word_1_20' title='bbox 1985 567 2127 634; x_wconf 87' lang='lat' dir='ltr'>alterum</span> <span class='ocrx_word' id='word_1_21' title='bbox 2161 578 2271 632; x_wconf 88' lang='lat' dir='ltr'>trans·</span> 
     </span>
     <span class='ocr_line' id='line_1_3' title="bbox 270 652 2272 739; baseline 0.002 -22"><span class='ocrx_word' id='word_1_22' title='bbox 270 656 304 717; x_wconf 91' lang='lat' dir='ltr'>in</span> <span class='ocrx_word' id='word_1_23' title='bbox 326 655 376 717; x_wconf 90' lang='lat' dir='ltr'>ira</span> <span class='ocrx_word' id='word_1_24' title='bbox 398 655 477 730; x_wconf 88' lang='lat' dir='ltr'>eius,</span> <span class='ocrx_word' id='word_1_25' title='bbox 511 654 579 718; x_wconf 87' lang='lat' dir='ltr'>vita</span> <span class='ocrx_word' id='word_1_26' title='bbox 611 664 719 719; x_wconf 88' lang='lat' dir='ltr'>autem</span> <span class='ocrx_word' id='word_1_27' title='bbox 750 656 784 718; x_wconf 94' lang='lat' dir='ltr'>in</span> <span class='ocrx_word' id='word_1_28' title='bbox 815 657 960 719; x_wconf 91' lang='lat' dir='ltr'>bonitate</span> <span class='ocrx_word' id='word_1_29' title='bbox 991 661 1023 720; x_wconf 91' lang='lat' dir='ltr'>et</span> <span class='ocrx_word' id='word_1_30' title='bbox 1052 656 1242 720; x_wconf 89' lang='lat' dir='ltr'>clementia:</span> <span class='ocrx_word' id='word_1_31' title='bbox 1294 666 1437 735; x_wconf 89' lang='lat' dir='ltr'>currant,</span> <span class='ocrx_word' id='word_1_32' title='bbox 1459 657 1601 721; x_wconf 86' lang='lat' dir='ltr'>invitent</span> <span class='ocrx_word' id='word_1_33' title='bbox 1619 678 1657 722; x_wconf 89' lang='lat' dir='ltr'>ac</span> <span class='ocrx_word' id='word_1_34' title='bbox 1675 663 1855 738; x_wconf 83' lang='lat' dir='ltr'>provocent</span> <span class='ocrx_word' id='word_1_35' title='bbox 1877 652 2038 739; x_wconf 90' lang='lat' dir='ltr'>quoslibet</span> <span class='ocrx_word' id='word_1_36' title='bbox 2055 653 2181 719; x_wconf 91' lang='lat' dir='ltr'>obvios.</span> <span class='ocrx_word' id='word_1_37' title='bbox 2215 652 2272 721; x_wconf 86' lang='lat' dir='ltr'>Sic</span> 
     </span>
     <span class='ocr_line' id='line_1_4' title="bbox 271 738 2270 825; baseline 0.001 -21"><span class='ocrx_word' id='word_1_38' title='bbox 271 741 363 822; x_wconf 89' lang='lat' dir='ltr'>quasi</span> <span class='ocrx_word' id='word_1_39' title='bbox 392 741 522 816; x_wconf 86' lang='lat' dir='ltr'>diceret,</span> <span class='ocrx_word' id='word_1_40' title='bbox 556 741 636 804; x_wconf 90' lang='lat' dir='ltr'>iram</span> <span class='ocrx_word' id='word_1_41' title='bbox 661 741 723 804; x_wconf 91' lang='lat' dir='ltr'>Dei</span> <span class='ocrx_word' id='word_1_42' title='bbox 754 741 865 805; x_wconf 87' lang='lat' dir='ltr'>statim</span> <span class='ocrx_word' id='word_1_43' title='bbox 900 762 1110 818; x_wconf 89' lang='lat' dir='ltr'>evanescere,</span> <span class='ocrx_word' id='word_1_44' title='bbox 1149 741 1243 806; x_wconf 91' lang='lat' dir='ltr'>modo</span> <span class='ocrx_word' id='word_1_45' title='bbox 1294 763 1372 825; x_wconf 88' lang='lat' dir='ltr'>ergo</span> <span class='ocrx_word' id='word_1_46' title='bbox 1417 742 1576 824; x_wconf 89' lang='lat' dir='ltr'>propheta</span> <span class='ocrx_word' id='word_1_47' title='bbox 1620 741 1700 807; x_wconf 93' lang='lat' dir='ltr'>dicit</span> <span class='ocrx_word' id='word_1_48' title='bbox 1738 740 1907 806; x_wconf 90' lang='lat' dir='ltr'>Israelitas</span> <span class='ocrx_word' id='word_1_49' title='bbox 1950 761 2023 807; x_wconf 87' lang='lat' dir='ltr'>sese</span> <span class='ocrx_word' id='word_1_50' title='bbox 2066 738 2270 822; x_wconf 83' lang='lat' dir='ltr'>dispersisse.</span> 
     </span>
     <span class='ocr_line' id='line_1_5' title="bbox 270 825 2271 910; baseline 0.002 -23"><span class='ocrx_word' id='word_1_51' title='bbox 270 825 515 909; x_wconf 79' lang='lat' dir='ltr'>resipiscamus:</span> <span class='ocrx_word' id='word_1_52' title='bbox 554 826 660 909; x_wconf 91' lang='lat' dir='ltr'>ipsum</span> <span class='ocrx_word' id='word_1_53' title='bbox 696 848 773 891; x_wconf 91' lang='lat' dir='ltr'>vero</span> <span class='ocrx_word' id='word_1_54' title='bbox 807 829 956 909; x_wconf 83' lang='lat' dir='ltr'>prosequi</span> <span class='ocrx_word' id='word_1_55' title='bbox 991 847 1084 891; x_wconf 89' lang='lat' dir='ltr'>suam</span> <span class='ocrx_word' id='word_1_56' title='bbox 1118 827 1242 892; x_wconf 89' lang='lat' dir='ltr'>miseri·</span> <span class='ocrx_word' id='word_1_57' title='bbox 1295 826 1489 893; x_wconf 85' lang='lat' dir='ltr'>Verecunda</span> <span class='ocrx_word' id='word_1_58' title='bbox 1522 827 1664 909; x_wconf 91' lang='lat' dir='ltr'>loquitur</span> <span class='ocrx_word' id='word_1_59' title='bbox 1693 827 1733 891; x_wconf 91' lang='lat' dir='ltr'>dc</span> <span class='ocrx_word' id='word_1_60' title='bbox 1755 848 1790 892; x_wconf 87' lang='lat' dir='ltr'>re</span> <span class='ocrx_word' id='word_1_61' title='bbox 1812 826 1986 893; x_wconf 89' lang='lat' dir='ltr'>obscoena:</span> <span class='ocrx_word' id='word_1_62' title='bbox 2019 825 2076 891; x_wconf 89' lang='lat' dir='ltr'>sed</span> <span class='ocrx_word' id='word_1_63' title='bbox 2099 827 2147 891; x_wconf 87' lang='lat' dir='ltr'>ita</span> <span class='ocrx_word' id='word_1_64' title='bbox 2169 827 2271 910; x_wconf 89' lang='lat' dir='ltr'>signi-</span> 
     </span>
     <span class='ocr_line' id='line_1_6' title="bbox 270 912 2270 997; baseline 0.002 -22"><span class='ocrx_word' id='word_1_65' title='bbox 270 913 412 975; x_wconf 87' lang='lat' dir='ltr'>cordiam</span> <span class='ocrx_word' id='word_1_66' title='bbox 448 912 595 994; x_wconf 91' lang='lat' dir='ltr'>pluribus</span> <span class='ocrx_word' id='word_1_67' title='bbox 629 912 777 977; x_wconf 88' lang='lat' dir='ltr'>saeculis.</span> <span class='ocrx_word' id='word_1_68' title='bbox 832 913 918 977; x_wconf 88' lang='lat' dir='ltr'>Nam</span> <span class='ocrx_word' id='word_1_69' title='bbox 955 913 1015 979; x_wconf 92' lang='lat' dir='ltr'>hoc</span> <span class='ocrx_word' id='word_1_70' title='bbox 1048 912 1244 997; x_wconf 78' lang='lat' dir='ltr'><strong>intelligitur</strong></span> <span class='ocrx_word' id='word_1_71' title='bbox 1294 913 1372 978; x_wconf 92' lang='lat' dir='ltr'>ficat</span> <span class='ocrx_word' id='word_1_72' title='bbox 1395 935 1461 977; x_wconf 91' lang='lat' dir='ltr'>non</span> <span class='ocrx_word' id='word_1_73' title='bbox 1481 913 1580 978; x_wconf 88' lang='lat' dir='ltr'>fuisse</span> <span class='ocrx_word' id='word_1_74' title='bbox 1602 923 1772 979; x_wconf 88' lang='lat' dir='ltr'>contentos</span> <span class='ocrx_word' id='word_1_75' title='bbox 1791 933 1856 977; x_wconf 91' lang='lat' dir='ltr'>uno</span> <span class='ocrx_word' id='word_1_76' title='bbox 1874 933 1995 996; x_wconf 83' lang='lat' dir='ltr'>genere</span> <span class='ocrx_word' id='word_1_77' title='bbox 2017 912 2270 994; x_wconf 85' lang='lat' dir='ltr'>superstitionis,</span> 
     </span>
     <span class='ocr_line' id='line_1_7' title="bbox 271 996 2269 1082; baseline 0.002 -22"><span class='ocrx_word' id='word_1_78' title='bbox 271 998 356 1062; x_wconf 88' lang='lat' dir='ltr'>vitae</span> <span class='ocrx_word' id='word_1_79' title='bbox 380 1000 518 1062; x_wconf 90' lang='lat' dir='ltr'>nomine.</span> <span class='ocrx_word' id='word_1_80' title='bbox 564 999 682 1062; x_wconf 90' lang='lat' dir='ltr'>Postea</span> <span class='ocrx_word' id='word_1_81' title='bbox 704 998 920 1081; x_wconf 79' lang='lat' dir='ltr'>prosequitur,</span> <span class='ocrx_word' id='word_1_82' title='bbox 1296 999 1347 1062; x_wconf 92' lang='lat' dir='ltr'>vel</span> <span class='ocrx_word' id='word_1_83' title='bbox 1380 1020 1446 1063; x_wconf 92' lang='lat' dir='ltr'>uno</span> <span class='ocrx_word' id='word_1_84' title='bbox 1480 998 1576 1079; x_wconf 91' lang='lat' dir='ltr'>idolo,</span> <span class='ocrx_word' id='word_1_85' title='bbox 1609 1000 1666 1064; x_wconf 91' lang='lat' dir='ltr'>sed</span> <span class='ocrx_word' id='word_1_86' title='bbox 1701 999 1929 1082; x_wconf 89' lang='lat' dir='ltr'>permiscuisse</span> <span class='ocrx_word' id='word_1_87' title='bbox 1960 996 2122 1081; x_wconf 86' lang='lat' dir='ltr'>quaslibet</span> <span class='ocrx_word' id='word_1_88' title='bbox 2154 1019 2269 1081; x_wconf 88' lang='lat' dir='ltr'>super·</span> 
     </span>
     <span class='ocr_line' id='line_1_8' title="bbox 644 1084 2269 1166; baseline 0.001 -19"><span class='ocrx_word' id='word_1_89' title='bbox 644 1096 648 1104; x_wconf 86' lang='grc'><em>·</em></span> <span class='ocrx_word' id='word_1_90' title='bbox 1296 1084 1457 1162; x_wconf 89' lang='lat' dir='ltr'>stitiones,</span> <span class='ocrx_word' id='word_1_91' title='bbox 1491 1096 1524 1148; x_wconf 90' lang='lat' dir='ltr'>ct</span> <span class='ocrx_word' id='word_1_92' title='bbox 1554 1084 1633 1149; x_wconf 89' lang='lat' dir='ltr'>hino</span> <span class='ocrx_word' id='word_1_93' title='bbox 1665 1084 1741 1151; x_wconf 89' lang='lat' dir='ltr'>inde</span> <span class='ocrx_word' id='word_1_94' title='bbox 1773 1084 1951 1166; x_wconf 89' lang='lat' dir='ltr'>sumpsisse</span> <span class='ocrx_word' id='word_1_95' title='bbox 1984 1104 2113 1151; x_wconf 88' lang='lat' dir='ltr'>errores</span> <span class='ocrx_word' id='word_1_96' title='bbox 2142 1086 2269 1151; x_wconf 87' lang='lat' dir='ltr'>varios:</span> 
     </span>
     <span class='ocr_line' id='line_1_9' title="bbox 358 1168 2271 1254; baseline 0.001 -21"><span class='ocrx_word' id='word_1_97' title='bbox 358 1169 407 1233; x_wconf 84' lang='lat'>13.</span> <span class='ocrx_word' id='word_1_98' title='bbox 431 1170 655 1234; x_wconf 77' lang='lat' dir='ltr'><em>Tantummodo</em></span> <span class='ocrx_word' id='word_1_99' title='bbox 676 1168 744 1253; x_wconf 88' lang='lat' dir='ltr'>(vel</span> <span class='ocrx_word' id='word_1_100' title='bbox 762 1170 864 1254; x_wconf 90' lang='lat' dir='ltr'>atqui)</span> <span class='ocrx_word' id='word_1_101' title='bbox 886 1190 1031 1252; x_wconf 71' lang='lat' dir='ltr'>cognosco</span> <span class='ocrx_word' id='word_1_102' title='bbox 1048 1170 1245 1252; x_wconf 79' lang='lat' dir='ltr'>iniquitatem</span> <span class='ocrx_word' id='word_1_103' title='bbox 1296 1170 1567 1252; x_wconf 86' lang='lat' dir='ltr'>quemadmodum</span> <span class='ocrx_word' id='word_1_104' title='bbox 1600 1191 1683 1254; x_wconf 87' lang='lat' dir='ltr'>vaga</span> <span class='ocrx_word' id='word_1_105' title='bbox 1716 1173 1873 1234; x_wconf 82' lang='lat' dir='ltr'>meretrix</span> <span class='ocrx_word' id='word_1_106' title='bbox 1905 1190 1976 1235; x_wconf 90' lang='lat' dir='ltr'>sese</span> <span class='ocrx_word' id='word_1_107' title='bbox 2009 1170 2181 1252; x_wconf 80' lang='lat' dir='ltr'>prostituit</span> <span class='ocrx_word' id='word_1_108' title='bbox 2216 1171 2271 1235; x_wconf 92' lang='lat' dir='ltr'>ho·</span> 
     </span>
     <span class='ocr_line' id='line_1_10' title="bbox 270 1254 2272 1338; baseline 0 -18"><span class='ocrx_word' id='word_1_109' title='bbox 270 1261 372 1336; x_wconf 89' lang='lat' dir='ltr'>tuam,</span> <span class='ocrx_word' id='word_1_110' title='bbox 400 1257 478 1337; x_wconf 84' lang='lat' dir='ltr'>quia</span> <span class='ocrx_word' id='word_1_111' title='bbox 506 1256 656 1319; x_wconf 64' lang='lat' dir='ltr'>morasus</span> <span class='ocrx_word' id='word_1_112' title='bbox 685 1256 831 1319; x_wconf 78' lang='lat' dir='ltr'>Ieliouarn</span> <span class='ocrx_word' id='word_1_113' title='bbox 858 1254 963 1322; x_wconf 85' lang='lat' dir='ltr'>Deam</span> <span class='ocrx_word' id='word_1_114' title='bbox 990 1261 1077 1320; x_wconf 82' lang='lat' dir='ltr'>tuuns</span> <span class='ocrx_word' id='word_1_115' title='bbox 1103 1256 1245 1321; x_wconf 67' lang='lat' dir='ltr'>usurae</span> <span class='ocrx_word' id='word_1_116' title='bbox 1297 1256 1438 1320; x_wconf 87' lang='lat' dir='ltr'>minibus</span> <span class='ocrx_word' id='word_1_117' title='bbox 1460 1256 1635 1338; x_wconf 80' lang='lat' dir='ltr'>incognitis</span> <span class='ocrx_word' id='word_1_118' title='bbox 1657 1257 1777 1338; x_wconf 90' lang='lat' dir='ltr'>absque</span> <span class='ocrx_word' id='word_1_119' title='bbox 1800 1255 1937 1321; x_wconf 90' lang='lat' dir='ltr'>delectu.</span> <span class='ocrx_word' id='word_1_120' title='bbox 1967 1256 2012 1320; x_wconf 82' lang='lat' dir='ltr'>Et</span> <span class='ocrx_word' id='word_1_121' title='bbox 2033 1255 2155 1322; x_wconf 66' lang='lat' dir='ltr'>durus</span> <span class='ocrx_word' id='word_1_122' title='bbox 2178 1271 2272 1322; x_wconf 84' lang='lat' dir='ltr'>vocat</span> 
     </span>
     <span class='ocr_line' id='line_1_11' title="bbox 271 1339 2271 1426; baseline 0.001 -20"><span class='ocrx_word' id='word_1_123' title='bbox 271 1342 371 1425; x_wconf 79' lang='lat' dir='ltr'>opisti,</span> <span class='ocrx_word' id='word_1_124' title='bbox 400 1347 428 1405; x_wconf 85' lang='lat' dir='ltr'>et</span> <span class='ocrx_word' id='word_1_125' title='bbox 455 1342 632 1424; x_wconf 79' lang='lat' dir='ltr'>dispersisti</span> <span class='ocrx_word' id='word_1_126' title='bbox 662 1339 727 1424; x_wconf 90' lang='lat' dir='ltr'>(vel</span> <span class='ocrx_word' id='word_1_127' title='bbox 752 1341 932 1424; x_wconf 84' lang='lat' dir='ltr'>dissipasti,</span> <span class='ocrx_word' id='word_1_128' title='bbox 963 1356 1018 1405; x_wconf 88' lang='lat' dir='ltr'>aut</span> <span class='ocrx_word' id='word_1_129' title='bbox 1048 1342 1243 1424; x_wconf 88' lang='lat' dir='ltr'>prostituisti</span> <span class='ocrx_word' id='word_1_130' title='bbox 1296 1363 1409 1407; x_wconf 91' lang='lat' dir='ltr'>omnes</span> <span class='ocrx_word' id='word_1_131' title='bbox 1438 1341 1572 1406; x_wconf 91' lang='lat' dir='ltr'>fictitios</span> <span class='ocrx_word' id='word_1_132' title='bbox 1602 1341 1694 1419; x_wconf 90' lang='lat' dir='ltr'>deos,</span> <span class='ocrx_word' id='word_1_133' title='bbox 1728 1341 1882 1424; x_wconf 89' lang='lat' dir='ltr'>quoniam</span> <span class='ocrx_word' id='word_1_134' title='bbox 1916 1343 2012 1407; x_wconf 90' lang='lat' dir='ltr'>sicuti</span> <span class='ocrx_word' id='word_1_135' title='bbox 2046 1343 2111 1407; x_wconf 93' lang='lat' dir='ltr'>iam</span> <span class='ocrx_word' id='word_1_136' title='bbox 2141 1345 2271 1426; x_wconf 89' lang='lat' dir='ltr'>saepius</span> 
     </span>
     <span class='ocr_line' id='line_1_12' title="bbox 271 1426 2270 1512; baseline 0.001 -21"><span class='ocrx_word' id='word_1_137' title='bbox 271 1429 342 1492; x_wconf 89' lang='lat' dir='ltr'>vias</span> <span class='ocrx_word' id='word_1_138' title='bbox 364 1439 436 1491; x_wconf 89' lang='lat' dir='ltr'>tuas</span> <span class='ocrx_word' id='word_1_139' title='bbox 459 1426 586 1511; x_wconf 86' lang='lat' dir='ltr'>alienis)</span> <span class='ocrx_word' id='word_1_140' title='bbox 608 1427 665 1490; x_wconf 84' lang='lat' dir='ltr'>sub</span> <span class='ocrx_word' id='word_1_141' title='bbox 685 1428 769 1491; x_wconf 85' lang='lat' dir='ltr'>omni</span> <span class='ocrx_word' id='word_1_142' title='bbox 789 1429 897 1493; x_wconf 70' lang='lat' dir='ltr'>ariane</span> <span class='ocrx_word' id='word_1_143' title='bbox 916 1429 1077 1509; x_wconf 75' lang='lat' dir='ltr'>frondosa,</span> <span class='ocrx_word' id='word_1_144' title='bbox 1100 1433 1244 1493; x_wconf 80' lang='lat' dir='ltr'>atrocem</span> <span class='ocrx_word' id='word_1_145' title='bbox 1298 1428 1383 1506; x_wconf 91' lang='lat' dir='ltr'>dixi,</span> <span class='ocrx_word' id='word_1_146' title='bbox 1421 1426 1558 1493; x_wconf 88' lang='lat' dir='ltr'>debebat</span> <span class='ocrx_word' id='word_1_147' title='bbox 1592 1442 1703 1492; x_wconf 86' lang='lat' dir='ltr'>tencre</span> <span class='ocrx_word' id='word_1_148' title='bbox 1736 1428 1841 1491; x_wconf 92' lang='lat' dir='ltr'>locum</span> <span class='ocrx_word' id='word_1_149' title='bbox 1882 1428 2013 1492; x_wconf 87' lang='lat' dir='ltr'>mariti:</span> <span class='ocrx_word' id='word_1_150' title='bbox 2058 1449 2136 1512; x_wconf 88' lang='lat' dir='ltr'>ergo</span> <span class='ocrx_word' id='word_1_151' title='bbox 2170 1450 2270 1512; x_wconf 93' lang='lat' dir='ltr'>quum</span> 
     </span>
     <span class='ocr_line' id='line_1_13' title="bbox 271 1510 2272 1596; baseline 0 -18"><span class='ocrx_word' id='word_1_152' title='bbox 271 1534 372 1578; x_wconf 86' lang='lat' dir='ltr'>meam</span> <span class='ocrx_word' id='word_1_153' title='bbox 393 1533 455 1578; x_wconf 79' lang='lat' dir='ltr'>iton</span> <span class='ocrx_word' id='word_1_154' title='bbox 476 1514 638 1595; x_wconf 82' lang='lat' dir='ltr'>audivisti,</span> <span class='ocrx_word' id='word_1_155' title='bbox 662 1514 764 1594; x_wconf 82' lang='lat' dir='ltr'>inquit</span> <span class='ocrx_word' id='word_1_156' title='bbox 787 1513 930 1579; x_wconf 80' lang='lat' dir='ltr'>Iobouala</span> <span class='ocrx_word' id='word_1_157' title='bbox 1297 1513 1468 1578; x_wconf 89' lang='lat' dir='ltr'>Israelitae</span> <span class='ocrx_word' id='word_1_158' title='bbox 1499 1513 1711 1579; x_wconf 87' lang='lat' dir='ltr'>deflecterent</span> <span class='ocrx_word' id='word_1_159' title='bbox 1733 1512 1773 1576; x_wconf 89' lang='lat' dir='ltr'>ad</span> <span class='ocrx_word' id='word_1_160' title='bbox 1796 1512 1878 1578; x_wconf 91' lang='lat' dir='ltr'>alios</span> <span class='ocrx_word' id='word_1_161' title='bbox 1907 1510 1993 1596; x_wconf 88' lang='lat' dir='ltr'>deos,</span> <span class='ocrx_word' id='word_1_162' title='bbox 2023 1512 2160 1596; x_wconf 85' lang='lat' dir='ltr'>perinde</span> <span class='ocrx_word' id='word_1_163' title='bbox 2193 1526 2272 1593; x_wconf 87' lang='lat' dir='ltr'>erat,</span> 
     </span>
     <span class='ocr_line' id='line_1_14' title="bbox 1297 1598 2272 1682; baseline 0.001 -19"><span class='ocrx_word' id='word_1_164' title='bbox 1297 1619 1334 1663; x_wconf 91' lang='lat' dir='ltr'>ae</span> <span class='ocrx_word' id='word_1_165' title='bbox 1352 1599 1379 1663; x_wconf 92' lang='lat' dir='ltr'>si</span> <span class='ocrx_word' id='word_1_166' title='bbox 1399 1598 1516 1664; x_wconf 92' lang='lat' dir='ltr'>mulier</span> <span class='ocrx_word' id='word_1_167' title='bbox 1538 1599 1652 1664; x_wconf 89' lang='lat' dir='ltr'>relicto</span> <span class='ocrx_word' id='word_1_168' title='bbox 1675 1600 1792 1663; x_wconf 88' lang='lat' dir='ltr'>marito</span> <span class='ocrx_word' id='word_1_169' title='bbox 1813 1620 1847 1663; x_wconf 87' lang='lat' dir='ltr'>sc</span> <span class='ocrx_word' id='word_1_170' title='bbox 1866 1600 2015 1681; x_wconf 89' lang='lat' dir='ltr'>proiieiat</span> <span class='ocrx_word' id='word_1_171' title='bbox 2032 1608 2066 1665; x_wconf 87' lang='lat' dir='ltr'>et</span> <span class='ocrx_word' id='word_1_172' title='bbox 2085 1608 2272 1682; x_wconf 88' lang='lat' dir='ltr'>prosternat</span> 
     </span>
     <span class='ocr_line' id='line_1_15' title="bbox 356 1684 2272 1770; baseline 0.001 -21"><span class='ocrx_word' id='word_1_173' title='bbox 356 1686 448 1749; x_wconf 89' lang='lat' dir='ltr'>Deus</span> <span class='ocrx_word' id='word_1_174' title='bbox 472 1685 524 1748; x_wconf 92' lang='lat' dir='ltr'>hic</span> <span class='ocrx_word' id='word_1_175' title='bbox 541 1684 760 1749; x_wconf 88' lang='lat' dir='ltr'>conditionem</span> <span class='ocrx_word' id='word_1_176' title='bbox 783 1686 927 1766; x_wconf 90' lang='lat' dir='ltr'>apponit,</span> <span class='ocrx_word' id='word_1_177' title='bbox 952 1707 992 1749; x_wconf 92' lang='lat' dir='ltr'>ne</span> <span class='ocrx_word' id='word_1_178' title='bbox 1010 1684 1155 1750; x_wconf 91' lang='lat' dir='ltr'>bonitate</span> <span class='ocrx_word' id='word_1_179' title='bbox 1173 1684 1244 1750; x_wconf 91' lang='lat' dir='ltr'>eius</span> <span class='ocrx_word' id='word_1_180' title='bbox 1297 1685 1493 1767; x_wconf 88' lang='lat' dir='ltr'>quibuslibet</span> <span class='ocrx_word' id='word_1_181' title='bbox 1515 1684 1681 1750; x_wconf 89' lang='lat' dir='ltr'>adulteris.</span> <span class='ocrx_word' id='word_1_182' title='bbox 1726 1685 1787 1750; x_wconf 83' lang='lat' dir='ltr'>Est</span> <span class='ocrx_word' id='word_1_183' title='bbox 1810 1695 1867 1748; x_wconf 89' lang='lat' dir='ltr'>aut</span> <span class='ocrx_word' id='word_1_184' title='bbox 1890 1684 2028 1750; x_wconf 89' lang='lat' dir='ltr'>nimium</span> <span class='ocrx_word' id='word_1_185' title='bbox 2051 1685 2203 1770; x_wconf 81' lang='lat' dir='ltr'>vulgare,</span> <span class='ocrx_word' id='word_1_186' title='bbox 2236 1703 2272 1751; x_wconf 89' lang='lat' dir='ltr'>ut</span> 
     </span>
     <span class='ocr_line' id='line_1_16' title="bbox 273 1769 2272 1854; baseline 0.001 -18"><span class='ocrx_word' id='word_1_187' title='bbox 273 1772 346 1836; x_wconf 82' lang='lat' dir='ltr'>freti</span> <span class='ocrx_word' id='word_1_188' title='bbox 369 1770 557 1854; x_wconf 76' lang='lat' dir='ltr'>hypocritae</span> <span class='ocrx_word' id='word_1_189' title='bbox 582 1773 685 1852; x_wconf 87' lang='lat' dir='ltr'>magis</span> <span class='ocrx_word' id='word_1_190' title='bbox 707 1791 743 1834; x_wconf 89' lang='lat' dir='ltr'>ac</span> <span class='ocrx_word' id='word_1_191' title='bbox 768 1773 872 1854; x_wconf 88' lang='lat' dir='ltr'>magis</span> <span class='ocrx_word' id='word_1_192' title='bbox 894 1772 1121 1849; x_wconf 86' lang='lat' dir='ltr'>obdurescant,</span> <span class='ocrx_word' id='word_1_193' title='bbox 1146 1783 1244 1853; x_wconf 89' lang='lat' dir='ltr'>atque</span> <span class='ocrx_word' id='word_1_194' title='bbox 1297 1771 1353 1852; x_wconf 93' lang='lat' dir='ltr'>qui</span> <span class='ocrx_word' id='word_1_195' title='bbox 1368 1770 1559 1852; x_wconf 90' lang='lat' dir='ltr'>relinquunt</span> <span class='ocrx_word' id='word_1_196' title='bbox 1575 1792 1689 1853; x_wconf 90' lang='lat' dir='ltr'>purum</span> <span class='ocrx_word' id='word_1_197' title='bbox 1704 1769 1767 1836; x_wconf 89' lang='lat' dir='ltr'>Dei</span> <span class='ocrx_word' id='word_1_198' title='bbox 1779 1770 1915 1849; x_wconf 91' lang='lat' dir='ltr'>cultum,</span> <span class='ocrx_word' id='word_1_199' title='bbox 1931 1782 2102 1837; x_wconf 89' lang='lat' dir='ltr'>accersant</span> <span class='ocrx_word' id='word_1_200' title='bbox 2116 1772 2180 1836; x_wconf 92' lang='lat' dir='ltr'>sibi</span> <span class='ocrx_word' id='word_1_201' title='bbox 2196 1771 2272 1837; x_wconf 93' lang='lat' dir='ltr'>hinc</span> 
     </span>
     <span class='ocr_line' id='line_1_17' title="bbox 273 1854 2273 1939; baseline 0.001 -17"><span class='ocrx_word' id='word_1_202' title='bbox 273 1860 397 1923; x_wconf 88' lang='lat' dir='ltr'>interea</span> <span class='ocrx_word' id='word_1_203' title='bbox 420 1865 534 1938; x_wconf 88' lang='lat' dir='ltr'>putent</span> <span class='ocrx_word' id='word_1_204' title='bbox 557 1854 647 1918; x_wconf 90' lang='lat' dir='ltr'>illum</span> <span class='ocrx_word' id='word_1_205' title='bbox 672 1856 732 1918; x_wconf 90' lang='lat' dir='ltr'>sibi</span> <span class='ocrx_word' id='word_1_206' title='bbox 755 1878 825 1920; x_wconf 87' lang='lat' dir='ltr'>csse</span> <span class='ocrx_word' id='word_1_207' title='bbox 846 1857 1046 1922; x_wconf 90' lang='lat' dir='ltr'>obstrictum.</span> <span class='ocrx_word' id='word_1_208' title='bbox 1081 1856 1136 1922; x_wconf 86' lang='lat' dir='ltr'>Sic</span> <span class='ocrx_word' id='word_1_209' title='bbox 1155 1857 1243 1921; x_wconf 92' lang='lat' dir='ltr'>enim</span> <span class='ocrx_word' id='word_1_210' title='bbox 1296 1856 1372 1921; x_wconf 92' lang='lat' dir='ltr'>inde</span> <span class='ocrx_word' id='word_1_211' title='bbox 1407 1855 1552 1920; x_wconf 90' lang='lat' dir='ltr'>diversos</span> <span class='ocrx_word' id='word_1_212' title='bbox 1585 1877 1727 1933; x_wconf 90' lang='lat' dir='ltr'>errores,</span> <span class='ocrx_word' id='word_1_213' title='bbox 1762 1856 1807 1920; x_wconf 88' lang='lat' dir='ltr'>ita</span> <span class='ocrx_word' id='word_1_214' title='bbox 1838 1866 1874 1920; x_wconf 93' lang='lat' dir='ltr'>ut</span> <span class='ocrx_word' id='word_1_215' title='bbox 1907 1857 2169 1939; x_wconf 84' lang='lat' dir='ltr'>intemperanter</span> <span class='ocrx_word' id='word_1_216' title='bbox 2203 1879 2273 1923; x_wconf 88' lang='lat' dir='ltr'>sese</span> 
     </span>
     <span class='ocr_line' id='line_1_18' title="bbox 274 1941 2272 2024; baseline 0 -16"><span class='ocrx_word' id='word_1_217' title='bbox 274 1943 379 2009; x_wconf 83' lang='lat' dir='ltr'>solent</span> <span class='ocrx_word' id='word_1_218' title='bbox 402 1963 514 2024; x_wconf 89' lang='lat' dir='ltr'>agero:</span> <span class='ocrx_word' id='word_1_219' title='bbox 546 1941 634 2005; x_wconf 92' lang='lat' dir='ltr'>Deus</span> <span class='ocrx_word' id='word_1_220' title='bbox 658 1953 749 2004; x_wconf 90' lang='lat' dir='ltr'>tanta</span> <span class='ocrx_word' id='word_1_221' title='bbox 773 1941 926 2007; x_wconf 81' lang='lat' dir='ltr'>facilitate</span> <span class='ocrx_word' id='word_1_222' title='bbox 950 1963 1007 2007; x_wconf 93' lang='lat' dir='ltr'>nos</span> <span class='ocrx_word' id='word_1_223' title='bbox 1029 1942 1070 2007; x_wconf 90' lang='lat' dir='ltr'>ad</span> <span class='ocrx_word' id='word_1_224' title='bbox 1092 1964 1127 2008; x_wconf 90' lang='lat' dir='ltr'>se</span> <span class='ocrx_word' id='word_1_225' title='bbox 1149 1964 1244 2007; x_wconf 92' lang='lat' dir='ltr'>revo·</span> <span class='ocrx_word' id='word_1_226' title='bbox 1298 1942 1467 2024; x_wconf 83' lang='lat' dir='ltr'>proliciunt</span> <span class='ocrx_word' id='word_1_227' title='bbox 1489 1942 1527 2005; x_wconf 89' lang='lat' dir='ltr'>ad</span> <span class='ocrx_word' id='word_1_228' title='bbox 1553 1963 1649 2006; x_wconf 89' lang='lat' dir='ltr'>omne</span> <span class='ocrx_word' id='word_1_229' title='bbox 1670 1962 1776 2024; x_wconf 90' lang='lat' dir='ltr'>genus</span> <span class='ocrx_word' id='word_1_230' title='bbox 1797 1943 2077 2023; x_wconf 89' lang='lat' dir='ltr'>superstitionum.</span> <span class='ocrx_word' id='word_1_231' title='bbox 2123 1942 2272 2009; x_wconf 75' lang='lat' dir='ltr'>Tandem</span> 
     </span>
     <span class='ocr_line' id='line_1_19' title="bbox 273 2026 2273 2113; baseline -0.001 -18"><span class='ocrx_word' id='word_1_232' title='bbox 273 2042 333 2107; x_wconf 85' lang='lat' dir='ltr'>cat,</span> <span class='ocrx_word' id='word_1_233' title='bbox 363 2038 394 2092; x_wconf 90' lang='lat' dir='ltr'>et</span> <span class='ocrx_word' id='word_1_234' title='bbox 417 2028 503 2091; x_wconf 89' lang='lat' dir='ltr'>ultro</span> <span class='ocrx_word' id='word_1_235' title='bbox 526 2027 644 2090; x_wconf 90' lang='lat' dir='ltr'>invitat</span> <span class='ocrx_word' id='word_1_236' title='bbox 673 2028 769 2090; x_wconf 89' lang='lat' dir='ltr'>etiam</span> <span class='ocrx_word' id='word_1_237' title='bbox 804 2042 1004 2111; x_wconf 86' lang='lat' dir='ltr'>peccatores:</span> <span class='ocrx_word' id='word_1_238' title='bbox 1040 2049 1118 2113; x_wconf 88' lang='lat' dir='ltr'>ergo</span> <span class='ocrx_word' id='word_1_239' title='bbox 1152 2028 1245 2093; x_wconf 85' lang='lat' dir='ltr'>facile</span> <span class='ocrx_word' id='word_1_240' title='bbox 1297 2026 1406 2105; x_wconf 89' lang='lat' dir='ltr'>addit,</span> <span class='ocrx_word' id='word_1_241' title='bbox 1438 2026 1482 2093; x_wconf 88' lang='lat' dir='ltr'>Et</span> <span class='ocrx_word' id='word_1_242' title='bbox 1503 2046 1567 2091; x_wconf 89' lang='lat' dir='ltr'>non</span> <span class='ocrx_word' id='word_1_243' title='bbox 1589 2028 1741 2093; x_wconf 79' lang='lat' dir='ltr'>audivisti</span> <span class='ocrx_word' id='word_1_244' title='bbox 1762 2046 1861 2093; x_wconf 71' lang='lat' dir='ltr'>nomm</span> <span class='ocrx_word' id='word_1_245' title='bbox 1882 2047 1991 2094; x_wconf 85' lang='lat' dir='ltr'>meam.</span> <span class='ocrx_word' id='word_1_246' title='bbox 2037 2028 2112 2095; x_wconf 88' lang='lat' dir='ltr'>Hac</span> <span class='ocrx_word' id='word_1_247' title='bbox 2132 2031 2273 2096; x_wconf 87' lang='lat' dir='ltr'>circum·</span> 
     </span>
     <span class='ocr_line' id='line_1_20' title="bbox 271 2113 2272 2198; baseline -0.001 -16"><span class='ocrx_word' id='word_1_248' title='bbox 271 2115 438 2196; x_wconf 86' lang='lat' dir='ltr'>cumipse</span> <span class='ocrx_word' id='word_1_249' title='bbox 462 2114 691 2194; x_wconf 84' lang='lat' dir='ltr'>transigemus.</span> <span class='ocrx_word' id='word_1_250' title='bbox 738 2113 793 2179; x_wconf 88' lang='lat' dir='ltr'>Sic</span> <span class='ocrx_word' id='word_1_251' title='bbox 816 2116 978 2195; x_wconf 85' lang='lat' dir='ltr'>perversis</span> <span class='ocrx_word' id='word_1_252' title='bbox 1001 2115 1245 2198; x_wconf 88' lang='lat' dir='ltr'>imaginationi·</span> <span class='ocrx_word' id='word_1_253' title='bbox 1297 2114 1420 2178; x_wconf 88' lang='lat' dir='ltr'>stantia</span> <span class='ocrx_word' id='word_1_254' title='bbox 1453 2114 1574 2177; x_wconf 84' lang='lat' dir='ltr'>crimen</span> <span class='ocrx_word' id='word_1_255' title='bbox 1606 2128 1721 2178; x_wconf 73' lang='lat' dir='ltr'>&#39;corum</span> <span class='ocrx_word' id='word_1_256' title='bbox 1755 2127 1935 2196; x_wconf 89' lang='lat' dir='ltr'>exaggerat</span> <span class='ocrx_word' id='word_1_257' title='bbox 1968 2116 2147 2197; x_wconf 89' lang='lat' dir='ltr'>propheta,</span> <span class='ocrx_word' id='word_1_258' title='bbox 2190 2115 2272 2198; x_wconf 88' lang='lat' dir='ltr'>quod</span> 
     </span>
     <span class='ocr_line' id='line_1_21' title="bbox 272 2197 2272 2283; baseline -0.001 -17"><span class='ocrx_word' id='word_1_259' title='bbox 272 2206 332 2266; x_wconf 93' lang='lat' dir='ltr'>bus</span> <span class='ocrx_word' id='word_1_260' title='bbox 350 2222 384 2265; x_wconf 91' lang='lat' dir='ltr'>se</span> <span class='ocrx_word' id='word_1_261' title='bbox 403 2197 561 2262; x_wconf 92' lang='lat' dir='ltr'>deludunt</span> <span class='ocrx_word' id='word_1_262' title='bbox 581 2199 781 2279; x_wconf 89' lang='lat' dir='ltr'>hypocritae,</span> <span class='ocrx_word' id='word_1_263' title='bbox 802 2200 876 2264; x_wconf 90' lang='lat' dir='ltr'>dum</span> <span class='ocrx_word' id='word_1_264' title='bbox 895 2202 1084 2266; x_wconf 88' lang='lat' dir='ltr'>existimant</span> <span class='ocrx_word' id='word_1_265' title='bbox 1101 2222 1136 2265; x_wconf 89' lang='lat' dir='ltr'>se</span> <span class='ocrx_word' id='word_1_266' title='bbox 1152 2219 1246 2282; x_wconf 89' lang='lat' dir='ltr'>posse</span> <span class='ocrx_word' id='word_1_267' title='bbox 1297 2199 1420 2264; x_wconf 89' lang='lat' dir='ltr'>scilieet</span> <span class='ocrx_word' id='word_1_268' title='bbox 1450 2198 1593 2263; x_wconf 89' lang='lat' dir='ltr'>instituti</span> <span class='ocrx_word' id='word_1_269' title='bbox 1624 2201 1756 2263; x_wconf 86' lang='lat' dir='ltr'>fuerant</span> <span class='ocrx_word' id='word_1_270' title='bbox 1776 2201 1811 2263; x_wconf 92' lang='lat' dir='ltr'>in</span> <span class='ocrx_word' id='word_1_271' title='bbox 1835 2197 1917 2283; x_wconf 89' lang='lat' dir='ltr'>legis</span> <span class='ocrx_word' id='word_1_272' title='bbox 1939 2199 2096 2279; x_wconf 89' lang='lat' dir='ltr'>doctrina,</span> <span class='ocrx_word' id='word_1_273' title='bbox 2125 2212 2161 2265; x_wconf 91' lang='lat' dir='ltr'>et</span> <span class='ocrx_word' id='word_1_274' title='bbox 2184 2217 2272 2266; x_wconf 90' lang='lat' dir='ltr'>tene·</span> 
     </span>
     <span class='ocr_line' id='line_1_22' title="bbox 272 2283 2271 2369; baseline -0.001 -17"><span class='ocrx_word' id='word_1_275' title='bbox 272 2289 343 2352; x_wconf 92' lang='lat' dir='ltr'>Deo</span> <span class='ocrx_word' id='word_1_276' title='bbox 367 2285 512 2360; x_wconf 88' lang='lat' dir='ltr'>illudere,</span> <span class='ocrx_word' id='word_1_277' title='bbox 537 2287 690 2365; x_wconf 87' lang='lat' dir='ltr'>quoniam</span> <span class='ocrx_word' id='word_1_278' title='bbox 711 2285 792 2348; x_wconf 91' lang='lat' dir='ltr'>nihil</span> <span class='ocrx_word' id='word_1_279' title='bbox 811 2286 898 2349; x_wconf 91' lang='lat' dir='ltr'>aliud</span> <span class='ocrx_word' id='word_1_280' title='bbox 921 2296 1065 2368; x_wconf 89' lang='lat' dir='ltr'>quaerat,</span> <span class='ocrx_word' id='word_1_281' title='bbox 1088 2307 1185 2368; x_wconf 90' lang='lat' dir='ltr'>quam</span> <span class='ocrx_word' id='word_1_282' title='bbox 1205 2284 1246 2349; x_wconf 93' lang='lat' dir='ltr'>ad</span> <span class='ocrx_word' id='word_1_283' title='bbox 1299 2284 1378 2348; x_wconf 93' lang='lat' dir='ltr'>bant</span> <span class='ocrx_word' id='word_1_284' title='bbox 1400 2296 1521 2351; x_wconf 88' lang='lat' dir='ltr'>rectam</span> <span class='ocrx_word' id='word_1_285' title='bbox 1545 2284 1631 2348; x_wconf 89' lang='lat' dir='ltr'>viam</span> <span class='ocrx_word' id='word_1_286' title='bbox 1654 2285 1779 2350; x_wconf 88' lang='lat' dir='ltr'>salutis.</span> <span class='ocrx_word' id='word_1_287' title='bbox 1826 2283 1921 2350; x_wconf 87' lang='lat' dir='ltr'>Unde</span> <span class='ocrx_word' id='word_1_288' title='bbox 1944 2285 2045 2369; x_wconf 91' lang='lat' dir='ltr'>igitur</span> <span class='ocrx_word' id='word_1_289' title='bbox 2066 2287 2191 2352; x_wconf 81' lang='lat' dir='ltr'>tactum</span> <span class='ocrx_word' id='word_1_290' title='bbox 2212 2303 2271 2364; x_wconf 88' lang='lat' dir='ltr'>est,</span> 
     </span>
     <span class='ocr_line' id='line_1_23' title="bbox 273 2370 2273 2455; baseline -0.002 -15"><span class='ocrx_word' id='word_1_291' title='bbox 273 2397 307 2440; x_wconf 91' lang='lat' dir='ltr'>se</span> <span class='ocrx_word' id='word_1_292' title='bbox 330 2373 484 2438; x_wconf 88' lang='lat' dir='ltr'>reducere</span> <span class='ocrx_word' id='word_1_293' title='bbox 518 2384 710 2452; x_wconf 88' lang='lat' dir='ltr'>peccatores.</span> <span class='ocrx_word' id='word_1_294' title='bbox 758 2371 896 2453; x_wconf 83' lang='lat' dir='ltr'>Semper</span> <span class='ocrx_word' id='word_1_295' title='bbox 929 2373 1032 2455; x_wconf 91' lang='lat' dir='ltr'>igitur</span> <span class='ocrx_word' id='word_1_296' title='bbox 1063 2393 1139 2437; x_wconf 92' lang='lat' dir='ltr'>cum</span> <span class='ocrx_word' id='word_1_297' title='bbox 1172 2391 1245 2454; x_wconf 90' lang='lat' dir='ltr'>pro·</span> <span class='ocrx_word' id='word_1_298' title='bbox 1298 2382 1335 2434; x_wconf 92' lang='lat' dir='ltr'>ut</span> <span class='ocrx_word' id='word_1_299' title='bbox 1353 2391 1423 2436; x_wconf 89' lang='lat' dir='ltr'>sese</span> <span class='ocrx_word' id='word_1_300' title='bbox 1444 2371 1491 2435; x_wconf 90' lang='lat' dir='ltr'>ita</span> <span class='ocrx_word' id='word_1_301' title='bbox 1512 2371 1717 2451; x_wconf 91' lang='lat' dir='ltr'>corruperint</span> <span class='ocrx_word' id='word_1_302' title='bbox 1738 2370 1851 2436; x_wconf 91' lang='lat' dir='ltr'>multis</span> <span class='ocrx_word' id='word_1_303' title='bbox 1873 2371 2183 2454; x_wconf 81' lang='lat' dir='ltr'>superstitionibus?</span> <span class='ocrx_word' id='word_1_304' title='bbox 2208 2394 2273 2437; x_wconf 91' lang='lat' dir='ltr'>nou</span> 
     </span>
     <span class='ocr_line' id='line_1_24' title="bbox 274 2455 2274 2541; baseline -0.001 -17"><span class='ocrx_word' id='word_1_305' title='bbox 274 2460 427 2524; x_wconf 87' lang='lat' dir='ltr'>missione</span> <span class='ocrx_word' id='word_1_306' title='bbox 460 2455 586 2539; x_wconf 90' lang='lat' dir='ltr'>gratiae</span> <span class='ocrx_word' id='word_1_307' title='bbox 609 2458 760 2538; x_wconf 88' lang='lat' dir='ltr'>coniungi</span> <span class='ocrx_word' id='word_1_308' title='bbox 785 2455 879 2521; x_wconf 88' lang='lat' dir='ltr'>debat</span> <span class='ocrx_word' id='word_1_309' title='bbox 900 2456 1084 2523; x_wconf 84' lang='lat' dir='ltr'>exhortatio</span> <span class='ocrx_word' id='word_1_310' title='bbox 1106 2458 1147 2521; x_wconf 90' lang='lat' dir='ltr'>ad</span> <span class='ocrx_word' id='word_1_311' title='bbox 1171 2478 1246 2538; x_wconf 88' lang='lat' dir='ltr'>poc·</span> <span class='ocrx_word' id='word_1_312' title='bbox 1299 2467 1405 2538; x_wconf 90' lang='lat' dir='ltr'>potest</span> <span class='ocrx_word' id='word_1_313' title='bbox 1428 2455 1487 2521; x_wconf 93' lang='lat' dir='ltr'>hoc</span> <span class='ocrx_word' id='word_1_314' title='bbox 1509 2455 1648 2520; x_wconf 91' lang='lat' dir='ltr'>adscribi</span> <span class='ocrx_word' id='word_1_315' title='bbox 1671 2457 1890 2538; x_wconf 85' lang='lat' dir='ltr'>ignorantiae:</span> <span class='ocrx_word' id='word_1_316' title='bbox 1914 2467 1963 2522; x_wconf 90' lang='lat' dir='ltr'>est</span> <span class='ocrx_word' id='word_1_317' title='bbox 1978 2458 2079 2541; x_wconf 87' lang='lat' dir='ltr'>igitur</span> <span class='ocrx_word' id='word_1_318' title='bbox 2101 2457 2274 2524; x_wconf 73' lang='lat' dir='ltr'>manifesta</span> 
     </span>
     <span class='ocr_line' id='line_1_25' title="bbox 275 2541 2274 2628; baseline -0.001 -18"><span class='ocrx_word' id='word_1_319' title='bbox 275 2545 456 2610; x_wconf 82' lang='lat' dir='ltr'>nitentium.</span> <span class='ocrx_word' id='word_1_320' title='bbox 512 2543 603 2605; x_wconf 91' lang='lat' dir='ltr'>Deus</span> <span class='ocrx_word' id='word_1_321' title='bbox 636 2562 713 2623; x_wconf 88' lang='lat' dir='ltr'>ergo</span> <span class='ocrx_word' id='word_1_322' title='bbox 747 2541 800 2606; x_wconf 92' lang='lat' dir='ltr'>hic</span> <span class='ocrx_word' id='word_1_323' title='bbox 838 2542 1006 2626; x_wconf 87' lang='lat' dir='ltr'>admonet,</span> <span class='ocrx_word' id='word_1_324' title='bbox 1047 2544 1142 2627; x_wconf 88' lang='lat' dir='ltr'>longe</span> <span class='ocrx_word' id='word_1_325' title='bbox 1176 2542 1246 2606; x_wconf 84' lang='lat' dir='ltr'>falli</span> <span class='ocrx_word' id='word_1_326' title='bbox 1299 2562 1410 2606; x_wconf 91' lang='lat' dir='ltr'>eorum</span> <span class='ocrx_word' id='word_1_327' title='bbox 1446 2542 1629 2623; x_wconf 89' lang='lat' dir='ltr'>pervicacia</span> <span class='ocrx_word' id='word_1_328' title='bbox 1662 2541 1820 2607; x_wconf 90' lang='lat' dir='ltr'>adversus</span> <span class='ocrx_word' id='word_1_329' title='bbox 1844 2543 1962 2608; x_wconf 90' lang='lat' dir='ltr'>Deum.</span> <span class='ocrx_word' id='word_1_330' title='bbox 2008 2542 2169 2610; x_wconf 86' lang='lat' dir='ltr'>Ostendit</span> <span class='ocrx_word' id='word_1_331' title='bbox 2196 2566 2274 2628; x_wconf 88' lang='lat' dir='ltr'>ergo</span> 
     </span>
     <span class='ocr_line' id='line_1_26' title="bbox 275 2627 2275 2713; baseline 0 -17"><span class='ocrx_word' id='word_1_332' title='bbox 275 2631 449 2702; x_wconf 84' lang='lat' dir='ltr'>Israelitas,</span> <span class='ocrx_word' id='word_1_333' title='bbox 480 2629 506 2691; x_wconf 92' lang='lat' dir='ltr'>si</span> <span class='ocrx_word' id='word_1_334' title='bbox 531 2637 647 2710; x_wconf 89' lang='lat' dir='ltr'>putent</span> <span class='ocrx_word' id='word_1_335' title='bbox 669 2628 759 2690; x_wconf 87' lang='lat' dir='ltr'>nullo</span> <span class='ocrx_word' id='word_1_336' title='bbox 790 2629 920 2713; x_wconf 89' lang='lat' dir='ltr'>negotio</span> <span class='ocrx_word' id='word_1_337' title='bbox 942 2652 976 2693; x_wconf 93' lang='lat' dir='ltr'>se</span> <span class='ocrx_word' id='word_1_338' title='bbox 1000 2650 1094 2712; x_wconf 90' lang='lat' dir='ltr'>posse</span> <span class='ocrx_word' id='word_1_339' title='bbox 1126 2628 1246 2711; x_wconf 92' lang='lat' dir='ltr'>pacisci</span> <span class='ocrx_word' id='word_1_340' title='bbox 1298 2628 1457 2710; x_wconf 87' lang='lat' dir='ltr'>propheta</span> <span class='ocrx_word' id='word_1_341' title='bbox 1479 2628 1577 2693; x_wconf 88' lang='lat' dir='ltr'>fuisse</span> <span class='ocrx_word' id='word_1_342' title='bbox 1599 2628 1826 2712; x_wconf 88' lang='lat' dir='ltr'>immorigeros</span> <span class='ocrx_word' id='word_1_343' title='bbox 1844 2636 1876 2690; x_wconf 90' lang='lat' dir='ltr'>et</span> <span class='ocrx_word' id='word_1_344' title='bbox 1893 2627 2127 2711; x_wconf 85' lang='lat' dir='ltr'>intractabiles,</span> <span class='ocrx_word' id='word_1_345' title='bbox 2151 2645 2186 2695; x_wconf 89' lang='lat' dir='ltr'>et</span> <span class='ocrx_word' id='word_1_346' title='bbox 2203 2631 2275 2696; x_wconf 86' lang='lat' dir='ltr'>ideo</span> 
     </span>
     <span class='ocr_line' id='line_1_27' title="bbox 275 2711 2274 2799; baseline -0.001 -18"><span class='ocrx_word' id='word_1_347' title='bbox 275 2719 314 2783; x_wconf 87' lang='lat' dir='ltr'>de</span> <span class='ocrx_word' id='word_1_348' title='bbox 346 2716 450 2780; x_wconf 88' lang='lat' dir='ltr'>venia.</span> <span class='ocrx_word' id='word_1_349' title='bbox 495 2714 584 2796; x_wconf 83' lang='lat' dir='ltr'>Ergo</span> <span class='ocrx_word' id='word_1_350' title='bbox 615 2713 709 2792; x_wconf 93' lang='lat' dir='ltr'>dicit,</span> <span class='ocrx_word' id='word_1_351' title='bbox 744 2715 889 2797; x_wconf 72' lang='lat' dir='ltr'>Agnosce</span> <span class='ocrx_word' id='word_1_352' title='bbox 920 2716 1117 2796; x_wconf 68' lang='lat' dir='ltr'>iniquitaten</span> <span class='ocrx_word' id='word_1_353' title='bbox 1148 2719 1245 2779; x_wconf 87' lang='lat' dir='ltr'>tuam.</span> <span class='ocrx_word' id='word_1_354' title='bbox 1299 2715 1467 2795; x_wconf 88' lang='lat' dir='ltr'>prolapsos</span> <span class='ocrx_word' id='word_1_355' title='bbox 1500 2734 1571 2778; x_wconf 87' lang='lat' dir='ltr'>esse</span> <span class='ocrx_word' id='word_1_356' title='bbox 1601 2713 1642 2778; x_wconf 91' lang='lat' dir='ltr'>ad</span> <span class='ocrx_word' id='word_1_357' title='bbox 1669 2711 1888 2779; x_wconf 89' lang='lat' dir='ltr'>idololatriam</span> <span class='ocrx_word' id='word_1_358' title='bbox 1921 2727 1955 2779; x_wconf 91' lang='lat' dir='ltr'>et</span> <span class='ocrx_word' id='word_1_359' title='bbox 1984 2736 2103 2799; x_wconf 83' lang='lat' dir='ltr'>pravos</span> <span class='ocrx_word' id='word_1_360' title='bbox 2137 2736 2274 2794; x_wconf 86' lang='lat' dir='ltr'>errores,</span> 
     </span>
     <span class='ocr_line' id='line_1_28' title="bbox 276 2799 2276 2888; baseline -0.001 -19"><span class='ocrx_word' id='word_1_361' title='bbox 276 2801 442 2869; x_wconf 88' lang='lat' dir='ltr'>Particula</span> <span class='ocrx_word' id='word_1_362' title='bbox 471 2813 531 2888; x_wconf 53' lang='lat' dir='ltr'>itt,</span> <span class='ocrx_word' id='word_1_363' title='bbox 564 2809 672 2881; x_wconf 92' lang='lat' dir='ltr'>potest</span> <span class='ocrx_word' id='word_1_364' title='bbox 701 2800 803 2882; x_wconf 89' lang='lat' dir='ltr'>accipi</span> <span class='ocrx_word' id='word_1_365' title='bbox 833 2820 891 2882; x_wconf 88' lang='lat' dir='ltr'>pro</span> <span class='ocrx_word' id='word_1_366' title='bbox 922 2802 1162 2880; x_wconf 85' lang='lat' dir='ltr'>tantummodo,</span> <span class='ocrx_word' id='word_1_367' title='bbox 1196 2800 1247 2864; x_wconf 92' lang='lat' dir='ltr'>vel</span> <span class='ocrx_word' id='word_1_368' title='bbox 1300 2801 1376 2882; x_wconf 91' lang='lat' dir='ltr'>quia</span> <span class='ocrx_word' id='word_1_369' title='bbox 1397 2799 1602 2865; x_wconf 83' lang='lat' dir='ltr'>excusserint</span> <span class='ocrx_word' id='word_1_370' title='bbox 1625 2800 1739 2882; x_wconf 87' lang='lat' dir='ltr'>iugum</span> <span class='ocrx_word' id='word_1_371' title='bbox 1763 2801 1833 2879; x_wconf 90' lang='lat' dir='ltr'>Dei,</span> <span class='ocrx_word' id='word_1_372' title='bbox 1856 2820 1962 2883; x_wconf 89' lang='lat' dir='ltr'>neque</span> <span class='ocrx_word' id='word_1_373' title='bbox 1985 2804 2072 2883; x_wconf 90' lang='lat' dir='ltr'>passi</span> <span class='ocrx_word' id='word_1_374' title='bbox 2093 2803 2221 2868; x_wconf 85' lang='lat' dir='ltr'>fuerint</span> <span class='ocrx_word' id='word_1_375' title='bbox 2242 2824 2276 2867; x_wconf 87' lang='lat' dir='ltr'>se</span> 
     </span>
     <span class='ocr_line' id='line_1_29' title="bbox 276 2885 2276 2973; baseline 0 -20"><span class='ocrx_word' id='word_1_376' title='bbox 276 2909 334 2973; x_wconf 92' lang='lat' dir='ltr'>pro</span> <span class='ocrx_word' id='word_1_377' title='bbox 357 2889 430 2967; x_wconf 92' lang='lat' dir='ltr'>sed,</span> <span class='ocrx_word' id='word_1_378' title='bbox 462 2886 514 2951; x_wconf 92' lang='lat' dir='ltr'>vel</span> <span class='ocrx_word' id='word_1_379' title='bbox 537 2886 635 2966; x_wconf 90' lang='lat' dir='ltr'>atqui.</span> <span class='ocrx_word' id='word_1_380' title='bbox 680 2887 752 2969; x_wconf 79' lang='lat' dir='ltr'>Ego</span> <span class='ocrx_word' id='word_1_381' title='bbox 774 2886 953 2951; x_wconf 88' lang='lat' dir='ltr'>secundum</span> <span class='ocrx_word' id='word_1_382' title='bbox 984 2908 1116 2952; x_wconf 89' lang='lat' dir='ltr'>sensum</span> <span class='ocrx_word' id='word_1_383' title='bbox 1142 2887 1248 2970; x_wconf 87' lang='lat' dir='ltr'>magis</span> <span class='ocrx_word' id='word_1_384' title='bbox 1300 2885 1477 2968; x_wconf 89' lang='lat' dir='ltr'>gubernari</span> <span class='ocrx_word' id='word_1_385' title='bbox 1495 2885 1566 2950; x_wconf 92' lang='lat' dir='ltr'>eius</span> <span class='ocrx_word' id='word_1_386' title='bbox 1584 2886 1695 2949; x_wconf 88' lang='lat' dir='ltr'>verbo.</span> <span class='ocrx_word' id='word_1_387' title='bbox 1723 2885 1820 2951; x_wconf 92' lang='lat' dir='ltr'>Nunc</span> <span class='ocrx_word' id='word_1_388' title='bbox 1837 2905 1915 2968; x_wconf 89' lang='lat' dir='ltr'>ergo</span> <span class='ocrx_word' id='word_1_389' title='bbox 1938 2896 2089 2953; x_wconf 90' lang='lat' dir='ltr'>tenemus</span> <span class='ocrx_word' id='word_1_390' title='bbox 2109 2909 2276 2953; x_wconf 90' lang='lat' dir='ltr'>summam</span> 
     </span>
     <span class='ocr_line' id='line_1_30' title="bbox 275 2969 2275 3059; baseline 0.001 -21"><span class='ocrx_word' id='word_1_391' title='bbox 275 2974 386 3059; x_wconf 91' lang='lat' dir='ltr'>probo,</span> <span class='ocrx_word' id='word_1_392' title='bbox 409 2974 563 3054; x_wconf 88' lang='lat' dir='ltr'>quoniam</span> <span class='ocrx_word' id='word_1_393' title='bbox 584 2972 635 3035; x_wconf 92' lang='lat' dir='ltr'>hic</span> <span class='ocrx_word' id='word_1_394' title='bbox 653 2972 798 3052; x_wconf 86' lang='lat' dir='ltr'>exceptio</span> <span class='ocrx_word' id='word_1_395' title='bbox 817 2971 957 3048; x_wconf 88' lang='lat' dir='ltr'>additur,</span> <span class='ocrx_word' id='word_1_396' title='bbox 976 2972 1248 3056; x_wconf 90' lang='lat' dir='ltr'>quemadmodum</span> <span class='ocrx_word' id='word_1_397' title='bbox 1300 2972 1399 3036; x_wconf 90' lang='lat' dir='ltr'>huius</span> <span class='ocrx_word' id='word_1_398' title='bbox 1422 2971 1622 3035; x_wconf 88' lang='lat' dir='ltr'>sentcntiae:</span> <span class='ocrx_word' id='word_1_399' title='bbox 1645 2969 1748 3054; x_wconf 90' lang='lat' dir='ltr'>exigit</span> <span class='ocrx_word' id='word_1_400' title='bbox 1769 2972 1875 3054; x_wconf 90' lang='lat' dir='ltr'>primo</span> <span class='ocrx_word' id='word_1_401' title='bbox 1898 2971 1967 3037; x_wconf 88' lang='lat' dir='ltr'>loco</span> <span class='ocrx_word' id='word_1_402' title='bbox 1990 2973 2082 3039; x_wconf 90' lang='lat' dir='ltr'>Deus</span> <span class='ocrx_word' id='word_1_403' title='bbox 2103 2975 2275 3039; x_wconf 79' lang='lat' dir='ltr'>consessio·</span> 
     </span>
     <span class='ocr_line' id='line_1_31' title="bbox 276 3055 2276 3142; baseline -0.001 -17"><span class='ocrx_word' id='word_1_404' title='bbox 276 3060 421 3142; x_wconf 88' lang='lat' dir='ltr'>exposui,</span> <span class='ocrx_word' id='word_1_405' title='bbox 444 3080 486 3120; x_wconf 90' lang='lat' dir='ltr'>nc</span> <span class='ocrx_word' id='word_1_406' title='bbox 509 3056 679 3119; x_wconf 89' lang='lat' dir='ltr'>Israelitae</span> <span class='ocrx_word' id='word_1_407' title='bbox 701 3057 901 3121; x_wconf 89' lang='lat' dir='ltr'>indormiant</span> <span class='ocrx_word' id='word_1_408' title='bbox 924 3058 991 3122; x_wconf 88' lang='lat' dir='ltr'>suis</span> <span class='ocrx_word' id='word_1_409' title='bbox 1009 3059 1109 3133; x_wconf 88' lang='lat' dir='ltr'>vitiis,</span> <span class='ocrx_word' id='word_1_410' title='bbox 1133 3060 1160 3123; x_wconf 93' lang='lat' dir='ltr'>si</span> <span class='ocrx_word' id='word_1_411' title='bbox 1178 3078 1250 3140; x_wconf 88' lang='lat' dir='ltr'>per·</span> <span class='ocrx_word' id='word_1_412' title='bbox 1273 3100 1276 3115; x_wconf 83' lang='lat'>.</span> <span class='ocrx_word' id='word_1_413' title='bbox 1302 3078 1377 3120; x_wconf 90' lang='lat' dir='ltr'>nem</span> <span class='ocrx_word' id='word_1_414' title='bbox 1411 3056 1572 3121; x_wconf 88' lang='lat' dir='ltr'>scelerum</span> <span class='ocrx_word' id='word_1_415' title='bbox 1604 3056 1646 3121; x_wconf 91' lang='lat' dir='ltr'>ab</span> <span class='ocrx_word' id='word_1_416' title='bbox 1667 3055 1843 3123; x_wconf 88' lang='lat' dir='ltr'>Israelitis:</span> <span class='ocrx_word' id='word_1_417' title='bbox 1877 3070 1910 3121; x_wconf 90' lang='grc' dir='ltr'>ιι</span> <span class='ocrx_word' id='word_1_418' title='bbox 1931 3059 1979 3123; x_wconf 88' lang='lat' dir='ltr'>ita</span> <span class='ocrx_word' id='word_1_419' title='bbox 2006 3060 2167 3141; x_wconf 86' lang='lat' dir='ltr'>exprimit</span> <span class='ocrx_word' id='word_1_420' title='bbox 2199 3060 2276 3142; x_wconf 93' lang='lat' dir='ltr'>quid</span> 
     </span>
     <span class='ocr_line' id='line_1_32' title="bbox 277 3141 2275 3229; baseline 0 -18"><span class='ocrx_word' id='word_1_421' title='bbox 277 3144 436 3211; x_wconf 84' lang='lat' dir='ltr'>suadeant</span> <span class='ocrx_word' id='word_1_422' title='bbox 458 3142 519 3206; x_wconf 93' lang='lat' dir='ltr'>sibi</span> <span class='ocrx_word' id='word_1_423' title='bbox 543 3141 650 3205; x_wconf 91' lang='lat' dir='ltr'>Deum</span> <span class='ocrx_word' id='word_1_424' title='bbox 674 3164 744 3206; x_wconf 90' lang='lat' dir='ltr'>esso</span> <span class='ocrx_word' id='word_1_425' title='bbox 768 3145 859 3222; x_wconf 88' lang='lat' dir='ltr'>quasi</span> <span class='ocrx_word' id='word_1_426' title='bbox 883 3145 918 3207; x_wconf 92' lang='lat' dir='ltr'>in</span> <span class='ocrx_word' id='word_1_427' title='bbox 941 3164 999 3207; x_wconf 88' lang='lat' dir='ltr'>sua</span> <span class='ocrx_word' id='word_1_428' title='bbox 1022 3165 1122 3209; x_wconf 92' lang='lat' dir='ltr'>manu</span> <span class='ocrx_word' id='word_1_429' title='bbox 1145 3156 1178 3208; x_wconf 91' lang='grc' dir='ltr'>ιι</span> <span class='ocrx_word' id='word_1_430' title='bbox 1200 3165 1249 3208; x_wconf 87' lang='lat' dir='ltr'>ar·</span> <span class='ocrx_word' id='word_1_431' title='bbox 1302 3142 1411 3206; x_wconf 89' lang='lat' dir='ltr'>valeat</span> <span class='ocrx_word' id='word_1_432' title='bbox 1444 3143 1622 3221; x_wconf 92' lang='lat' dir='ltr'>conversio,</span> <span class='ocrx_word' id='word_1_433' title='bbox 1655 3143 1748 3207; x_wconf 90' lang='lat' dir='ltr'>cuius</span> <span class='ocrx_word' id='word_1_434' title='bbox 1782 3142 1982 3209; x_wconf 87' lang='lat' dir='ltr'>mentionem</span> <span class='ocrx_word' id='word_1_435' title='bbox 2015 3165 2123 3229; x_wconf 90' lang='lat' dir='ltr'>nuper</span> <span class='ocrx_word' id='word_1_436' title='bbox 2145 3145 2275 3211; x_wconf 77' lang='lat' dir='ltr'>fecerat.</span> 
     </span>
     <span class='ocr_line' id='line_1_33' title="bbox 278 3226 2337 3314; baseline -0.001 -17"><span class='ocrx_word' id='word_1_437' title='bbox 278 3231 384 3297; x_wconf 91' lang='lat' dir='ltr'>bitrio.</span> <span class='ocrx_word' id='word_1_438' title='bbox 426 3228 587 3292; x_wconf 83' lang='lat' dir='ltr'>Videmus</span> <span class='ocrx_word' id='word_1_439' title='bbox 609 3248 686 3309; x_wconf 87' lang='lat' dir='ltr'>ergo</span> <span class='ocrx_word' id='word_1_440' title='bbox 709 3249 767 3310; x_wconf 89' lang='lat' dir='ltr'>per</span> <span class='ocrx_word' id='word_1_441' title='bbox 789 3227 921 3291; x_wconf 89' lang='lat' dir='ltr'>modam</span> <span class='ocrx_word' id='word_1_442' title='bbox 944 3230 1153 3294; x_wconf 89' lang='lat' dir='ltr'>correctionis</span> <span class='ocrx_word' id='word_1_443' title='bbox 1176 3250 1248 3312; x_wconf 89' lang='lat' dir='ltr'>pro·</span> <span class='ocrx_word' id='word_1_444' title='bbox 1303 3226 1416 3292; x_wconf 91' lang='lat' dir='ltr'>Donec</span> <span class='ocrx_word' id='word_1_445' title='bbox 1449 3227 1536 3291; x_wconf 92' lang='lat' dir='ltr'>enim</span> <span class='ocrx_word' id='word_1_446' title='bbox 1569 3245 1717 3311; x_wconf 87' lang='lat' dir='ltr'>peccator</span> <span class='ocrx_word' id='word_1_447' title='bbox 1739 3231 1860 3294; x_wconf 88' lang='lat' dir='ltr'>sentiat</span> <span class='ocrx_word' id='word_1_448' title='bbox 1890 3229 1977 3293; x_wconf 90' lang='lat' dir='ltr'>mala</span> <span class='ocrx_word' id='word_1_449' title='bbox 1997 3251 2073 3309; x_wconf 87' lang='lat' dir='ltr'>sua,</span> <span class='ocrx_word' id='word_1_450' title='bbox 2107 3253 2278 3314; x_wconf 89' lang='lat' dir='ltr'>nunquam</span> <span class='ocrx_word' id='word_1_451' title='bbox 2334 3278 2337 3284; x_wconf 28' lang='grc' dir='ltr'>ι</span> 
     </span>
     <span class='ocr_line' id='line_1_34' title="bbox 279 3313 2278 3401; baseline -0.002 -19"><span class='ocrx_word' id='word_1_452' title='bbox 279 3318 410 3401; x_wconf 89' lang='lat' dir='ltr'>phetam</span> <span class='ocrx_word' id='word_1_453' title='bbox 446 3315 609 3395; x_wconf 86' lang='lat' dir='ltr'>excipere:</span> <span class='ocrx_word' id='word_1_454' title='bbox 647 3313 708 3376; x_wconf 79' lang='lat' dir='ltr'>Sed</span> <span class='ocrx_word' id='word_1_455' title='bbox 730 3315 855 3388; x_wconf 82' lang='lat' dir='ltr'>interea,</span> <span class='ocrx_word' id='word_1_456' title='bbox 888 3313 1004 3396; x_wconf 91' lang='lat' dir='ltr'>inquit,</span> <span class='ocrx_word' id='word_1_457' title='bbox 1036 3335 1164 3397; x_wconf 74' lang='lat' dir='ltr'>agnuam</span> <span class='ocrx_word' id='word_1_458' title='bbox 1190 3315 1251 3378; x_wconf 80' lang='lat' dir='ltr'>ini</span> <span class='ocrx_word' id='word_1_459' title='bbox 1304 3335 1379 3377; x_wconf 90' lang='lat' dir='ltr'>vore</span> <span class='ocrx_word' id='word_1_460' title='bbox 1398 3315 1438 3376; x_wconf 89' lang='lat' dir='ltr'>ud</span> <span class='ocrx_word' id='word_1_461' title='bbox 1457 3313 1566 3377; x_wconf 89' lang='lat' dir='ltr'>Deum</span> <span class='ocrx_word' id='word_1_462' title='bbox 1590 3313 1717 3390; x_wconf 90' lang='lat' dir='ltr'>redibit,</span> <span class='ocrx_word' id='word_1_463' title='bbox 1741 3336 1846 3398; x_wconf 89' lang='lat' dir='ltr'>noque</span> <span class='ocrx_word' id='word_1_464' title='bbox 1865 3336 1906 3380; x_wconf 88' lang='lat' dir='ltr'>ex</span> <span class='ocrx_word' id='word_1_465' title='bbox 1925 3319 2042 3382; x_wconf 90' lang='lat' dir='ltr'>animo.</span> <span class='ocrx_word' id='word_1_466' title='bbox 2073 3317 2278 3399; x_wconf 90' lang='lat' dir='ltr'>Principium</span> 
     </span>
     <span class='ocr_line' id='line_1_35' title="bbox 277 3399 2278 3489; baseline -0.001 -20"><span class='ocrx_word' id='word_1_467' title='bbox 277 3405 426 3489; x_wconf 82' lang='lat' dir='ltr'>quitatem</span> <span class='ocrx_word' id='word_1_468' title='bbox 454 3406 559 3466; x_wconf 86' lang='lat' dir='ltr'>tuam:</span> <span class='ocrx_word' id='word_1_469' title='bbox 593 3399 713 3481; x_wconf 90' lang='lat' dir='ltr'>alioqui</span> <span class='ocrx_word' id='word_1_470' title='bbox 737 3399 828 3462; x_wconf 91' lang='lat' dir='ltr'>nulla</span> <span class='ocrx_word' id='word_1_471' title='bbox 852 3419 914 3481; x_wconf 86' lang='lat' dir='ltr'>pax</span> <span class='ocrx_word' id='word_1_472' title='bbox 938 3399 994 3463; x_wconf 93' lang='lat' dir='ltr'>tibi</span> <span class='ocrx_word' id='word_1_473' title='bbox 1018 3400 1178 3483; x_wconf 87' lang='lat' dir='ltr'>speranda</span> <span class='ocrx_word' id='word_1_474' title='bbox 1200 3405 1251 3464; x_wconf 88' lang='lat' dir='ltr'>est</span> <span class='ocrx_word' id='word_1_475' title='bbox 1303 3399 1404 3483; x_wconf 91' lang='lat' dir='ltr'>igitur</span> <span class='ocrx_word' id='word_1_476' title='bbox 1443 3399 1684 3481; x_wconf 88' lang='lat' dir='ltr'>resipiscentiae</span> <span class='ocrx_word' id='word_1_477' title='bbox 1727 3411 1778 3466; x_wconf 89' lang='lat' dir='ltr'>est</span> <span class='ocrx_word' id='word_1_478' title='bbox 1816 3400 1931 3483; x_wconf 89' lang='lat' dir='ltr'>culpae</span> <span class='ocrx_word' id='word_1_479' title='bbox 1969 3402 2115 3484; x_wconf 88' lang='lat' dir='ltr'>agnitio:</span> <span class='ocrx_word' id='word_1_480' title='bbox 2162 3401 2278 3469; x_wconf 88' lang='lat' dir='ltr'>deinde</span> 
     </span>
     <span class='ocr_line' id='line_1_36' title="bbox 278 3485 2278 3570; baseline -0.002 -16"><span class='ocrx_word' id='word_1_481' title='bbox 278 3512 353 3555; x_wconf 90' lang='lat' dir='ltr'>cum</span> <span class='ocrx_word' id='word_1_482' title='bbox 377 3489 458 3552; x_wconf 91' lang='lat' dir='ltr'>Deo.</span> <span class='ocrx_word' id='word_1_483' title='bbox 504 3486 669 3567; x_wconf 88' lang='lat' dir='ltr'>Sequitur,</span> <span class='ocrx_word' id='word_1_484' title='bbox 698 3487 845 3566; x_wconf 83' lang='lat' dir='ltr'>quoniam</span> <span class='ocrx_word' id='word_1_485' title='bbox 867 3486 1010 3551; x_wconf 79' lang='lat' dir='ltr'>scelerate</span> <span class='ocrx_word' id='word_1_486' title='bbox 1031 3487 1123 3570; x_wconf 74' lang='lat' dir='ltr'>egisti</span> <span class='ocrx_word' id='word_1_487' title='bbox 1144 3486 1252 3551; x_wconf 72' lang='lat' dir='ltr'>odon·</span> <span class='ocrx_word' id='word_1_488' title='bbox 1304 3485 1537 3568; x_wconf 74' lang='lat' dir='ltr'>coarguisses,</span> <span class='ocrx_word' id='word_1_489' title='bbox 1571 3496 1608 3550; x_wconf 90' lang='lat' dir='ltr'>ut</span> <span class='ocrx_word' id='word_1_490' title='bbox 1631 3486 1933 3568; x_wconf 86' lang='lat' dir='ltr'>tergiversationem</span> <span class='ocrx_word' id='word_1_491' title='bbox 1960 3487 2026 3552; x_wconf 92' lang='lat' dir='ltr'>illis</span> <span class='ocrx_word' id='word_1_492' title='bbox 2057 3487 2278 3570; x_wconf 86' lang='lat' dir='ltr'>praescindat:</span> 
     </span>
     <span class='ocr_line' id='line_1_37' title="bbox 276 3570 2280 3658; baseline -0.001 -16"><span class='ocrx_word' id='word_1_493' title='bbox 276 3598 334 3642; x_wconf 83' lang='lat' dir='ltr'>sus</span> <span class='ocrx_word' id='word_1_494' title='bbox 369 3575 518 3638; x_wconf 82' lang='lat' dir='ltr'>Iebouant</span> <span class='ocrx_word' id='word_1_495' title='bbox 551 3574 655 3638; x_wconf 88' lang='lat' dir='ltr'>Deum</span> <span class='ocrx_word' id='word_1_496' title='bbox 692 3578 789 3636; x_wconf 87' lang='lat' dir='ltr'>tuum.</span> <span class='ocrx_word' id='word_1_497' title='bbox 847 3572 909 3637; x_wconf 91' lang='lat' dir='ltr'>His</span> <span class='ocrx_word' id='word_1_498' title='bbox 949 3573 1056 3638; x_wconf 89' lang='lat' dir='ltr'>vorbis</span> <span class='ocrx_word' id='word_1_499' title='bbox 1093 3571 1251 3657; x_wconf 89' lang='lat' dir='ltr'>propheta</span> <span class='ocrx_word' id='word_1_500' title='bbox 1305 3571 1402 3636; x_wconf 87' lang='lat' dir='ltr'>tertio</span> <span class='ocrx_word' id='word_1_501' title='bbox 1424 3572 1565 3654; x_wconf 90' lang='lat' dir='ltr'>speciem</span> <span class='ocrx_word' id='word_1_502' title='bbox 1583 3573 1686 3652; x_wconf 90' lang='lat' dir='ltr'>ipsam</span> <span class='ocrx_word' id='word_1_503' title='bbox 1705 3570 1916 3656; x_wconf 87' lang='lat' dir='ltr'>demonstrat,</span> <span class='ocrx_word' id='word_1_504' title='bbox 1935 3584 2041 3639; x_wconf 90' lang='lat' dir='ltr'>uteos</span> <span class='ocrx_word' id='word_1_505' title='bbox 2057 3575 2280 3658; x_wconf 86' lang='lat' dir='ltr'>teneatquasi</span> 
     </span>
     <span class='ocr_line' id='line_1_38' title="bbox 280 3657 2281 3744; baseline -0 -17"><span class='ocrx_word' id='word_1_506' title='bbox 280 3661 426 3744; x_wconf 85' lang='lat' dir='ltr'>coarguit</span> <span class='ocrx_word' id='word_1_507' title='bbox 449 3659 626 3730; x_wconf 79' lang='lat' dir='ltr'>Israelitas</span> <span class='ocrx_word' id='word_1_508' title='bbox 650 3680 690 3722; x_wconf 91' lang='lat' dir='ltr'>no</span> <span class='ocrx_word' id='word_1_509' title='bbox 713 3657 958 3742; x_wconf 86' lang='lat' dir='ltr'>tergiversando</span> <span class='ocrx_word' id='word_1_510' title='bbox 981 3665 1098 3741; x_wconf 89' lang='lat' dir='ltr'>putent</span> <span class='ocrx_word' id='word_1_511' title='bbox 1120 3679 1155 3724; x_wconf 88' lang='lat' dir='ltr'>so</span> <span class='ocrx_word' id='word_1_512' title='bbox 1172 3659 1252 3723; x_wconf 82' lang='lat' dir='ltr'>euu-</span> <span class='ocrx_word' id='word_1_513' title='bbox 1305 3657 1514 3733; x_wconf 91' lang='lat' dir='ltr'>constrictos,</span> <span class='ocrx_word' id='word_1_514' title='bbox 1556 3678 1673 3739; x_wconf 79' lang='lat' dir='ltr'>nenipe</span> <span class='ocrx_word' id='word_1_515' title='bbox 1712 3658 1795 3739; x_wconf 91' lang='lat' dir='ltr'>quod</span> <span class='ocrx_word' id='word_1_516' title='bbox 1835 3680 1907 3724; x_wconf 92' lang='grc' dir='ltr'>ιιιι</span> <span class='ocrx_word' id='word_1_517' title='bbox 1946 3658 2128 3740; x_wconf 90' lang='lat' dir='ltr'>polluerint</span> <span class='ocrx_word' id='word_1_518' title='bbox 2167 3680 2281 3743; x_wconf 86' lang='lat' dir='ltr'>super·</span> 
     </span>
     <span class='ocr_line' id='line_1_39' title="bbox 282 3742 2282 3829; baseline 0.001 -19"><span class='ocrx_word' id='word_1_519' title='bbox 282 3768 358 3829; x_wconf 85' lang='lat' dir='ltr'>gere</span> <span class='ocrx_word' id='word_1_520' title='bbox 381 3765 473 3827; x_wconf 89' lang='lat' dir='ltr'>posse</span> <span class='ocrx_word' id='word_1_521' title='bbox 497 3745 578 3807; x_wconf 92' lang='lat' dir='ltr'>iram</span> <span class='ocrx_word' id='word_1_522' title='bbox 604 3743 676 3807; x_wconf 92' lang='lat' dir='ltr'>Dei.</span> <span class='ocrx_word' id='word_1_523' title='bbox 714 3745 798 3808; x_wconf 91' lang='lat' dir='ltr'>Nam</span> <span class='ocrx_word' id='word_1_524' title='bbox 823 3746 942 3810; x_wconf 88' lang='lat' dir='ltr'>scimus</span> <span class='ocrx_word' id='word_1_525' title='bbox 965 3744 1064 3808; x_wconf 91' lang='lat' dir='ltr'>ctiam</span> <span class='ocrx_word' id='word_1_526' title='bbox 1086 3746 1141 3826; x_wconf 93' lang='lat' dir='ltr'>qui</span> <span class='ocrx_word' id='word_1_527' title='bbox 1165 3749 1251 3827; x_wconf 90' lang='lat' dir='ltr'>apud</span> <span class='ocrx_word' id='word_1_528' title='bbox 1306 3742 1509 3808; x_wconf 90' lang='lat' dir='ltr'>stitionibus:</span> <span class='ocrx_word' id='word_1_529' title='bbox 1538 3754 1571 3807; x_wconf 91' lang='lat' dir='ltr'>et</span> <span class='ocrx_word' id='word_1_530' title='bbox 1593 3742 1742 3826; x_wconf 87' lang='lat' dir='ltr'>adiungit</span> <span class='ocrx_word' id='word_1_531' title='bbox 1764 3765 1828 3809; x_wconf 90' lang='lat' dir='ltr'>non</span> <span class='ocrx_word' id='word_1_532' title='bbox 1851 3744 1951 3810; x_wconf 78' lang='lat' dir='ltr'>tuisse</span> <span class='ocrx_word' id='word_1_533' title='bbox 1973 3743 2137 3811; x_wconf 86' lang='lat' dir='ltr'>duntaxat</span> <span class='ocrx_word' id='word_1_534' title='bbox 2159 3746 2282 3811; x_wconf 88' lang='lat' dir='ltr'>similes</span> 
     </span>
     <span class='ocr_line' id='line_1_40' title="bbox 281 3828 2281 3912; baseline -0.001 -15"><span class='ocrx_word' id='word_1_535' title='bbox 281 3855 316 3897; x_wconf 91' lang='lat' dir='ltr'>se</span> <span class='ocrx_word' id='word_1_536' title='bbox 339 3830 480 3897; x_wconf 90' lang='lat' dir='ltr'>convicti</span> <span class='ocrx_word' id='word_1_537' title='bbox 503 3841 589 3903; x_wconf 87' lang='lat' dir='ltr'>sunt,</span> <span class='ocrx_word' id='word_1_538' title='bbox 614 3839 807 3894; x_wconf 88' lang='lat' dir='ltr'>nontamen</span> <span class='ocrx_word' id='word_1_539' title='bbox 829 3831 967 3895; x_wconf 89' lang='lat' dir='ltr'>libenter</span> <span class='ocrx_word' id='word_1_540' title='bbox 989 3831 1084 3895; x_wconf 86' lang='lat' dir='ltr'>lateri</span> <span class='ocrx_word' id='word_1_541' title='bbox 1104 3850 1252 3912; x_wconf 89' lang='lat' dir='ltr'>suapec-</span> <span class='ocrx_word' id='word_1_542' title='bbox 1307 3828 1432 3894; x_wconf 89' lang='lat' dir='ltr'>mulieri</span> <span class='ocrx_word' id='word_1_543' title='bbox 1466 3828 1651 3905; x_wconf 88' lang='lat' dir='ltr'>adulterae,</span> <span class='ocrx_word' id='word_1_544' title='bbox 1685 3849 1767 3911; x_wconf 89' lang='lat' dir='ltr'>quae</span> <span class='ocrx_word' id='word_1_545' title='bbox 1800 3830 1947 3912; x_wconf 91' lang='lat' dir='ltr'>sequitur</span> <span class='ocrx_word' id='word_1_546' title='bbox 1980 3830 2126 3896; x_wconf 89' lang='lat' dir='ltr'>alienum</span> <span class='ocrx_word' id='word_1_547' title='bbox 2162 3832 2281 3909; x_wconf 78' lang='lat' dir='ltr'>virum,</span> 
     </span>
     <span class='ocr_line' id='line_1_41' title="bbox 281 3914 2281 3998; baseline 0.001 -16"><span class='ocrx_word' id='word_1_548' title='bbox 281 3927 364 3982; x_wconf 89' lang='lat' dir='ltr'>cata.</span> <span class='ocrx_word' id='word_1_549' title='bbox 410 3917 454 3979; x_wconf 85' lang='lat' dir='ltr'>Et</span> <span class='ocrx_word' id='word_1_550' title='bbox 477 3918 595 3978; x_wconf 91' lang='lat' dir='ltr'>mirum</span> <span class='ocrx_word' id='word_1_551' title='bbox 619 3925 667 3977; x_wconf 88' lang='lat' dir='ltr'>cst</span> <span class='ocrx_word' id='word_1_552' title='bbox 690 3914 838 3979; x_wconf 90' lang='lat' dir='ltr'>homines</span> <span class='ocrx_word' id='word_1_553' title='bbox 867 3917 914 3979; x_wconf 91' lang='lat' dir='ltr'>ita</span> <span class='ocrx_word' id='word_1_554' title='bbox 936 3935 1007 3979; x_wconf 90' lang='lat' dir='ltr'>csse</span> <span class='ocrx_word' id='word_1_555' title='bbox 1030 3917 1186 3997; x_wconf 88' lang='lat' dir='ltr'>stupidos,</span> <span class='ocrx_word' id='word_1_556' title='bbox 1217 3928 1255 3978; x_wconf 92' lang='lat' dir='ltr'>ut</span> <span class='ocrx_word' id='word_1_557' title='bbox 1306 3915 1362 3978; x_wconf 91' lang='lat' dir='ltr'>sed</span> <span class='ocrx_word' id='word_1_558' title='bbox 1385 3915 1500 3978; x_wconf 89' lang='lat' dir='ltr'>scortis</span> <span class='ocrx_word' id='word_1_559' title='bbox 1523 3914 1667 3990; x_wconf 85' lang='lat' dir='ltr'>foetidis,</span> <span class='ocrx_word' id='word_1_560' title='bbox 1698 3935 1780 3996; x_wconf 90' lang='lat' dir='ltr'>quae</span> <span class='ocrx_word' id='word_1_561' title='bbox 1802 3915 1962 3982; x_wconf 90' lang='lat' dir='ltr'>cursitant</span> <span class='ocrx_word' id='word_1_562' title='bbox 1984 3915 2048 3981; x_wconf 89' lang='lat' dir='ltr'>huo</span> <span class='ocrx_word' id='word_1_563' title='bbox 2070 3927 2173 3998; x_wconf 86' lang='lat' dir='ltr'>atque</span> <span class='ocrx_word' id='word_1_564' title='bbox 2193 3916 2281 3994; x_wconf 87' lang='lat' dir='ltr'>illuc,</span> 
     </span>
     <span class='ocr_line' id='line_1_42' title="bbox 283 3998 2283 4084; baseline 0.002 -20"><span class='ocrx_word' id='word_1_565' title='bbox 283 4023 410 4083; x_wconf 91' lang='lat' dir='ltr'>semper</span> <span class='ocrx_word' id='word_1_566' title='bbox 444 4001 545 4065; x_wconf 91' lang='lat' dir='ltr'>velint</span> <span class='ocrx_word' id='word_1_567' title='bbox 579 4021 652 4064; x_wconf 91' lang='lat' dir='ltr'>cum</span> <span class='ocrx_word' id='word_1_568' title='bbox 686 4001 754 4062; x_wconf 90' lang='lat' dir='ltr'>Deo</span> <span class='ocrx_word' id='word_1_569' title='bbox 789 4001 928 4083; x_wconf 87' lang='lat' dir='ltr'>litigare.</span> <span class='ocrx_word' id='word_1_570' title='bbox 978 4001 1051 4064; x_wconf 88' lang='lat' dir='ltr'>Hae</span> <span class='ocrx_word' id='word_1_571' title='bbox 1083 4000 1123 4064; x_wconf 91' lang='lat' dir='ltr'>de</span> <span class='ocrx_word' id='word_1_572' title='bbox 1156 4022 1254 4065; x_wconf 87' lang='lat' dir='ltr'>causa</span> <span class='ocrx_word' id='word_1_573' title='bbox 1308 4021 1411 4082; x_wconf 91' lang='lat' dir='ltr'>neque</span> <span class='ocrx_word' id='word_1_574' title='bbox 1433 3998 1621 4063; x_wconf 90' lang='lat' dir='ltr'>discernunt</span> <span class='ocrx_word' id='word_1_575' title='bbox 1644 4000 1728 4064; x_wconf 91' lang='lat' dir='ltr'>inter</span> <span class='ocrx_word' id='word_1_576' title='bbox 1753 4009 1845 4081; x_wconf 90' lang='lat' dir='ltr'>notos</span> <span class='ocrx_word' id='word_1_577' title='bbox 1863 4000 1918 4066; x_wconf 92' lang='lat' dir='ltr'>vel</span> <span class='ocrx_word' id='word_1_578' title='bbox 1936 4002 2075 4084; x_wconf 88' lang='lat' dir='ltr'>ignotos.</span> <span class='ocrx_word' id='word_1_579' title='bbox 2108 4002 2283 4068; x_wconf 90' lang='lat' dir='ltr'>Postremo</span> 
     </span>
     <span class='ocr_line' id='line_1_43' title="bbox 283 4084 2283 4172; baseline 0.003 -24"><span class='ocrx_word' id='word_1_580' title='bbox 283 4087 471 4169; x_wconf 87' lang='lat' dir='ltr'>prophetae,</span> <span class='ocrx_word' id='word_1_581' title='bbox 493 4086 568 4149; x_wconf 92' lang='lat' dir='ltr'>dum</span> <span class='ocrx_word' id='word_1_582' title='bbox 590 4087 764 4149; x_wconf 90' lang='lat' dir='ltr'>hortantur</span> <span class='ocrx_word' id='word_1_583' title='bbox 782 4085 938 4167; x_wconf 93' lang='lat' dir='ltr'>populum</span> <span class='ocrx_word' id='word_1_584' title='bbox 953 4086 993 4150; x_wconf 90' lang='lat' dir='ltr'>ad</span> <span class='ocrx_word' id='word_1_585' title='bbox 1011 4087 1254 4169; x_wconf 86' lang='lat' dir='ltr'>poenitentiam,</span> <span class='ocrx_word' id='word_1_586' title='bbox 1306 4084 1449 4150; x_wconf 87' lang='lat' dir='ltr'>ostendit</span> <span class='ocrx_word' id='word_1_587' title='bbox 1472 4085 1531 4148; x_wconf 90' lang='lat' dir='ltr'>hoc</span> <span class='ocrx_word' id='word_1_588' title='bbox 1554 4084 1673 4150; x_wconf 83' lang='lat' dir='ltr'>iactum</span> <span class='ocrx_word' id='word_1_589' title='bbox 1699 4086 1797 4151; x_wconf 87' lang='lat' dir='ltr'>tuisse</span> <span class='ocrx_word' id='word_1_590' title='bbox 1820 4108 1910 4152; x_wconf 90' lang='lat' dir='ltr'>mera</span> <span class='ocrx_word' id='word_1_591' title='bbox 1941 4090 2162 4168; x_wconf 89' lang='lat' dir='ltr'>contumacia,</span> <span class='ocrx_word' id='word_1_592' title='bbox 2196 4089 2283 4172; x_wconf 90' lang='lat' dir='ltr'>quod</span> 
     </span>
     <span class='ocr_line' id='line_1_44' title="bbox 283 4168 2283 4256; baseline 0.001 -17"><span class='ocrx_word' id='word_1_593' title='bbox 283 4171 380 4239; x_wconf 89' lang='lat' dir='ltr'>simul</span> <span class='ocrx_word' id='word_1_594' title='bbox 411 4173 443 4233; x_wconf 93' lang='lat' dir='ltr'>in</span> <span class='ocrx_word' id='word_1_595' title='bbox 476 4172 617 4235; x_wconf 90' lang='lat' dir='ltr'>medium</span> <span class='ocrx_word' id='word_1_596' title='bbox 651 4171 821 4254; x_wconf 90' lang='lat' dir='ltr'>proferunt</span> <span class='ocrx_word' id='word_1_597' title='bbox 854 4174 925 4236; x_wconf 90' lang='lat' dir='ltr'>eius</span> <span class='ocrx_word' id='word_1_598' title='bbox 958 4181 1099 4254; x_wconf 87' lang='lat' dir='ltr'>peecata.</span> <span class='ocrx_word' id='word_1_599' title='bbox 1144 4171 1181 4238; x_wconf 81' lang='lat' dir='ltr'>si</span> <span class='ocrx_word' id='word_1_600' title='bbox 1203 4173 1253 4236; x_wconf 93' lang='lat' dir='ltr'>in·</span> <span class='ocrx_word' id='word_1_601' title='bbox 1307 4170 1429 4236; x_wconf 89' lang='lat' dir='ltr'>scilicet</span> <span class='ocrx_word' id='word_1_602' title='bbox 1452 4168 1629 4234; x_wconf 87' lang='lat' dir='ltr'>abiecerint</span> <span class='ocrx_word' id='word_1_603' title='bbox 1646 4192 1776 4236; x_wconf 87' lang='lat' dir='ltr'>omnem</span> <span class='ocrx_word' id='word_1_604' title='bbox 1795 4174 1855 4238; x_wconf 89' lang='lat' dir='ltr'>Dei</span> <span class='ocrx_word' id='word_1_605' title='bbox 1874 4174 2102 4251; x_wconf 87' lang='lat' dir='ltr'>reverentiam,</span> <span class='ocrx_word' id='word_1_606' title='bbox 2125 4176 2283 4256; x_wconf 89' lang='lat' dir='ltr'>quoniam</span> 
     </span>
     <span class='ocr_line' id='line_1_45' title="bbox 284 4255 2284 4344; baseline 0.001 -21"><span class='ocrx_word' id='word_1_607' title='bbox 284 4278 411 4344; x_wconf 88' lang='lat' dir='ltr'>genuus</span> <span class='ocrx_word' id='word_1_608' title='bbox 440 4268 524 4320; x_wconf 89' lang='lat' dir='ltr'>esset</span> <span class='ocrx_word' id='word_1_609' title='bbox 555 4257 657 4338; x_wconf 88' lang='lat' dir='ltr'>pudor</span> <span class='ocrx_word' id='word_1_610' title='bbox 680 4258 713 4320; x_wconf 91' lang='lat' dir='ltr'>in</span> <span class='ocrx_word' id='word_1_611' title='bbox 736 4256 937 4334; x_wconf 90' lang='lat' dir='ltr'>hominibus,</span> <span class='ocrx_word' id='word_1_612' title='bbox 971 4279 1037 4321; x_wconf 94' lang='lat' dir='ltr'>non</span> <span class='ocrx_word' id='word_1_613' title='bbox 1069 4267 1175 4322; x_wconf 89' lang='lat' dir='ltr'>essent</span> <span class='ocrx_word' id='word_1_614' title='bbox 1208 4257 1256 4321; x_wconf 90' lang='lat' dir='ltr'>ita</span> <span class='ocrx_word' id='word_1_615' title='bbox 1308 4256 1361 4320; x_wconf 89' lang='lat' dir='ltr'>lex</span> <span class='ocrx_word' id='word_1_616' title='bbox 1384 4256 1448 4319; x_wconf 89' lang='lat' dir='ltr'>illis</span> <span class='ocrx_word' id='word_1_617' title='bbox 1471 4255 1577 4318; x_wconf 88' lang='lat' dir='ltr'>fuerat</span> <span class='ocrx_word' id='word_1_618' title='bbox 1599 4258 1689 4321; x_wconf 91' lang='lat' dir='ltr'>data:</span> <span class='ocrx_word' id='word_1_619' title='bbox 1726 4258 1842 4323; x_wconf 93' lang='lat' dir='ltr'>deinde</span> <span class='ocrx_word' id='word_1_620' title='bbox 1864 4258 1957 4324; x_wconf 90' lang='lat' dir='ltr'>missi</span> <span class='ocrx_word' id='word_1_621' title='bbox 1985 4269 2081 4324; x_wconf 89' lang='lat' dir='ltr'>erant</span> <span class='ocrx_word' id='word_1_622' title='bbox 2100 4259 2284 4342; x_wconf 86' lang='lat' dir='ltr'>prophetae</span> 
     </span>
     <span class='ocr_line' id='line_1_46' title="bbox 286 4340 2284 4428; baseline 0 -18"><span class='ocrx_word' id='word_1_623' title='bbox 286 4342 440 4428; x_wconf 89' lang='lat' dir='ltr'>urgendi:</span> <span class='ocrx_word' id='word_1_624' title='bbox 475 4340 532 4405; x_wconf 92' lang='lat' dir='ltr'>sed</span> <span class='ocrx_word' id='word_1_625' title='bbox 566 4344 718 4424; x_wconf 91' lang='lat' dir='ltr'>quoniam</span> <span class='ocrx_word' id='word_1_626' title='bbox 743 4343 794 4407; x_wconf 91' lang='lat' dir='ltr'>vel</span> <span class='ocrx_word' id='word_1_627' title='bbox 823 4342 1031 4424; x_wconf 89' lang='lat' dir='ltr'>impudenter</span> <span class='ocrx_word' id='word_1_628' title='bbox 1052 4356 1174 4426; x_wconf 91' lang='lat' dir='ltr'>negant</span> <span class='ocrx_word' id='word_1_629' title='bbox 1195 4365 1255 4407; x_wconf 92' lang='lat' dir='ltr'>sua</span> <span class='ocrx_word' id='word_1_630' title='bbox 1308 4342 1363 4406; x_wconf 87' lang='lat' dir='ltr'>fidi</span> <span class='ocrx_word' id='word_1_631' title='bbox 1384 4342 1587 4421; x_wconf 88' lang='lat' dir='ltr'>interpretes.</span> <span class='ocrx_word' id='word_1_632' title='bbox 1633 4343 1723 4408; x_wconf 78' lang='lat' dir='ltr'>Satis</span> <span class='ocrx_word' id='word_1_633' title='bbox 1746 4366 1823 4428; x_wconf 88' lang='lat' dir='ltr'>ergo</span> <span class='ocrx_word' id='word_1_634' title='bbox 1846 4343 2001 4409; x_wconf 88' lang='lat' dir='ltr'>tenebant</span> <span class='ocrx_word' id='word_1_635' title='bbox 2029 4343 2109 4428; x_wconf 91' lang='lat' dir='ltr'>quid</span> <span class='ocrx_word' id='word_1_636' title='bbox 2138 4346 2284 4428; x_wconf 85' lang='lat' dir='ltr'>placeret</span> 
     </span>
     <span class='ocr_line' id='line_1_47' title="bbox 286 4425 2283 4515; baseline 0 -18"><span class='ocrx_word' id='word_1_637' title='bbox 286 4440 425 4515; x_wconf 90' lang='lat' dir='ltr'>peccata,</span> <span class='ocrx_word' id='word_1_638' title='bbox 450 4430 499 4492; x_wconf 92' lang='lat' dir='ltr'>vel</span> <span class='ocrx_word' id='word_1_639' title='bbox 524 4439 600 4491; x_wconf 90' lang='lat' dir='ltr'>sunt</span> <span class='ocrx_word' id='word_1_640' title='bbox 623 4431 668 4493; x_wconf 90' lang='lat' dir='ltr'>ita</span> <span class='ocrx_word' id='word_1_641' title='bbox 690 4429 823 4493; x_wconf 88' lang='lat' dir='ltr'>hebetes</span> <span class='ocrx_word' id='word_1_642' title='bbox 842 4441 877 4492; x_wconf 91' lang='lat' dir='ltr'>ut</span> <span class='ocrx_word' id='word_1_643' title='bbox 896 4451 960 4493; x_wconf 89' lang='lat' dir='ltr'>non</span> <span class='ocrx_word' id='word_1_644' title='bbox 985 4438 1163 4512; x_wconf 89' lang='lat' dir='ltr'>tangantur</span> <span class='ocrx_word' id='word_1_645' title='bbox 1186 4427 1254 4493; x_wconf 93' lang='lat' dir='ltr'>ullo</span> <span class='ocrx_word' id='word_1_646' title='bbox 1309 4427 1390 4505; x_wconf 91' lang='lat' dir='ltr'>Deo,</span> <span class='ocrx_word' id='word_1_647' title='bbox 1412 4425 1539 4508; x_wconf 91' lang='lat' dir='ltr'>etquid</span> <span class='ocrx_word' id='word_1_648' title='bbox 1562 4437 1687 4494; x_wconf 87' lang='lat' dir='ltr'>rectum</span> <span class='ocrx_word' id='word_1_649' title='bbox 1708 4440 1803 4496; x_wconf 90' lang='lat' dir='ltr'>esset.</span> <span class='ocrx_word' id='word_1_650' title='bbox 1834 4429 1929 4497; x_wconf 89' lang='lat' dir='ltr'>Unde</span> <span class='ocrx_word' id='word_1_651' title='bbox 1949 4430 2053 4513; x_wconf 87' lang='lat' dir='ltr'>igitur</span> <span class='ocrx_word' id='word_1_652' title='bbox 2074 4432 2201 4497; x_wconf 86' lang='lat' dir='ltr'>iactum</span> <span class='ocrx_word' id='word_1_653' title='bbox 2225 4446 2283 4509; x_wconf 89' lang='lat' dir='ltr'>ost,</span> 
     </span>
     <span class='ocr_line' id='line_1_48' title="bbox 285 4514 2285 4600; baseline 0.001 -18"><span class='ocrx_word' id='word_1_654' title='bbox 285 4527 385 4592; x_wconf 90' lang='lat' dir='ltr'>metu,</span> <span class='ocrx_word' id='word_1_655' title='bbox 419 4515 490 4578; x_wconf 92' lang='lat' dir='ltr'>ideo</span> <span class='ocrx_word' id='word_1_656' title='bbox 514 4534 643 4578; x_wconf 91' lang='lat' dir='ltr'>necesse</span> <span class='ocrx_word' id='word_1_657' title='bbox 668 4527 718 4579; x_wconf 92' lang='lat' dir='ltr'>cst</span> <span class='ocrx_word' id='word_1_658' title='bbox 746 4515 834 4597; x_wconf 90' lang='lat' dir='ltr'>ipsos</span> <span class='ocrx_word' id='word_1_659' title='bbox 864 4515 971 4579; x_wconf 89' lang='lat' dir='ltr'>acrius</span> <span class='ocrx_word' id='word_1_660' title='bbox 1004 4535 1157 4598; x_wconf 89' lang='lat' dir='ltr'>pungere,</span> <span class='ocrx_word' id='word_1_661' title='bbox 1190 4517 1255 4578; x_wconf 91' lang='lat' dir='ltr'>imo</span> <span class='ocrx_word' id='word_1_662' title='bbox 1309 4527 1344 4577; x_wconf 88' lang='lat' dir='ltr'>ut</span> <span class='ocrx_word' id='word_1_663' title='bbox 1376 4515 1422 4577; x_wconf 90' lang='lat' dir='ltr'>ita</span> <span class='ocrx_word' id='word_1_664' title='bbox 1455 4514 1664 4579; x_wconf 82' lang='lat' dir='ltr'>erraverint?</span> <span class='ocrx_word' id='word_1_665' title='bbox 1703 4537 1821 4598; x_wconf 89' lang='lat' dir='ltr'>nempe</span> <span class='ocrx_word' id='word_1_666' title='bbox 1853 4518 1931 4600; x_wconf 87' lang='lat' dir='ltr'>quia</span> <span class='ocrx_word' id='word_1_667' title='bbox 1961 4515 2155 4582; x_wconf 89' lang='lat' dir='ltr'>clauserunt</span> <span class='ocrx_word' id='word_1_668' title='bbox 2187 4538 2285 4583; x_wconf 88' lang='lat' dir='ltr'>aures</span> 
     </span>
     <span class='ocr_line' id='line_1_49' title="bbox 286 4598 2285 4688; baseline 0.002 -21"><span class='ocrx_word' id='word_1_669' title='bbox 286 4605 429 4687; x_wconf 86' lang='lat' dir='ltr'>graviter</span> <span class='ocrx_word' id='word_1_670' title='bbox 452 4601 634 4666; x_wconf 90' lang='lat' dir='ltr'>vulnerare.</span> <span class='ocrx_word' id='word_1_671' title='bbox 680 4601 751 4665; x_wconf 91' lang='lat' dir='ltr'>Hoc</span> <span class='ocrx_word' id='word_1_672' title='bbox 775 4622 860 4666; x_wconf 92' lang='lat' dir='ltr'>nunc</span> <span class='ocrx_word' id='word_1_673' title='bbox 890 4601 959 4685; x_wconf 88' lang='lat' dir='ltr'>agit</span> <span class='ocrx_word' id='word_1_674' title='bbox 989 4600 1162 4683; x_wconf 90' lang='lat' dir='ltr'>propheta,</span> <span class='ocrx_word' id='word_1_675' title='bbox 1195 4600 1255 4683; x_wconf 78' lang='lat' dir='ltr'>Tu,</span> <span class='ocrx_word' id='word_1_676' title='bbox 1310 4598 1408 4663; x_wconf 91' lang='lat' dir='ltr'>verbo</span> <span class='ocrx_word' id='word_1_677' title='bbox 1431 4598 1509 4675; x_wconf 90' lang='lat' dir='ltr'>Dei,</span> <span class='ocrx_word' id='word_1_678' title='bbox 1543 4620 1646 4681; x_wconf 90' lang='lat' dir='ltr'>neque</span> <span class='ocrx_word' id='word_1_679' title='bbox 1680 4603 1766 4685; x_wconf 88' lang='lat' dir='ltr'>passi</span> <span class='ocrx_word' id='word_1_680' title='bbox 1794 4615 1871 4666; x_wconf 91' lang='lat' dir='ltr'>sunt</span> <span class='ocrx_word' id='word_1_681' title='bbox 1893 4623 1928 4667; x_wconf 90' lang='grc' dir='ltr'>ιι</span> <span class='ocrx_word' id='word_1_682' title='bbox 1949 4600 1990 4666; x_wconf 89' lang='lat' dir='ltr'>ab</span> <span class='ocrx_word' id='word_1_683' title='bbox 2012 4602 2084 4685; x_wconf 88' lang='lat' dir='ltr'>ipso</span> <span class='ocrx_word' id='word_1_684' title='bbox 2104 4604 2194 4688; x_wconf 78' lang='lat' dir='ltr'>regi,</span> <span class='ocrx_word' id='word_1_685' title='bbox 2228 4603 2285 4670; x_wconf 87' lang='lat' dir='ltr'>sed</span> 
     </span>
     <span class='ocr_line' id='line_1_50' title="bbox 287 4685 2015 4772; baseline -0.001 -20"><span class='ocrx_word' id='word_1_686' title='bbox 287 4691 401 4771; x_wconf 90' lang='lat' dir='ltr'>inquit,</span> <span class='ocrx_word' id='word_1_687' title='bbox 434 4687 579 4752; x_wconf 77' lang='lat' dir='ltr'>aestuate</span> <span class='ocrx_word' id='word_1_688' title='bbox 608 4686 696 4769; x_wconf 68' lang='lat' dir='ltr'>epten·</span> <span class='ocrx_word' id='word_1_689' title='bbox 717 4707 785 4751; x_wconf 82' lang='lat' dir='ltr'>cunt</span> <span class='ocrx_word' id='word_1_690' title='bbox 807 4687 877 4753; x_wconf 87' lang='lat' dir='ltr'>Deo</span> <span class='ocrx_word' id='word_1_691' title='bbox 898 4693 970 4752; x_wconf 89' lang='lat' dir='ltr'>tua:</span> <span class='ocrx_word' id='word_1_692' title='bbox 1001 4687 1094 4768; x_wconf 88' lang='lat' dir='ltr'>qnasi</span> <span class='ocrx_word' id='word_1_693' title='bbox 1124 4685 1254 4763; x_wconf 87' lang='lat' dir='ltr'>diceret,</span> <span class='ocrx_word' id='word_1_694' title='bbox 1308 4687 1440 4750; x_wconf 87' lang='lat' dir='ltr'>luerunt</span> <span class='ocrx_word' id='word_1_695' title='bbox 1464 4704 1594 4766; x_wconf 89' lang='lat' dir='ltr'>prorsus</span> <span class='ocrx_word' id='word_1_696' title='bbox 1617 4686 1779 4753; x_wconf 87' lang='lat' dir='ltr'>indociles.</span> <span class='ocrx_word' id='word_1_697' title='bbox 1826 4689 2015 4772; x_wconf 88' lang='lat' dir='ltr'>Pergamus,</span> 
     </span>
     <span class='ocr_line' id='line_1_51' title="bbox 287 4773 1256 4856; baseline -0.004 -16"><span class='ocrx_word' id='word_1_698' title='bbox 287 4775 360 4841; x_wconf 90' lang='lat' dir='ltr'>Non</span> <span class='ocrx_word' id='word_1_699' title='bbox 383 4776 504 4838; x_wconf 81' lang='lat' dir='ltr'>frustra</span> <span class='ocrx_word' id='word_1_700' title='bbox 538 4790 625 4836; x_wconf 91' lang='lat' dir='ltr'>nunc</span> <span class='ocrx_word' id='word_1_701' title='bbox 649 4783 680 4834; x_wconf 92' lang='lat' dir='ltr'>te</span> <span class='ocrx_word' id='word_1_702' title='bbox 702 4773 869 4856; x_wconf 88' lang='lat' dir='ltr'>admoneo,</span> <span class='ocrx_word' id='word_1_703' title='bbox 904 4782 938 4837; x_wconf 92' lang='lat' dir='ltr'>ut</span> <span class='ocrx_word' id='word_1_704' title='bbox 962 4782 1091 4855; x_wconf 88' lang='lat' dir='ltr'>peccata</span> <span class='ocrx_word' id='word_1_705' title='bbox 1125 4783 1182 4837; x_wconf 91' lang='lat' dir='ltr'>tua</span> <span class='ocrx_word' id='word_1_706' title='bbox 1203 4793 1256 4838; x_wconf 91' lang='lat' dir='ltr'>co·</span> 
     </span>
     <span class='ocr_line' id='line_1_52' title="bbox 287 4855 2286 4945; baseline 0.002 -21"><span class='ocrx_word' id='word_1_707' title='bbox 287 4880 441 4945; x_wconf 84' lang='lat' dir='ltr'>gnoseos:</span> <span class='ocrx_word' id='word_1_708' title='bbox 466 4881 542 4924; x_wconf 89' lang='lat' dir='ltr'>nam</span> <span class='ocrx_word' id='word_1_709' title='bbox 566 4859 655 4922; x_wconf 89' lang='lat' dir='ltr'>Deus</span> <span class='ocrx_word' id='word_1_710' title='bbox 678 4858 747 4939; x_wconf 92' lang='lat' dir='ltr'>ipse</span> <span class='ocrx_word' id='word_1_711' title='bbox 771 4869 801 4923; x_wconf 89' lang='lat' dir='ltr'>te</span> <span class='ocrx_word' id='word_1_712' title='bbox 824 4858 967 4923; x_wconf 89' lang='lat' dir='ltr'>damnat.</span> <span class='ocrx_word' id='word_1_713' title='bbox 1008 4858 1175 4940; x_wconf 86' lang='lat' dir='ltr'>Nepotes</span> <span class='ocrx_word' id='word_1_714' title='bbox 1198 4858 1283 4943; x_wconf 69' lang='lat' dir='ltr'>igi-5</span> <span class='ocrx_word' id='word_1_715' title='bbox 1396 4856 1446 4918; x_wconf 80' lang='lat'>14.</span> <span class='ocrx_word' id='word_1_716' title='bbox 1472 4855 1677 4923; x_wconf 82' lang='lat' dir='ltr'>Reuertiniini</span> <span class='ocrx_word' id='word_1_717' title='bbox 1696 4858 1759 4938; x_wconf 78' lang='lat' dir='ltr'>titii</span> <span class='ocrx_word' id='word_1_718' title='bbox 1781 4859 1914 4939; x_wconf 82' lang='lat' dir='ltr'>rebelles,</span> <span class='ocrx_word' id='word_1_719' title='bbox 1936 4859 2014 4925; x_wconf 87' lang='lat' dir='ltr'>dicit</span> <span class='ocrx_word' id='word_1_720' title='bbox 2034 4858 2189 4945; x_wconf 84' lang='lat' dir='ltr'>lebouab,</span> <span class='ocrx_word' id='word_1_721' title='bbox 2212 4883 2286 4945; x_wconf 81' lang='lat' dir='ltr'>quc</span> 
     </span>
     <span class='ocr_line' id='line_1_53' title="bbox 288 4943 2285 5051; baseline 0.002 -41"><span class='ocrx_word' id='word_1_722' title='bbox 288 4959 342 5011; x_wconf 90' lang='lat' dir='ltr'>tur</span> <span class='ocrx_word' id='word_1_723' title='bbox 364 4945 573 5028; x_wconf 79' lang='lat' dir='ltr'>subterfugiis</span> <span class='ocrx_word' id='word_1_724' title='bbox 603 4945 669 5007; x_wconf 89' lang='lat' dir='ltr'>tuis</span> <span class='ocrx_word' id='word_1_725' title='bbox 698 4956 730 5006; x_wconf 90' lang='lat' dir='ltr'>te</span> <span class='ocrx_word' id='word_1_726' title='bbox 753 4965 846 5025; x_wconf 91' lang='lat' dir='ltr'>posse</span> <span class='ocrx_word' id='word_1_727' title='bbox 880 4946 1058 5027; x_wconf 92' lang='lat' dir='ltr'>quidquam</span> <span class='ocrx_word' id='word_1_728' title='bbox 1091 4944 1255 5025; x_wconf 90' lang='lat' dir='ltr'>consequi.</span> <span class='ocrx_word' id='word_1_729' title='bbox 1280 4948 1283 5051; x_wconf 58' lang='lat' dir='ltr'>l</span> <span class='ocrx_word' id='word_1_730' title='bbox 1308 4943 1395 5006; x_wconf 83' lang='lat' dir='ltr'>niani</span> <span class='ocrx_word' id='word_1_731' title='bbox 1418 4961 1470 5025; x_wconf 76' lang='lat' dir='ltr'>epo</span> <span class='ocrx_word' id='word_1_732' title='bbox 1492 4945 1627 5009; x_wconf 81' lang='lat' dir='ltr'>maritus</span> <span class='ocrx_word' id='word_1_733' title='bbox 1648 4949 1746 5009; x_wconf 72' lang='lat' dir='ltr'>aestu</span> <span class='ocrx_word' id='word_1_734' title='bbox 1774 4943 1839 5028; x_wconf 88' lang='lat' dir='ltr'>(vel</span> <span class='ocrx_word' id='word_1_735' title='bbox 1864 4946 2049 5012; x_wconf 90' lang='lat' dir='ltr'>dominatus</span> <span class='ocrx_word' id='word_1_736' title='bbox 2070 4967 2146 5012; x_wconf 88' lang='lat' dir='ltr'>sum</span> <span class='ocrx_word' id='word_1_737' title='bbox 2168 4951 2205 5013; x_wconf 92' lang='lat' dir='ltr'>in</span> <span class='ocrx_word' id='word_1_738' title='bbox 2229 4971 2285 5014; x_wconf 91' lang='lat' dir='ltr'>vu·</span> 
     </span>
     <span class='ocr_line' id='line_1_54' title="bbox 289 5028 2285 5115; baseline 0.002 -18"><span class='ocrx_word' id='word_1_739' title='bbox 289 5033 333 5097; x_wconf 84' lang='lat' dir='ltr'>Et</span> <span class='ocrx_word' id='word_1_740' title='bbox 355 5033 495 5115; x_wconf 88' lang='lat' dir='ltr'>speciem</span> <span class='ocrx_word' id='word_1_741' title='bbox 519 5049 646 5112; x_wconf 91' lang='lat' dir='ltr'>quoque</span> <span class='ocrx_word' id='word_1_742' title='bbox 669 5028 831 5111; x_wconf 89' lang='lat' dir='ltr'>adiungit,</span> <span class='ocrx_word' id='word_1_743' title='bbox 866 5053 927 5111; x_wconf 94' lang='lat' dir='ltr'>quo</span> <span class='ocrx_word' id='word_1_744' title='bbox 962 5031 1094 5113; x_wconf 90' lang='lat' dir='ltr'>propius</span> <span class='ocrx_word' id='word_1_745' title='bbox 1123 5050 1256 5093; x_wconf 90' lang='lat' dir='ltr'>manum</span> <span class='ocrx_word' id='word_1_746' title='bbox 1281 5076 1283 5093; x_wconf 90' lang='grc'>.</span> <span class='ocrx_word' id='word_1_747' title='bbox 1309 5030 1367 5102; x_wconf 91' lang='lat' dir='ltr'>bis,</span> <span class='ocrx_word' id='word_1_748' title='bbox 1392 5038 1428 5091; x_wconf 93' lang='lat' dir='ltr'>ut</span> <span class='ocrx_word' id='word_1_749' title='bbox 1450 5029 1503 5091; x_wconf 90' lang='lat' dir='ltr'>alii</span> <span class='ocrx_word' id='word_1_750' title='bbox 1528 5040 1673 5094; x_wconf 89' lang='lat' dir='ltr'>vertunt:</span> <span class='ocrx_word' id='word_1_751' title='bbox 1696 5030 1762 5111; x_wconf 91' lang='lat' dir='ltr'>alii,</span> <span class='ocrx_word' id='word_1_752' title='bbox 1786 5032 1890 5096; x_wconf 88' lang='lat' dir='ltr'>taedio</span> <span class='ocrx_word' id='word_1_753' title='bbox 1913 5033 2048 5098; x_wconf 86' lang='lat' dir='ltr'>affectus</span> <span class='ocrx_word' id='word_1_754' title='bbox 2070 5053 2145 5098; x_wconf 90' lang='lat' dir='ltr'>sum</span> <span class='ocrx_word' id='word_1_755' title='bbox 2169 5036 2207 5100; x_wconf 92' lang='lat' dir='ltr'>in</span> <span class='ocrx_word' id='word_1_756' title='bbox 2231 5058 2285 5102; x_wconf 90' lang='lat' dir='ltr'>vo·</span> 
     </span>
     <span class='ocr_line' id='line_1_55' title="bbox 288 5106 2285 5205; baseline 0.002 -22"><span class='ocrx_word' id='word_1_757' title='bbox 288 5131 447 5200; x_wconf 88' lang='lat' dir='ltr'>conserat,</span> <span class='ocrx_word' id='word_1_758' title='bbox 474 5118 532 5196; x_wconf 83' lang='lat' dir='ltr'>Tu,</span> <span class='ocrx_word' id='word_1_759' title='bbox 557 5117 669 5198; x_wconf 91' lang='lat' dir='ltr'>inquit,</span> <span class='ocrx_word' id='word_1_760' title='bbox 690 5116 759 5179; x_wconf 87' lang='lat' dir='ltr'>uias</span> <span class='ocrx_word' id='word_1_761' title='bbox 780 5120 850 5179; x_wconf 86' lang='lat' dir='ltr'>tuas</span> <span class='ocrx_word' id='word_1_762' title='bbox 871 5117 1046 5197; x_wconf 81' lang='lat' dir='ltr'>dissipasti,</span> <span class='ocrx_word' id='word_1_763' title='bbox 1069 5115 1115 5180; x_wconf 87' lang='lat' dir='ltr'>ael</span> <span class='ocrx_word' id='word_1_764' title='bbox 1136 5116 1258 5197; x_wconf 80' lang='lat' dir='ltr'>disper·</span> <span class='ocrx_word' id='word_1_765' title='bbox 1281 5106 1283 5189; x_wconf 76' lang='grc' dir='ltr'>ξ</span> <span class='ocrx_word' id='word_1_766' title='bbox 1309 5117 1374 5178; x_wconf 92' lang='lat' dir='ltr'>bis:</span> <span class='ocrx_word' id='word_1_767' title='bbox 1398 5115 1541 5177; x_wconf 85' lang='lat' dir='ltr'>dicemus</span> <span class='ocrx_word' id='word_1_768' title='bbox 1565 5127 1675 5196; x_wconf 90' lang='lat' dir='ltr'>postea</span> <span class='ocrx_word' id='word_1_769' title='bbox 1698 5114 1738 5180; x_wconf 91' lang='lat' dir='ltr'>de</span> <span class='ocrx_word' id='word_1_770' title='bbox 1761 5117 1822 5183; x_wconf 92' lang='lat' dir='ltr'>hoc</span> <span class='ocrx_word' id='word_1_771' title='bbox 1844 5117 1964 5205; x_wconf 89' lang='lat' dir='ltr'>verbo),</span> <span class='ocrx_word' id='word_1_772' title='bbox 1985 5122 2013 5184; x_wconf 83' lang='lat' dir='ltr'>et</span> <span class='ocrx_word' id='word_1_773' title='bbox 2034 5138 2203 5186; x_wconf 77' lang='grc' dir='ltr'>ιιιιιιιιιιιι</span> <span class='ocrx_word' id='word_1_774' title='bbox 2223 5142 2285 5200; x_wconf 86' lang='lat' dir='ltr'>uos,</span> 
     </span>
     <span class='ocr_line' id='line_1_56' title="bbox 288 5200 2284 5288; baseline 0.003 -20"><span class='ocrx_word' id='word_1_775' title='bbox 288 5204 360 5268; x_wconf 89' lang='lat' dir='ltr'>sisti</span> <span class='ocrx_word' id='word_1_776' title='bbox 377 5205 500 5279; x_wconf 87' lang='lat' dir='ltr'>alienis,</span> <span class='ocrx_word' id='word_1_777' title='bbox 521 5203 628 5268; x_wconf 77' lang='lat' dir='ltr'>ucbtus</span> <span class='ocrx_word' id='word_1_778' title='bbox 645 5221 763 5268; x_wconf 87' lang='lat' dir='ltr'>omnem</span> <span class='ocrx_word' id='word_1_779' title='bbox 781 5202 918 5265; x_wconf 74' lang='lat' dir='ltr'>arbnevn</span> <span class='ocrx_word' id='word_1_780' title='bbox 938 5204 1133 5283; x_wconf 73' lang='lat' dir='ltr'>frondosam.</span> <span class='ocrx_word' id='word_1_781' title='bbox 1164 5201 1258 5267; x_wconf 83' lang='lat' dir='ltr'>Com·</span> <span class='ocrx_word' id='word_1_782' title='bbox 1309 5200 1594 5282; x_wconf 65' lang='lat' dir='ltr'>usmaitaindau,</span> <span class='ocrx_word' id='word_1_783' title='bbox 1626 5207 1654 5265; x_wconf 86' lang='lat' dir='ltr'>ct</span> <span class='ocrx_word' id='word_1_784' title='bbox 1678 5202 1755 5266; x_wconf 85' lang='lat' dir='ltr'>duas</span> <span class='ocrx_word' id='word_1_785' title='bbox 1782 5224 1798 5268; x_wconf 89' lang='lat' dir='ltr'>e</span> <span class='ocrx_word' id='word_1_786' title='bbox 1825 5205 1953 5285; x_wconf 81' lang='lat' dir='ltr'>familia</span> <span class='ocrx_word' id='word_1_787' title='bbox 1983 5203 2049 5288; x_wconf 84' lang='lat' dir='ltr'>(vel</span> <span class='ocrx_word' id='word_1_788' title='bbox 2076 5208 2284 5288; x_wconf 85' lang='lat' dir='ltr'>cognatione,</span> 
     </span>
     <span class='ocr_line' id='line_1_57' title="bbox 289 5284 1962 5371; baseline 0.001 -19"><span class='ocrx_word' id='word_1_789' title='bbox 289 5299 383 5370; x_wconf 90' lang='lat' dir='ltr'>parat</span> <span class='ocrx_word' id='word_1_790' title='bbox 404 5290 523 5353; x_wconf 90' lang='lat' dir='ltr'>iterum</span> <span class='ocrx_word' id='word_1_791' title='bbox 544 5287 710 5354; x_wconf 83' lang='lat' dir='ltr'>israelitas</span> <span class='ocrx_word' id='word_1_792' title='bbox 733 5287 966 5365; x_wconf 89' lang='lat' dir='ltr'>meretricibus,</span> <span class='ocrx_word' id='word_1_793' title='bbox 988 5307 1070 5370; x_wconf 91' lang='lat' dir='ltr'>quae</span> <span class='ocrx_word' id='word_1_794' title='bbox 1088 5286 1187 5371; x_wconf 86' lang='lat' dir='ltr'>vulgo</span> <span class='ocrx_word' id='word_1_795' title='bbox 1209 5287 1257 5351; x_wconf 89' lang='lat' dir='ltr'>ita</span> <span class='ocrx_word' id='word_1_796' title='bbox 1310 5285 1363 5351; x_wconf 90' lang='lat' dir='ltr'>vol</span> <span class='ocrx_word' id='word_1_797' title='bbox 1386 5284 1496 5370; x_wconf 87' lang='lat' dir='ltr'>tribu),</span> <span class='ocrx_word' id='word_1_798' title='bbox 1518 5291 1546 5351; x_wconf 84' lang='lat' dir='ltr'>et</span> <span class='ocrx_word' id='word_1_799' title='bbox 1567 5286 1723 5353; x_wconf 48' lang='lat' dir='ltr'>&amp;dracena</span> <span class='ocrx_word' id='word_1_800' title='bbox 1743 5310 1797 5355; x_wconf 88' lang='lat' dir='ltr'>aas</span> <span class='ocrx_word' id='word_1_801' title='bbox 1818 5292 1853 5356; x_wconf 89' lang='lat' dir='ltr'>in</span> <span class='ocrx_word' id='word_1_802' title='bbox 1876 5289 1962 5356; x_wconf 81' lang='lat' dir='ltr'>Sion.</span> 
     </span>
    </p>
   </div>
   <div class='ocr_carea' id='block_1_3' title="bbox 0 0 2414 5970">
    <p class='ocr_par' dir='ltr' id='par_1_3' title="bbox 0 0 2414 5970">
     <span class='ocr_line' id='line_1_58' title="bbox 0 0 2414 5970; baseline 0 0"><span class='ocrx_word' id='word_1_803' title='bbox 0 0 2414 5970; x_wconf 95' lang='lat' dir='ltr'> </span> 
     </span>
    </p>
   </div>
  </div>
 </body>
</html>
