4784 5970
189 362 252 428 287
1070 357 1120 422 IN
1143 356 1308 424 lentam
2127 352 2188 420 288

189 551 265 617 fidei
288 569 482 617 eonsensum
505 549 656 612 refertur.
701 548 775 613 Atio
805 560 914 613 autem
945 566 1045 612 sensu
1074 566 1161 610 nune
1211 545 1428 611 aemulentur.
1472 543 1755 628 Quemadmodum
1781 544 1879 610 stiam
1903 542 2069 610 Dominus
2098 562 2187 626 prae·

191 632 795 717 (11111111111111111110111111111,
822 654 919 716 quarn
942 652 1047 715 nuper
1069 631 1160 695 dixe·
1213 629 1340 696 dixerat
1369 652 1404 697 se
1437 630 1477 697 ad
1509 631 1760 697 aemulationem
1792 630 1931 697 Iudaeos
1963 649 2022 712 per
2055 638 2187 712 gentem

191 734 242 788 rat
265 719 396 788 Christo
425 720 524 784 luisse
554 719 691 804 ignotas.
737 719 872 802 Proprie
901 718 988 783 enim
1017 718 1162 800 prolauie
1212 716 1344 781 stultam
1385 729 1638 799 provocaturum
1676 738 1757 783 esse.
1819 716 1960 798 'Psmpus
1998 712 2188 780 inveniendi

189 808 341 874 omnibus
380 820 413 870 et
453 804 631 870 incredulis
664 806 818 870 tribuitur
849 803 1050 888 ignorantia:
1085 805 1162 885 quia
1213 824 1280 866 non
1302 823 1435 887 prorsus
1457 803 1504 869 ita
1525 805 1653 887 eapitur
1674 809 1711 866 ut
1732 803 1861 869 Psalmo
1878 802 1931 881 32,
1952 801 2011 866 sed
2029 820 2095 883 quo
2118 819 2187 865 sem

190 893 339 959 eoelestis
373 891 542 957 doctrinae
574 891 646 955 luce
678 892 861 973 privantur,
894 891 965 956 sine
998 910 1063 971 qua
1096 909 1160 952 non
1212 887 1304 953 Deus
1327 888 1433 969 offert,
1460 890 1545 955 sieut
1574 890 1652 955 alibi
1677 901 1801 953 certum
1832 887 2036 970 beneplacito
2062 904 2126 950 suo
2155 895 2188 949 et

189 989 295 1064 potest
318 977 381 1042 Dei
406 978 521 1042 notitia
548 975 671 1040 baberi.
697 975 877 1057 Quamvis
905 976 994 1042 enim
1017 976 1161 1038 emnium
1212 975 1311 1038 saluti
1342 973 1428 1038 diem
1462 976 1624 1058 praefixit
1680 974 1876 1056 Quanquam
1908 972 2003 1039 iacile
2037 970 2186 1046 admitto,

190 1066 309 1131 animis
331 1062 523 1128 naturaliter
552 1063 711 1144 impressa
740 1062 783 1127 sit
810 1062 927 1127 notitia
948 1060 1022 1137 Dei,
1051 1067 1162 1124 tamen
1212 1058 1310 1125 simul
1330 1061 1427 1125 etiam
1450 1062 1556 1125 notari
1580 1074 1717 1142 tempus,
1740 1080 1804 1143 quo
1826 1060 2002 1124 necessitas
2024 1064 2126 1140 urget
2147 1056 2187 1120 sd

189 1151 270 1217 adeo
291 1149 427 1215 confusa
453 1159 486 1212 et
515 1149 650 1213 obseura
679 1160 738 1226 est,
769 1147 931 1229 variisque
961 1146 1083 1210 deliciis
1114 1146 1161 1208 in·
1213 1143 1430 1229 expetendum
1472 1147 1536 1212 Dei
1579 1146 1745 1211 auxilium.
1804 1144 1871 1211 Sed
1900 1143 1982 1209 illud
2014 1144 2186 1225 praecipue

190 1236 310 1313 voluta,
339 1247 374 1300 ut
404 1235 467 1298 nisi
495 1233 626 1299 accedat
656 1233 712 1297 lux
744 1232 835 1297 verbi
864 1234 971 1298 Deum
999 1231 1161 1298 noscendo
1214 1228 1392 1296 tenendum
1422 1240 1481 1312 est,
1510 1244 1691 1315 opportune
1725 1233 1837 1315 quaeri
1860 1229 1977 1308 Deum,
2010 1228 2066 1293 ubi
2101 1228 2185 1292 ultro

189 1344 256 1388 non
278 1329 467 1404 agnoscant,
490 1319 547 1383 sed
570 1321 687 1384 misere
712 1331 821 1383 errent
842 1319 876 1382 in
899 1318 1052 1382 tenebris.
1097 1317 1162 1381 Hie
1214 1317 1321 1399 prodit
1344 1318 1488 1382 obviam:
1520 1319 1597 1400 quia
1618 1318 1737 1400 torpidi
1759 1330 1793 1382 et
1814 1317 1925 1400 ignavi
1947 1317 2070 1379 frustm
2092 1312 2187 1378 delle-

189 1408 348 1473 habemus
388 1406 518 1489 insigne
552 1403 615 1469 Dei
658 1405 881 1470 testimonium
920 1404 960 1467 de
993 1403 1162 1468 vocatione
1214 1404 1296 1467 bunt
1319 1422 1353 1466 se
1376 1405 1481 1486 gratia
1502 1424 1600 1486 quam
1623 1405 1806 1486 respuerint
1833 1404 1978 1484 privatos
1999 1420 2082 1465 aeae.
2128 1400 2186 1463 'Po

213 1494 349 1571 entium,
372 1493 489 1575 quibus
511 1490 665 1556 Christus
688 1512 753 1555 non
779 1491 889 1554 minus
911 1510 1009 1572 quam
1031 1487 1163 1553 Iudaeis
1214 1488 1298 1552 leret
1330 1487 1530 1570 aliquamdiu
1560 1489 1723 1554 Dominus
1750 1488 1937 1553 tarditatem
1966 1491 2127 1567 nostram,
2155 1498 2186 1548 et

188 1516 372 1644 destinatus
402 1588 460 1642 est.
505 1576 601 1642 Unde
632 1577 729 1640 ctiam
759 1575 941 1659 colligimus
970 1574 1079 1639 Deum
1107 1573 1163 1638 ha·
1214 1596 1274 1640 nos
1296 1577 1451 1638 sustinet:
1481 1574 1537 1640 sed
1560 1578 1587 1639 si
1611 1575 1742 1639 tandem
1765 1573 1848 1639 nihil
1871 1573 2017 1656 proficiat
2047 1568 2185 1647 recedet,

189 1665 266 1731 bere
288 1684 401 1728 euram
431 1664 545 1741 nostri,
579 1663 606 1727 si
639 1663 699 1726 sub
732 1662 904 1744 imperium
938 1660 1007 1724 eius
1040 1658 1161 1725 redacti
1214 1671 1311 1742 atque
1339 1660 1402 1723 alio
1435 1661 1611 1725 transferet
1643 1662 1782 1744 gratiam
1811 1680 1913 1725 suam.
1964 1657 2185 1738 Quamobrem

189 1750 304 1831 simus,
333 1770 393 1813 nec
422 1749 525 1813 solum
560 1768 630 1810 eam
664 1767 775 1811 euram
809 1767 907 1829 quam
940 1746 980 1810 de
1012 1745 1163 1810 omnibus
1214 1747 1369 1811 admonet
1386 1744 1538 1811 Christus
1561 1746 1793 1811 ambulandum
1816 1766 1886 1811 esse
1904 1764 2004 1827 quum
2027 1743 2100 1807 dies
2122 1752 2185 1807 est:

190 1835 358 1911 creaturis,
381 1837 437 1898 sed
461 1834 587 1916 qualem
612 1843 703 1914 pater
725 1854 784 1915 pro
807 1833 882 1897 filiis
904 1831 1013 1897 babet.
1054 1830 1164 1911 Quan-
1216 1843 1389 1896 venturam
1420 1833 1506 1895 enim
1537 1853 1607 1896 esse
1635 1841 1772 1908 noctem,
1801 1852 1865 1914 qua
1892 1829 2032 1894 facultas
2059 1828 2187 1892 itineris

192 1943 290 2006 quam
319 1922 380 1985 sub
403 1940 482 1984 voce
511 1940 624 1984 cursus
653 1919 769 1983 melius
797 1919 994 2002 exprimitur
1021 1917 1165 1982 efficacia
1215 1917 1352 1983 faciendi
1375 1917 1469 1982 nobis
1490 1917 1664 1983 auferetur.
1709 1919 1876 1982 Eximiam
1899 1915 1977 1981 hinc
1993 1913 2187 1979 consolatio-

191 2008 290 2072 huius
314 2006 500 2070 vocationis.
544 2005 610 2069 Hie
632 2004 720 2068 enim
742 2005 816 2069 finis
846 2013 896 2069 est
925 2013 962 2067 ut
992 2024 1164 2086 pareamus
1217 2025 1291 2068 nem
1314 2006 1480 2086 percipere
1502 2004 1662 2079 debemus,
1685 2024 1783 2086 quum
1802 2001 1952 2066 audimus
1976 2021 2042 2065 non
2064 2000 2188 2065 frustra

192 2092 273 2169 Deo,
294 2102 330 2156 ut
347 2102 497 2174 prompto
513 2099 546 2155 et
562 2090 660 2155 alacri
679 2091 788 2155 animo
808 2091 962 2154 sistamus
977 2110 1038 2153 nos
1054 2109 1164 2153 eoram
1216 2112 1235 2152 a
1258 2088 1351 2153 nobis
1373 2088 1481 2152 Deum
1511 2090 1632 2172 quaeri.
1685 2088 1841 2170 Quaerite
1869 2086 1989 2172 (inquit
2019 2084 2187 2169 Christus)

190 2180 262 2261 ipso
286 2176 415 2252 dociles,
446 2187 642 2259 paratosque
670 2176 710 2241 ad
740 2174 966 2258 excipiendum
989 2173 1165 2256 quemlibet
1217 2187 1249 2239 et
1270 2176 1458 2239 invenietis:
1489 2176 1625 2257 pulsate,
1646 2183 1680 2239 et
1701 2175 1880 2257 aperietur:
1910 2173 2020 2255 petite,
2034 2184 2077 2247 ‚et
2099 2170 2187 2236 dabi-

194 2266 262 2329 eius
286 2274 416 2327 nutum:
448 2261 721 2343 quemadmodum
751 2261 875 2326 Paulus
898 2260 993 2324 Rom.
1019 2262 1036 2323 1
1061 2258 1107 2345 (1.
1131 2257 1165 2345 5)
1217 2263 1274 2324 tur
1295 2262 1396 2326 vobis.
1430 2260 1544 2325 Potest
1566 2260 1619 2325 hie
1639 2260 1812 2325 invocandi
1831 2258 1968 2322 verbum
1989 2255 2188 2342 generaliter

193 2359 227 2415 et
248 2349 363 2414 ultimo
386 2347 450 2432 (16,
468 2348 523 2432 26)
545 2349 644 2411 finem
664 2347 841 2412 vocationis
863 2355 993 2410 nostrae
1011 2345 1165 2411 obedien·
1216 2346 1334 2427 accipi:
1358 2346 1416 2411 sed
1439 2347 1518 2410 mihi
1537 2346 1667 2411 videtur
1690 2345 1865 2429 quaerendi
1884 2344 1946 2408 Dei
1968 2344 2113 2425 speeiem
2135 2340 2188 2406 de·

192 2437 271 2500 tiam
294 2455 365 2500 esse
385 2434 536 2500 ostendit.
583 2431 649 2499 Sed
672 2434 749 2515 quia
780 2433 969 2516 longissime
1002 2431 1166 2519 distabant
1217 2435 1358 2516 signare,
1381 2453 1462 2513 quae
1480 2433 1566 2496 inter
1584 2433 1664 2497 alias
1686 2433 1860 2515 praecipua
1877 2440 1937 2507 est,
1960 2430 2043 2494 acsi
2063 2429 2188 2494 iuberet

193 2529 308 2606 gentes
341 2540 360 2582 a
387 2521 470 2596 Deo,
503 2519 649 2601 oportuit
682 2529 813 2583 strenue
841 2518 923 2582 eniti
953 2528 990 2581 ut
1019 2518 1166 2600 abruptis
1218 2519 1302 2583 votis
1323 2528 1356 2581 11
1378 2517 1528 2599 precibus
1552 2518 1592 2582 ad
1616 2539 1690 2583 eum
1720 2519 1904 2600 coningere.
1948 2515 2058 2597 Prope
2081 2524 2188 2579 autem

193 2605 345 2672 omnibus
375 2605 618 2687 impedimentis
649 2604 690 2669 ad
720 2625 793 2669 eum
823 2625 937 2670 rursus
967 2602 1166 2668 accederent.
1218 2625 1288 2668 esse
1317 2603 1409 2685 dieit,
1445 2604 1520 2667 dum
1550 2606 1670 2686 apertis
1696 2603 1819 2668 loribus
1848 2602 1888 2667 ad
1918 2623 1953 2665 se
1982 2600 2189 2665 familiariter

278 2689 424 2775 (Propter
456 2690 626 2775 Ieboeom.)
685 2688 839 2755 Ostendit
876 2688 963 2754 unde
1003 2691 1046 2754 sit
1085 2689 1166 2754 haec
1217 2690 1352 2754 invitat:
1377 2688 1433 2753 111
1455 2689 1563 2770 prodit
1584 2691 1618 2753 in
1649 2689 1797 2772 medium,
1828 2709 1869 2752 ne
1895 2707 1954 2769 per
1982 2686 2101 2770 longos
2128 2685 2187 2751 eir·

191 2778 415 2861 prompt-itudo
449 2786 480 2840 et
514 2776 677 2841 celeritas:
711 2796 829 2859 nempe
862 2776 937 2859 quia
968 2786 1082 2859 gentes
1114 2776 1165 2838 in·
1217 2777 1321 2840 cuitus
1344 2774 1548 2856 quaerendus
1571 2777 1622 2840 sit.

192 2864 343 2947 telligent
375 2864 541 2946 negotium
579 2863 640 2927 sibi
672 2882 747 2926 cum
781 2861 851 2925 Deo
884 2883 962 2926 esse.
1018 2861 1103 2925 Nam
1137 2862 1165 2926 si
1302 2859 1404 2945 (Dum
1419 2881 1519 2942 prope
1540 2862 1608 2943 est.)
1642 2859 1798 2924 'lenenda
1818 2872 1925 2924 autem
1947 2870 1999 2923 est
2019 2857 2118 2923 Pauli
2140 2855 2188 2920 de

194 2948 364 3014 Christum
398 2960 434 3011 ut
466 2947 631 3011 hominem
669 2946 872 3012 solummodo
910 2945 1164 3025 consideremus,
1217 2947 1321 3012 finitio
1350 2945 1461 3031 (Rom.
1486 2947 1535 3024 10,
1558 2946 1592 3032 8)
1625 2947 1681 3029 qui
1717 2944 1881 3027 evangelii
1914 2944 2188 3027 praedicationem

193 3055 259 3097 non
283 3031 424 3095 multum
455 3034 657 3095 movebimur
687 3033 756 3096 eius
786 3033 945 3097 doctrina:
977 3032 1033 3097 sed
1064 3052 1164 3114 quum
1217 3034 1326 3097 notari
1350 3033 1450 3097 docet.
1484 3034 1591 3115 Prope
1615 3032 1702 3096 enim
1724 3041 1774 3095 est
1791 3030 1963 3109 Dominus,
1986 3036 2021 3095 et
2042 3050 2079 3094 se
2100 3029 2189 3094 nobis

194 3117 471 3200 apprehendimus
494 3119 528 3181 in
551 3119 620 3199 ipso
643 3116 764 3196 Deum,
792 3121 875 3181 miro
898 3118 1014 3182 ardore
1035 3119 1166 3182 111111111-
1217 3120 1323 3195 offert,
1347 3139 1443 3200 quum
1463 3130 1615 3202 personat
1633 3139 1697 3183 vox
1714 3116 1887 3201 evangelii.
1920 3116 1988 3182 Nee
2007 3121 2058 3179 est
2077 3114 2190 3198 procul

194 3223 332 3267 mamur.
366 3202 574 3266 Describitur
597 3214 704 3265 autem
726 3201 779 3267 hie
802 3203 896 3266 nobis
918 3202 1072 3267 Christus
1095 3213 1166 3267 tau·
1218 3203 1432 3286 quaerendus,
1467 3225 1526 3269 nec
1560 3206 1657 3286 longa
1685 3202 1874 3268 circuitione
1903 3222 1983 3284 opus
2014 3206 2073 3278 eet,
2104 3198 2189 3284 quali

194 3310 290 3370 quam
314 3286 464 3351 minister
486 3285 669 3351 destinatus
691 3307 711 3349 a
733 3286 812 3365 Deo,
839 3296 875 3351 ut
897 3308 978 3369 opus
1000 3287 1070 3352 eius
1093 3309 1165 3371 per·
1218 3288 1366 3354 infideles
1394 3296 1541 3355 utuntur.
1587 3288 1694 3354 Offert
1724 3291 1808 3353 enim
1836 3308 1906 3354 sese
1928 3289 2029 3354 verbo
2056 3307 2127 3363 suo,
2156 3291 2190 3349 ut

193 3375 291 3439 ficiat.
329 3372 444 3436 Induit
461 3372 549 3436 enim
568 3392 741 3455 personam
759 3373 845 3436 servi
863 3373 959 3436 simul
977 3394 1051 3438 eum
1069 3394 1167 3440 earne
1219 3397 1277 3440 nos
1300 3375 1441 3441 vicissim
1462 3376 1503 3440 ad
1526 3378 1631 3459 ipsum
1655 3373 1853 3439 accedamus.

193 3470 322 3525 nostra:
345 3468 442 3541 atque
465 3458 526 3522 hoc
549 3469 697 3539 respectu
721 3480 786 3521 non
810 3457 950 3523 absurde
968 3459 1060 3540 quasi
1081 3482 1167 3525 unus
1305 3462 1334 3525 t.
1370 3459 1612 3546 (Derelinquat.)
1662 3460 1845 3527 Oonfirmat
1879 3459 2081 3541 superiorem
2118 3477 2190 3523 sen·

194 3569 237 3612 ex
260 3546 398 3609 aliorum
422 3563 559 3607 numero
581 3544 750 3608 subiicitur
771 3544 865 3626 patri.
905 3543 1080 3609 (1111111111
1103 3568 1168 3610 me
1219 3547 1365 3611 tentiam.
1421 3547 1503 3612 Nam
1537 3568 1637 3630 quum
1670 3547 1762 3627 prius
1794 3545 1835 3610 ad
1874 3543 2097 3627 recipiendam
2131 3543 2190 3608 Dei

194 3633 298 3696 moria
321 3630 498 3694 tenendum
527 3637 577 3693 est
607 3627 693 3711 quod
720 3631 785 3693 iam
812 3631 942 3711 saepius
964 3630 1105 3696 vidimus
1127 3631 1167 3696 de
1218 3634 1359 3716 gratiam
1392 3634 1540 3698 homines
1569 3633 1744 3707 vocaverit,
1775 3652 1861 3697 nune
1890 3632 1961 3695 eius
1987 3628 2191 3714 recipiendae

195 3717 312 3798 eapitis
334 3728 367 3778 et
388 3715 607 3778 membrorum
630 3714 871 3781 coniunctione:
902 3716 978 3798 quia
999 3713 1041 3779 ad
1063 3725 1167 3783 totum
1218 3718 1351 3783 modum
1382 3718 1510 3801 plenius
1539 3717 1701 3784 describit.
1749 3717 1877 3783 Scimus
1906 3718 1992 3781 enim
2022 3724 2061 3781 ut
2089 3716 2191 3802 hypo·

196 3822 313 3884 eorpus
333 3802 473 3881 pertinet
491 3799 576 3896 qued
596 3799 635 3863 de
650 3799 782 3864 Christo
802 3822 889 3865 nunc
909 3802 1036 3866 dicitnr.
1073 3803 1166 3867 Ideo·
1219 3806 1319 3869 ericae
1339 3805 1441 3887 plenis
1460 3804 1569 3870 buccis
1587 3806 1694 3869 Deum
1712 3802 1889 3868 inclament
1909 3803 2036 3886 quoties
2054 3802 2190 3869 levatio·

196 3908 258 3969 que
281 3885 472 3968 glorificatio
496 3896 553 3947 toti
575 3884 728 3949 eeclesiae
750 3887 931 3950 eommunis
953 3897 1013 3952 est.
1054 3887 1167 3968 Quan-
1219 3911 1294 3954 nem
1317 3896 1477 3971 expetunt
1498 3892 1534 3954 in
1552 3892 1618 3955 suis
1644 3889 1745 3966 malis,
1767 3889 1899 3954 interim
1929 3889 2115 3971 1111111111
2135 3907 2192 3953 sua

198 3992 293 4055 quam
329 3973 503 4052 primatum
537 3990 663 4052 semper
696 3971 820 4034 obtinet
852 3971 1013 4051 Christus,
1045 3975 1100 4054 qui
1132 3975 1167 4037 in
1220 3977 1343 4040 animos
1366 3977 1526 4041 obserent.
1570 3976 1660 4059 Ergo
1683 3996 1723 4040 ne
1744 3975 1853 4039 fucum
1876 3975 1999 4040 faciant
2021 3973 2138 4040 Iudaei
2158 3974 2191 4039 in

197 4056 334 4122 sublime
361 4067 502 4132 evectus,
533 4076 631 4139 supra
661 4064 762 4118 totum
794 4055 947 4120 mundum
976 4059 1102 4134 eminet,
1132 4065 1169 4121 ut
1221 4061 1404 4142 quaerendo
1426 4061 1508 4138 Deo,
1534 4061 1574 4125 ad
1597 4062 1755 4126 sinceram
1778 4062 1931 4142 pietatem
1955 4080 2009 4125 eoe
2032 4060 2194 4127 hortatur.

198 4141 238 4208 ad
262 4162 335 4205 eum
358 4162 532 4206 concursus
550 4143 608 4206 fiat
626 4141 768 4203 omnium
786 4142 941 4223 gentium.
979 4143 1019 4206 ln
1035 4165 1168 4221 summa,
1220 4146 1317 4210 Unde
1345 4147 1528 4229 colligimus
1558 4146 1778 4228 poenitentiae
1808 4146 1988 4211 doctrinam
2018 4165 2095 4211 eum
2123 4167 2194 4230 pro·

198 4228 341 4293 ostendit
364 4227 510 4291 homines
532 4226 604 4290 ideo
633 4244 748 4307 parere
770 4225 912 4305 Christe,
941 4234 973 4292 11
1003 4229 1170 4294 doetrinae
1221 4232 1375 4296 missione
1397 4232 1512 4297 salutis
1542 4240 1700 4314 perpetuo
1722 4233 1982 4315 coniungendam
2002 4252 2092 4298 esse:
2120 4233 2195 4314 quia

197 4315 266 4379 eius
296 4333 331 4376 se
361 4311 527 4389 subiicere,
561 4311 645 4393 quod
680 4311 770 4374 Deus
801 4311 904 4391 ipsum
938 4313 1103 4393 extulerit,
1137 4321 1170 4379 et
1222 4337 1287 4380 non
1311 4318 1405 4380 aliter
1428 4323 1565 4398 pessunt
1587 4319 1733 4383 homines
1759 4328 1891 4400 gustare
1919 4317 2101 4383 honitatem
2122 4317 2196 4395 Dei,

198 4401 268 4465 eius
301 4396 527 4462 excellentiam
562 4397 687 4462 eunctis
727 4396 915 4461 mortalibus
948 4399 1030 4461 velit
1062 4411 1170 4465 notam
1222 4421 1319 4483 quam
1341 4404 1368 4464 si
1390 4401 1582 4483 displiceant
1603 4404 1665 4469 sibi
1686 4405 1721 4467 in
1748 4405 1887 4485 peccatis
1909 4404 1985 4482 suis,
2013 4403 2142 4488 sibique
2163 4412 2196 4469 et

198 4504 279 4549 esse.
319 4483 440 4547 Parum
460 4483 544 4544 enim
564 4482 685 4563 alioqui
708 4480 873 4563 prodesset
895 4485 1055 4566 evangelii
1078 4504 1170 4566 prae·
1222 4485 1343 4550 mundo
1365 4489 1564 4553 renuntient.
1600 4489 1668 4553 Nec
1691 4490 1962 4571 veroquisquam
1985 4488 2059 4555 Deo
2082 4510 2195 4556 recen·

199 4568 326 4644 dicatio,
358 4569 421 4631 nisi
445 4567 534 4630 Deus
557 4588 616 4648 per
643 4568 793 4650 spiritum
816 4565 982 4631 doetrinae
1004 4590 1084 4633 suae
1105 4570 1170 4635 vim
1222 4572 1327 4637 ciliari
1359 4584 1391 4636 et
1424 4575 1647 4639 remissionem
1684 4586 1889 4657 peccatorum
1923 4576 2078 4657 consequi
2111 4577 2195 4642 serio

199 4668 232 4720 et
254 4655 429 4720 efficaciam
454 4652 554 4750 duret·
1223 4666 1374 4739 appetet,
1408 4657 1470 4721 nisi
1503 4661 1558 4741 qui
1591 4680 1668 4724 vero
1702 4658 1915 4743 resipiscendi
1948 4660 2057 4727 studio
2090 4670 2196 4725 tactus

285 4742 315 4804 6.
346 4737 506 4822 (Quecrste
536 4736 708 4817 Ielrceem).
754 4738 931 4818 Postquam
964 4739 1171 4804 concionatus
1223 4743 1329 4806 luerit.
1374 4743 1494 4807 'l'ribus
1513 4754 1618 4809 autem
1638 4746 1791 4829 loquendi
1811 4745 1926 4810 formis
1944 4754 2100 4811 naturam
2122 4768 2196 4829 poe·

199 4834 249 4892 est
272 4825 312 4888 de
334 4825 480 4907 profectu
510 4823 670 4904 evangelii
700 4826 786 4887 inter
816 4826 939 4905 gentes,
969 4843 1052 4903 quae
1081 4825 1171 4906 prius
1195 4874 1198 4927 Ι
1223 4827 1378 4890 nitentiae
1397 4826 1554 4894 declarat:
1575 4832 1790 4914 Derelinquat
1806 4832 1925 4913 impius
1946 4833 2050 4896 viam:
2070 4831 2198 4911 deinde,

201 4913 326 4976 alienae
356 4910 488 4973 fuerant
508 4929 527 4971 a
549 4928 649 4988 regno
678 4907 752 4984 Dei,
783 4907 928 4971 stimulat
957 4907 1105 4985 Iudaeos,
1135 4921 1171 4974 ut
1195 4950 1198 5033 ι
1223 4912 1285 4974 Vir
1307 4913 1436 4993 iniquus
1456 4916 1669 4997 cogitationes
1691 4938 1783 4983 suas:
1806 4918 1912 4997 tertio,
1934 4917 2139 4983 Revertatur
2155 4920 2196 4984 ad

199 4998 285 5078 ipsos
309 4994 430 5080 pudeat
452 4993 657 5058 currentibus
680 4993 751 5056 aliie
775 4991 928 5056 desidere.
970 4994 1053 5056 Nam
1074 5014 1170 5074 quum
1195 5054 1198 5061 ,
1224 4995 1408 5060 Dominum.
1451 4998 1527 5063 Viae
1549 5004 1679 5066 nomine
1702 5010 1802 5068 totam
1822 5005 1909 5067 11111
1927 5003 2092 5070 rationem
2111 5025 2197 5070 eom·

201 5083 307 5146 vocati
337 5083 405 5144 sint
434 5081 543 5162 priore
575 5078 653 5155 loeo,
684 5086 857 5157 postremos
887 5098 956 5141 esso
990 5090 1083 5159 turpe
1113 5088 1170 5144 111.
1224 5082 1405 5162 prehendit,
1429 5095 1525 5164 atque
1547 5086 1594 5149 111
1612 5088 1724 5170 exigit,
1748 5096 1785 5153 ut
1807 5089 1930 5153 fructus
1952 5088 2100 5157 iustitiae
2124 5112 2197 5173 pro·

200 5168 293 5233 Haec
316 5167 416 5249 igitur
438 5163 622 5230 exhortatio
645 5162 773 5244 proprie
799 5163 838 5225 ad
862 5163 998 5227 Iudaeos
1021 5164 1171 5245 pertinet,
1196 5226 1199 5241 ,
1224 5169 1330 5229 111111
1359 5170 1514 5234 novitatis
1544 5192 1621 5235 suae
1651 5178 1759 5239 testes.
1811 5173 1969 5239 Addendo
1997 5179 2198 5260 capitutiom

201 5254 318 5337 quibus
358 5253 551 5334 proponitur
591 5249 737 5333 gentium
780 5250 970 5329 exemplum,
1012 5257 1046 5312 ut
1086 5250 1172 5331 ipsas
1196 5248 1200 5299 1
1224 5252 1385 5333 signifieat
1403 5275 1468 5318 nen
1486 5255 1589 5319 solum
1608 5263 1760 5324 externos
1779 5269 1870 5326 actus
1888 5262 2099 5345 corrigendos
2118 5285 2198 5341 esse,
