4784 5970
197 372 259 438 ras
1027 377 1365 445 oarunxnvrn.
1885 456 1888 461 ,
2126 382 2188 447 rae

196 568 427 646 superaturum
464 565 573 645 docet,
614 564 698 648 quod
739 566 895 650 populum
928 588 1023 632 sunm
1061 568 1169 652 perire
1193 575 1198 716 J
1220 569 1362 632 filiorum
1392 569 1554 632 miseriam
1585 568 1740 653 deplorat.
1784 569 1853 633 Nco
1879 569 1965 632 enim
1989 566 2188 650 voluptatem

199 650 289 724 nolit,
311 651 442 716 tametu
465 650 506 715 ad
528 661 656 734 tempus
677 652 785 734 ipsum
809 654 876 718 alfii
920 659 943 718 t.
1221 654 1306 736 capit
1323 675 1365 718 ex
1384 653 1478 717 malis
1494 654 1624 734 uostris,
1647 675 1753 737 neque
1772 674 1906 720 severus
1925 663 1982 730 est,
2005 653 2068 717 nisi
2087 674 2188 735 quum

296 736 417 802 Docere
438 741 466 800 lc
486 735 626 823 utiliter.)
664 736 828 822 iutelligit
845 749 879 804 ta
892 759 945 802 em
963 758 1033 803 esse
1051 737 1169 804 doctri·
1193 722 1197 809 Ι
1220 739 1346 804 malitia
1374 749 1486 803 nostra
1514 740 1622 822 ipsum
1650 742 1803 825 cogimus.
1849 739 1909 804 Est
1931 739 2033 823 igitur
2054 738 2108 803 hio
2130 758 2187 803 an-

108 898 111 903 ·
197 841 273 885 uam
324 821 363 898 ei,
379 829 416 885 ut
433 822 589 906 populum
607 835 732 889 sartum
750 835 784 888 et
805 831 928 890 tectum
946 823 1044 910 (quod
1062 823 1168 909 aiunt)
1219 825 1458 908 thropopathia,
1475 826 1642 908 qaaDeus
1658 827 1903 891 comminentur
1921 824 2056 888 exitium
2075 845 2188 889 eorum

197 926 328 973 servare
358 909 466 989 possit,
495 909 523 972 si
553 907 648 972 modo
677 909 711 973 in
740 930 778 974 ea
805 911 1031 993 conquiescere
1059 908 1167 973 vellet.
1220 913 1275 994 qui
1294 919 1408 993 sponte
1427 913 1542 993 perire,
1565 932 1661 993 quam
1684 911 1766 976 salvi
1785 931 1856 976 esse
1874 910 2070 974 maluerunt.
2102 910 2188 974 Nam

197 994 303 1056 Docet
325 1002 434 1057 autem
457 1013 518 1058 nos
542 994 703 1060 Dominus
727 1017 791 1059 non
821 1016 881 1061 sua
909 1016 1016 1067 causa,
1046 995 1101 1059 sed
1131 1007 1168 1059 ut
1219 1005 1354 1082 paratus
1377 1005 1449 1060 erat
1470 995 1511 1060 ad
1527 996 1680 1061 beneficia
1701 998 1808 1062 omnis
1830 996 1959 1080 generis
1981 996 2187 1078 praestanda,

198 1078 295 1143 saluti
328 1089 458 1143 nostrae
495 1079 654 1144 consulat.
710 1080 797 1161 Quid
832 1082 918 1145 enim
954 1081 1103 1145 utilitatis
1136 1081 1166 1144 ei
1220 1084 1283 1147 nisi
1302 1089 1412 1147 nostra
1429 1084 1631 1148 contumacia
1649 1084 1755 1164 ipsum
1774 1082 2015 1165 repelleremus.
2049 1080 2188 1144 Interim

197 1166 313 1230 afferre
344 1165 535 1245 possemus?
580 1166 669 1249 Ergo
698 1187 756 1248 per
783 1165 962 1231 doctrinam
992 1165 1167 1248 unicuique
1219 1167 1304 1233 velle
1325 1167 1365 1232 ad
1389 1187 1544 1232 arcanum
1567 1168 1636 1231 eius
1658 1168 1829 1232 consilium
1859 1174 2039 1250 penetrare,
2070 1177 2103 1229 et
2125 1165 2187 1232 sci-

196 1262 347 1314 nostrum
370 1251 542 1333 prospicit:
572 1261 608 1314 ut
630 1271 667 1314 ea
689 1252 837 1317 instructi
872 1273 1027 1336 prospero
1057 1272 1166 1315 rerum
1219 1254 1329 1320 scitari
1363 1274 1421 1318 cur
1452 1274 1516 1317 uon
1551 1253 1712 1317 addiderit
1742 1253 1842 1317 verbo
1875 1261 2011 1316 externo
2051 1251 2188 1334 spiritus

197 1342 285 1400 statu
324 1336 479 1401 fruamur.
538 1334 605 1400 Sed
648 1357 745 1419 quum
784 1336 1020 1421 ingratitudine
1055 1342 1168 1402 nostra
1219 1339 1408 1414 efficaciam,
1435 1346 1679 1421 praeposterum
1701 1350 1801 1404 esset:
1832 1337 1962 1420 quando
1984 1336 2125 1402 hicnon
2147 1337 2188 1401 de

196 1421 380 1502 respuimus
402 1421 592 1486 beneficium
617 1421 702 1487 ultro
728 1424 882 1500 oblatum,
912 1423 990 1505 quid
1020 1430 1168 1504 superest
1219 1427 1291 1490 eius
1312 1426 1459 1506 potentia
1480 1425 1596 1507 agitur,
1619 1424 1676 1490 sed
1698 1432 1826 1488 tantum
1849 1425 1997 1505 arguitur
2019 1422 2187 1487 hominnm

197 1508 257 1570 nisi
281 1515 318 1570 ut
340 1507 457 1571 misere
479 1508 670 1589 pereamus?
716 1510 835 1574 Merito
863 1510 969 1592 itaque
991 1510 1167 1592 exprobrat
1220 1510 1365 1586 durities,
1390 1523 1427 1574 ut
1449 1508 1628 1574 reddantur
1649 1509 1897 1574 inexcusabiles.
1942 1507 2039 1572 Oerte
2062 1508 2187 1590 quoties

197 1591 328 1656 ludaeis
350 1591 462 1668 Isaiae,
493 1593 555 1657 nisi
583 1614 618 1657 se
647 1594 736 1675 ipsos
765 1595 969 1660 fraudassent
1000 1592 1167 1659 doctrinae
1220 1617 1279 1661 nos
1301 1595 1342 1660 ad
1360 1616 1395 1660 se
1414 1596 1504 1659 Deus
1525 1597 1652 1673 invitat,
1675 1597 1710 1658 in
1732 1597 1801 1659 ciue
1825 1595 1923 1659 verbo
1944 1601 2070 1658 constat
2092 1592 2188 1675 plena

197 1678 315 1755 fructu,
345 1676 426 1741 nihil
447 1677 532 1759 qnod
555 1678 633 1743 utile
656 1689 741 1745 esset
763 1681 796 1744 iu
818 1679 957 1745 salutem
980 1679 1080 1744 fuisse
1103 1679 1168 1745 illis
1218 1682 1372 1762 felicitas,
1405 1701 1489 1764 qnae
1522 1680 1666 1765 maligne
1688 1700 1707 1743 a
1729 1681 1821 1744 nobis
1850 1677 2048 1761 repudiatur.
2093 1678 2188 1743 Pacis

196 1763 345 1829 celatum.
390 1762 485 1842 Quod
508 1764 535 1827 si
558 1763 597 1828 de
620 1765 691 1848 lege
716 1765 797 1831 haec
826 1766 913 1832 dicta
941 1774 1030 1846 sunt,
1054 1765 1167 1830 Domi·
1220 1768 1350 1833 nomine
1379 1785 1552 1850 prosperos
1574 1786 1686 1831 omnes
1708 1786 1876 1831 successus
1903 1764 2079 1847 significari
2109 1764 2187 1828 alibi

196 1869 276 1914 num
299 1868 358 1931 per
379 1869 450 1912 eam
474 1849 596 1913 utiliter
618 1849 775 1933 populum
797 1872 891 1916 suum
911 1850 1066 1934 docuisse,
1089 1850 1167 1933 quid
1220 1853 1373 1917 diximus.
1429 1851 1571 1917 Perinde
1607 1873 1685 1934 ergo
1721 1861 1769 1916 est
1807 1872 1844 1915 ao
1876 1852 1904 1916 si
1937 1850 2075 1914 diceret:
2114 1849 2187 1913 Tibi

198 1936 239 2000 de
261 1933 433 2016 evangelio
456 1934 609 2012 dicemus,
640 1956 704 2017 quo
732 1937 919 2018 plenissime
947 1937 1056 2002 omnia
1086 1957 1167 2018 quae
1220 1939 1383 2003 uberrima
1416 1939 1575 2002 bonorum
1608 1938 1753 2001 omnium
1785 1938 1878 2019 copia
1910 1935 2001 2018 large
2030 1935 2189 2013 fluxisset,

198 2020 292 2085 uobis
315 2019 407 2084 utilia
429 2032 506 2085 sunt
527 2020 753 2086 declarantur?
792 2022 879 2087 Hinc
902 2023 1000 2086 etiam
1023 2031 1168 2105 apparet,
1222 2045 1280 2088 nec
1309 2023 1453 2088 timenda
1486 2024 1600 2087 luisset
1628 2023 1694 2087 ulla
1723 2023 1877 2098 mutatio,
1913 2021 1990 2103 quia
2020 2040 2188 2103 nunquam

202 2125 297 2188 quam
331 2106 529 2170 exsecranda
561 2107 604 2169 sit
637 2106 837 2189 blasphemia
870 2109 1081 2192 papistarum,
1113 2108 1167 2188 qui
1221 2109 1381 2174 exarescit
1404 2109 1465 2173 Dei
1491 2109 1672 2173 benedictio
1694 2128 1772 2191 erga
1794 2110 1872 2190 pios.
1918 2105 2079 2170 Iustitiam
2100 2125 2188 2184 vero,

199 2190 415 2274 periculosam
433 2211 471 2256 ao
490 2192 621 2255 noxiam
640 2213 711 2256 esse
728 2213 839 2259 sacrae
857 2196 1036 2278 scripturae
1058 2192 1168 2258 lectio·
1221 2215 1318 2277 quam
1340 2195 1411 2279 paci
1434 2195 1611 2277 coniungit,
1641 2213 1808 2276 possemus
1830 2211 1992 2275 exponere
2014 2191 2074 2270 ius,
2104 2190 2189 2273 quod

200 2297 276 2341 uem
295 2277 397 2353 aiunt,
420 2287 456 2341 ut
474 2276 636 2360 simplices
655 2279 695 2343 ab
713 2281 784 2345 eius
802 2279 938 2344 lectione
957 2278 1168 2345 absterreant.
1221 2281 1321 2365 vulgo
1347 2280 1498 2364 dicimus,
1532 2281 1598 2345 Yon
1618 2279 1675 2344 bort
1696 2280 1802 2344 dauid.
1847 2277 1913 2343 Sed
1936 2276 2021 2340 malo
2046 2277 2190 2341 iustitiae

200 2365 252 2426 An
285 2382 363 2425 vcro
396 2375 535 2445 arguent
564 2362 673 2435 Deum
704 2363 873 2448 mendacii,
906 2367 961 2448 qui
994 2364 1168 2429 utilitatem
1222 2368 1352 2431 nomine
1381 2365 1564 2449 intelligere
1591 2374 1713 2430 statum
1738 2365 1934 2447 reipublicae
1964 2363 2084 2445 optime
2113 2381 2190 2427 con·

198 2451 268 2512 eius
291 2446 533 2529 praedicatore
562 2447 761 2532 prophetae?
791 2470 832 2512 an
856 2451 917 2516 sibi
941 2453 1168 2533 potiusquam
1222 2455 1383 2532 stitutum,
1416 2453 1449 2516 in
1473 2474 1536 2535 qua
1558 2451 1681 2517 scilicet
1713 2451 1823 2515 omnia
1855 2451 1919 2515 rite
1948 2455 2047 2529 atque
2076 2447 2191 2512 ordine

198 2534 269 2597 Deo
303 2532 402 2597 fidem
434 2531 546 2598 haberi
579 2534 718 2599 volunt?
762 2535 808 2601 Ut
841 2537 1061 2619 blasphemias
1093 2556 1170 2600 suas
1222 2538 1512 2602 administrantur:
1546 2558 1583 2602 ac
1612 2539 1639 2602 si
1669 2537 1806 2601 diceret:
1839 2534 1961 2600 Omnia
1994 2533 2081 2596 domi
2110 2534 2192 2598 benc

199 2617 404 2701 impudenter
425 2626 588 2701 evomant,
619 2641 677 2684 nos
707 2630 794 2685 certe
816 2620 862 2685 ab
885 2623 948 2686 hoc
979 2620 1086 2686 studio
1115 2622 1170 2686 ab·
1222 2623 1401 2706 composita
1424 2623 1602 2699 habuisses,
1629 2633 1724 2704 atque
1747 2618 1945 2685 abundasses
1967 2622 2058 2700 copia
2080 2638 2191 2682 rerum

199 2705 272 2769 duci
306 2724 370 2767 uon
399 2704 498 2768 decet.
550 2705 635 2768 Nam
669 2727 704 2769 re
737 2707 809 2789 ipsa
838 2708 1042 2789 experiemur
1072 2727 1169 2787 quam
1222 2711 1376 2772 omnium.
1422 2710 1471 2773 Ac
1494 2708 1611 2772 merito
1640 2707 1727 2771 hunc
1758 2714 1880 2770 statum
1910 2704 1981 2787 paci
2010 2703 2190 2785 coniungit.

199 2811 274 2855 vere
296 2790 450 2871 loquutus
472 2790 514 2853 sit
536 2790 646 2868 Isaiae,
676 2791 704 2855 si
727 2810 836 2855 sacras
859 2793 969 2856 literas
999 2793 1049 2875 pie
1078 2812 1169 2855 reve·
1222 2793 1306 2857 Nam
1329 2813 1445 2857 eversa
1467 2793 1581 2875 politia
1602 2793 1712 2857 omnia
1734 2811 1864 2875 pessum
1887 2799 1966 2854 suut
1986 2798 2082 2870 atque
2100 2807 2191 2852 ever·

199 2884 374 2956 renterqne
397 2882 583 2938 tractemus.
1194 2879 1197 2945 Ι
1222 2888 1351 2943 tantur:
1374 2898 1434 2943 nec
1456 2878 1526 2943 fieri
1549 2876 1732 2943 ullomodo
1755 2883 1921 2960 potestat
1944 2895 2022 2957 pace
2044 2874 2192 2938 fruamur

284 2960 451 3043 (Diripcus
484 2958 534 3043 te.)
592 2960 656 3026 His
686 2961 796 3026 verbis
837 2962 954 3026 clarius
986 2961 1170 3026 ostenditur
1222 2966 1249 3028 si
1274 2965 1413 3043 iustitia,
1446 2962 1480 3027 id
1508 2974 1574 3047 est,
1607 2962 1784 3045 aequabilis
1817 2973 1850 3025 et
1880 2960 2047 3025 moderata
2080 2980 2191 3024 rerum

201 3047 323 3110 utilitas
345 3047 436 3110 cuius
467 3066 571 3127 nuper
599 3048 757 3112 meminit.
802 3046 976 3131 Significat
1003 3048 1089 3111 enim
1120 3067 1168 3110 sa·
1222 3049 1460 3115 administratio
1487 3049 1578 3114 desit.
1625 3049 1713 3131 Ergo
1734 3049 1760 3113 si
1784 3047 1872 3131 pacis
1902 3045 2038 3112 studiosi
2067 3066 2191 3121 sumus,

202 3133 277 3196 lutis
310 3132 397 3195 viam
432 3132 525 3194 nobis
558 3134 743 3210 monstrari,
777 3135 806 3197 si
839 3134 946 3198 Deum
973 3133 1168 3214 loquentem
1221 3135 1317 3199 simul
1340 3134 1465 3200 felicem
1496 3134 1583 3200 huuc
1606 3141 1727 3199 statum
1757 3143 1922 3215 optemus,
1952 3131 2005 3196 cui
2027 3131 2191 3196 Dominus

199 3217 379 3281 audiamus.
435 3217 577 3282 Paratus
609 3219 694 3282 enim
730 3230 779 3282 est
815 3240 850 3284 se
889 3218 981 3284 nobis
1013 3217 1168 3300 praebere
1221 3220 1399 3285 benedicat.
1445 3219 1587 3299 Quidam
1616 3217 1670 3282 hio
1698 3217 1970 3301 philosophantur
2000 3215 2040 3280 de
2063 3216 2191 3281 iustitia

200 3304 314 3366 ducem
337 3311 404 3364 toto
427 3303 513 3366 vitae
535 3313 663 3368 nostrae
693 3325 798 3384 cursu,
828 3305 856 3370 si
884 3305 980 3370 modo
1008 3306 1068 3385 ipsi
1099 3322 1168 3367 mo·
1221 3305 1401 3390 spirituali,
1436 3317 1468 3370 et
1502 3306 1691 3370 remissione
1724 3314 1944 3386 peccatorum:
1978 3302 2034 3365 sed
2066 3322 2190 3384 vagan-

199 3409 267 3452 rem
302 3407 414 3470 gerere
449 3388 596 3452 velimus.
651 3388 723 3454 Hoc
761 3391 856 3455 modo
888 3397 1027 3456 testatur
1059 3390 1169 3454 Moses
1221 3405 1275 3456 tur
1312 3401 1406 3457 extra
1442 3389 1619 3474 prophetae
1659 3399 1818 3466 mentem,
1864 3408 1945 3471 quae
1982 3387 2121 3469 simplex
2158 3397 2190 3450 et

199 3472 312 3557 (Dent.
336 3472 387 3553 30,
411 3473 465 3558 19)
495 3495 529 3537 se
551 3475 670 3557 populo
692 3475 794 3540 vitam
824 3485 856 3540 et
885 3488 1021 3540 mortem
1053 3496 1168 3559 propo·
1221 3487 1333 3560 aperta
1355 3487 1414 3541 est.

200 3561 313 3624 suisse.
355 3559 449 3635 Item,
470 3559 563 3623 Haeo
585 3571 633 3624 est
656 3561 717 3640 via,
745 3561 908 3625 ambulate
933 3563 968 3625 in
992 3582 1039 3625 ea.
1083 3561 1169 3625 Nam
1307 3562 1356 3627 19.
1384 3561 1527 3637 (Fuisset
1547 3566 1696 3642 tuaquom
1719 3579 1818 3623 arcuo
1839 3577 1941 3622 semen
1962 3556 2072 3642 tuom.)
2116 3555 2189 3622 Hoc

197 3644 310 3729 regula
332 3644 414 3708 bene
436 3643 568 3709 vivendi
590 3646 775 3712 continetur
795 3648 828 3710 iu
852 3647 933 3730 lege,
954 3666 1036 3728 quae
1057 3646 1170 3710 lallare
1221 3668 1348 3730 quoque
1380 3647 1420 3711 ad
1451 3647 1575 3711 felicem
1606 3645 1707 3709 vitam
1741 3644 1898 3726 pertinet,
1931 3650 2030 3723 qudm
2064 3642 2190 3707 soboles

198 3750 262 3793 non
285 3738 401 3811 potest.
438 3730 520 3813 Ego,
542 3731 1169 3816 inquithioses(Deut.30,16),prae·
1221 3733 1402 3807 succrescit,
1428 3733 1521 3797 cuius
1543 3752 1603 3813 ope
1626 3750 1741 3796 senum
1763 3728 1889 3792 labores
1911 3728 2134 3808 subleventur,
2157 3738 2190 3792 et

199 3817 282 3898 cipio
305 3815 363 3877 tibi
391 3814 488 3878 hodie
516 3825 553 3879 ut
581 3817 697 3899 diligas
724 3817 904 3881 Dominum
927 3817 1036 3881 Deum
1064 3826 1168 3897 tuum,
1220 3840 1302 3900 quae
1336 3820 1465 3883 resistat
1492 3816 1687 3881 adversariis
1716 3815 1751 3877 in
1781 3822 1884 3898 porta.
1935 3813 2073 3878 Liberos
2102 3814 2189 3877 enim

198 3899 346 3965 ambules
368 3899 402 3962 in
426 3901 489 3962 viis
520 3903 598 3981 eius,
629 3912 663 3966 et
693 3912 865 3985 praecepta
896 3903 966 3967 eius
995 3901 1167 3978 custodias,
1192 3884 1195 3973 l
1220 3904 1377 3969 eiusmodi
1398 3904 1526 3986 sagittis
1545 3901 1654 3967 valida
1671 3920 1771 3964 manu
1792 3899 1897 3964 missis
1913 3898 2188 3985 pertusurae)

198 3994 324 4052 statuta
346 3994 378 4048 et
403 3983 520 4050 iudicia
543 3988 622 4063 eius,
647 3990 687 4050 ut
709 3988 802 4053 vivas
824 3997 857 4053 et
878 3988 1112 4071 multipliceris,
1135 3999 1169 4051 et
1219 4001 1398 4071 comparat:
1420 4009 1457 4053 ao
1476 3988 1605 4052 beatum
1624 3987 1815 4069 pronuntiat
1833 4005 1906 4049 eum
1926 3986 1982 4066 qui
1999 3982 2187 4066 pharetram

104 4092 117 4109 '
197 4071 367 4138 benedicat
396 4070 455 4136 tibi
486 4071 649 4136 Dominus
677 4074 712 4136 in
744 4083 831 4138 terra
864 4073 905 4139 ad
938 4095 1035 4156 quam
1069 4072 1169 4154 possi·
1220 4096 1260 4139 ex
1279 4076 1428 4140 iissuam
1448 4074 1607 4156 implevit:
1631 4072 1741 4148 idest,
1763 4071 1878 4135 talium
1902 4069 2078 4133 liberorum
2096 4070 2188 4152 copia

198 4158 338 4222 dandam
361 4157 478 4240 pergis.
525 4157 663 4222 Summa
685 4168 744 4242 est,
772 4180 836 4224 non
867 4160 999 4225 destitui
1022 4158 1074 4223 vel
1096 4157 1168 4222 luco
1219 4160 1373 4225 abundat.
1419 4159 1528 4239 Quum
1558 4178 1671 4224 cronos
1700 4157 1897 4222 mentionem
1926 4154 2013 4234 lacit,
2043 4154 2188 4219 alludere

198 4243 442 4325 intelligentiae,
465 4243 516 4307 vel
544 4243 685 4322 oonsilio,
715 4246 897 4327 quicunque
919 4246 959 4310 ad
989 4244 1168 4328 parendum
1220 4246 1350 4310 videtur
1380 4245 1420 4309 ad
1450 4245 1694 4327 promissionem
1725 4261 1807 4325 quae
1833 4241 1986 4305 Abrahae
2016 4238 2090 4304 data
2120 4253 2185 4305 est:

197 4340 274 4393 sunt
298 4327 425 4411 dociles,
1219 4332 1446 4414 Multiplicabo
1466 4351 1576 4394 semen
1595 4339 1689 4393 tuum
1707 4329 1791 4394 sicut
1808 4327 1919 4392 stellas
1937 4326 2029 4404 coeli,
2047 4335 2080 4388 et
2094 4326 2187 4390 velut

286 4414 334 4477 18.
362 4412 406 4495 (0
426 4415 456 4478 si
478 4414 660 4479 otendisacs
681 4414 723 4479 od
743 4416 894 4481 monticlo
914 4416 1014 4503 mccl)
1057 4414 1167 4495 Quum
1220 4438 1353 4482 arenam
1382 4438 1463 4498 quae
1494 4425 1542 4479 est
1564 4417 1598 4479 in
1621 4415 1716 4479 litore
1738 4414 1847 4477 maris.
1893 4415 1941 4478 Ac
1964 4413 2078 4494 repetit
2109 4433 2186 4477 eau-

198 4498 335 4581 popnlus
358 4501 512 4580 conqueri
534 4510 643 4582 posset
661 4499 748 4583 quod
765 4503 797 4563 in
817 4503 968 4566 exsilium
987 4503 1167 4578 duceretur,
1220 4504 1292 4568 dem
1315 4503 1510 4567 sententiam
1535 4500 1673 4566 diversis
1695 4498 1803 4564 verbis
1825 4518 1914 4562 more
1936 4498 2101 4576 hebraico,
2126 4519 2186 4581 pro

197 4584 356 4668 propheta
371 4584 593 4649 murmuribus
608 4587 1044 4653 occurrerevolenscausam
1060 4595 1166 4650 notat:
1219 4589 1343 4655 semine
1379 4607 1504 4671 ponens
1540 4587 1625 4651 lilios
1661 4594 1695 4649 et
1727 4584 1854 4668 lapillos
1889 4605 1947 4667 pro
1980 4603 2088 4648 arena.
2144 4585 2185 4647 In

197 4669 285 4752 quod
316 4669 438 4734 scilicet
473 4670 638 4735 doctrinae
670 4671 804 4736 salutari
832 4693 898 4736 uon
929 4672 1030 4737 dedit·
1049 4671 1165 4748 locum,
1219 4693 1354 4753 summa,
1383 4673 1526 4739 ostendit
1553 4671 1707 4755 populum
1735 4670 1897 4736 obstitisse
1920 4670 1990 4734 Deo
2013 4670 2185 4750 quominus

197 4776 258 4821 nec
291 4753 395 4818 ullum
428 4774 470 4818 ex
503 4775 541 4820 ea
577 4755 719 4821 fructum
759 4757 925 4839 percipere
963 4756 1164 4823 sustinuerit.
1217 4759 1439 4841 promissionis
1473 4758 1561 4822 illius
1592 4758 1732 4822 fructum
1766 4756 1955 4839 perciperet.
2000 4754 2117 4818 Postea
2144 4754 2185 4819 ad

199 4839 346 4905 Dubium
375 4859 453 4904 vero
480 4861 546 4904 non
579 4850 630 4905 est
662 4843 739 4923 quin
773 4840 896 4907 alludat
929 4843 968 4907 ad
991 4844 1164 4909 Canticum
1217 4846 1491 4927 interruptionem
1518 4844 1643 4925 gratiae
1674 4841 1886 4918 descendens,
1919 4840 2038 4907 clarius
2066 4861 2184 4923 expro-

199 4926 310 5001 Mosis,
338 4925 395 4990 ubi
417 4923 529 4990 eadem
552 4926 618 4990 lere
640 4927 793 5009 loquendi
817 4930 920 4992 forma
947 4928 1101 4993 habetur:
1134 4927 1164 4993 Ο
1217 4931 1305 5006 brat,
1339 4951 1440 5012 quum
1471 4927 1664 4993 mirabiliter
1691 4928 1815 4994 collecti
1845 4937 1954 4991 essent
1983 4923 2047 4987 Dei
2075 4946 2184 5005 mauu,

199 5012 240 5094 si⁸
259 5018 427 5094 saperent,
468 5020 563 5092 atque
595 5012 834 5096 intelligerent!
868 5012 980 5099 (Dent.
1010 5015 1067 5094 32,
1099 5014 1163 5100 29).
1216 5016 1394 5098 quaesitam
1423 5014 1552 5080 abillis
1582 5014 1682 5079 fuisse
1711 5013 1967 5096 dissipationem.
2012 5009 2098 5074 Nam
2126 5034 2185 5094 per

199 5099 252 5163 stt
278 5097 420 5180 optantis
448 5107 511 5173 est,
543 5095 573 5161 Ο
601 5098 644 5162 sil
675 5099 726 5163 vel
749 5098 893 5164 Utinam.
933 5100 1007 5163 Nou
1035 5109 1162 5163 tantum
1215 5120 1325 5167 nomeu
1345 5100 1502 5183 intelligit
1523 5099 1704 5184 legitimum
1729 5098 1839 5183 populi
1861 5107 1992 5174 sutum,
2023 5098 2077 5180 qui
2099 5119 2184 5164 sem·

198 5184 382 5265 expostulat
405 5182 569 5248 Dominus
590 5204 665 5248 cum
688 5184 826 5263 Iudaeis,
851 5183 936 5267 quod
961 5186 1164 5269 neglexerint
1216 5206 1274 5267 per
1291 5188 1463 5265 floruisset,
1487 5186 1548 5250 nisi
1567 5186 1800 5251 benedictionis
1821 5203 1936 5248 cursus
1957 5183 2072 5248 fuisset
2094 5204 2185 5251 aver-

199 5269 373 5334 utilitatem
411 5289 493 5350 quae
534 5269 611 5351 ipsis
657 5270 871 5337 offerebatur:
912 5270 968 5336 sed
1002 5281 1039 5335 ut
1069 5280 1163 5353 pater
1216 5292 1281 5338 sus.
1327 5271 1422 5353 Quod
1445 5282 1553 5337 autem
1575 5274 1729 5338 mom
1758 5270 1914 5354 populum
1936 5290 2014 5336 esse,
2028 5269 2121 5349 dicit,
2150 5271 2184 5335 id
